3436 4352
1197 139 2219 207 S0ME RECENT GERMAN LITERATURE.
1128 231 2267 301 Den EINSAME Wro. By A. Scnwirzu#n. (Fischer, Berlin,
1206 290 1324 342 2m.)
1135 310 2109 382 Dra Mzisren. By H. Bann. (Fischer, Berlin, 2m.)
1138 376 2264 424 Diazoc vom Taaoisenzy. By H. Bann. (Fischer, Berlin, 2m.)
1143 422 2239 472 Das Heimassresr. By G. Fannsszn. (Grote, Berlin, 2m.)
1143 466 2172 509 Wananerr. By F. O. Busz. (G. Schuhr, Berlin, 3m.)
1130 511 2272 570 Den Prakknn von Bazireyponr. By W. v. Polznz.
1204 550 1791 605 (Fontane, Berlin, 2 vols., Sm.)
1128 586 2282 658 Das Schuarnans Hn. By C. Virnic. (E. Fleischel,
1167 635 1437 697 Berlin, Cm.)
1144 675 2283 747 HERMANN Osirn. By G. O. KNoor. (E. Fleischel, Berlin,
1200 729 1426 788 3m. 50p.)
1161 766 2279 835 Pending the renaissance of the English theatre,
1130 838 2282 896 enthusiasts in London might well turn their attention to thé
1142 868 2275 919 literary drama of Vienna. Dr. Arthur Schnitzler, its prinel¬
1138 914 2253 954 pal exponent, is a writer to whom the questionof“ Stateald“
1137 950 2278 1009 is of less moment than the attainment of an artistio
1133 1011 2288 1059 purpose. That he can deal with the stage in the conventional
1130 1050 2291 1101 —i.e., the French—manner is sufficiently proved by bis
1137 1100 2282 1142 brilliant one-act plays, such as Der grüne Kakadu, orthe
1139 1141 2284 1189 later Lebendige Stunden, If he neglects the rules, as some
1141 1184 2290 1235 indigenous critics complain, in longer pieces, it is because
1129 1231 2286 1278 of a deliberate search for more adequate modes of expression.
1128 1281 2274 1324 The persons in his latest play, Der einsame Weg, speak a
1132 1316 2294 1367 Schnitzlerdialect, revealing themselves in finely chlselled
1142 1370 2281 1422 quotable language, like the people in Shakespeare, or Molière,
1135 1416 2291 1474 or Euripides. The wise, before they censure, will ask“ What
1139 1458 2286 1499 does the author intend ?“ He is obviously no realist in the
1137 1511 2278 1558 vulgar sense. His personages describe their emotions to
1146 1558 2291 1610 each other in whole pages of print, whereas introspective
1143 1594 2291 1649 persons in actual life for the most part carry on self-analysis
1139 1633 2283 1700 within their own bosoms—and hence the soliloquy is,
1142 1687 2286 1734 Frealism for realism, a better convention than the confidences
1128 1727 2282 1778 of a man to“ Charles, his friend.' Moreover, the action in
1146 1776 2291 1837 Der einsame Weg amounts to little more than a passive auffer¬
1146 1817 2294 1878 ance of the consequences of past conduct. It is a panorama,
1146 1863 2290 1921 in which flgures move across the stage, but do not meet and
1139 1910 2295 1959 clash. The title of the play doubtless gives thekey tothe
1135 1949 2287 2021 idea. The author means to give a picture of solitary lives,
1146 1996 2282 2060 and the very lack of action gives emphasis to the solitude.
1133 2037 2290 2113 In a desert, to meet and fight were better than not to meet.
1133 2106 2290 2157 It matters not then that we catch only a glimpse of certaln
1136 2133 2291 2194 of the characters as they pass. A too clear definition might
1180 2231 2285 2281 Of the two principal persons, both pleasure-seekers
1138 2278 2293 2336 (“ Geniesslinge''), the one, Julian Fichtner, seeks sensa¬
1148 2317 2296 2381 tion for its own sake, the other, Stephan von Sala, in
1139 2353 2299 2403 order to turn it to artistic account. Both find them¬
1139 2422 2292 2461 selves in middle life on a lonely road (der einsame Weg),
1137 2447 2298 2505 and fain to feed on husks. Julian reveals the secret of his
1141 2494 2289 2534 illegitimate paternity to Felix, the reputed son of Professor
1143 2541 2304 2582 Wegrath, in the hope that he may have a son’s affection to
1144 2603 2305 2639 cheer his declining years. But the young man is deaf to the
1146 2636 2289 2688 appeal of“ blood relationship. He acknowledges a debt not
1140 2675 2305 2731 to the parent to whom he owes merely his being, but to
1151 2719 2296 2768 Wegrath, who has given him a father’s care and affection all
1139 2764 2299 2823 his life. His sister Johanna, on the other hand, turns from
1141 2810 2290 2871 her actual parents and seeks satisfaction in her love for
1150 2857 2305 2913 the worn-out Sala. Gabriele, Wegrath’s wife, dies, her
1152 2900 2296 2959 former connexion with Julian unconfessed. Wegrath, the
1155 2959 2293 3001 simple, honourable man of seience, mourns the loss of
1138 2992 2292 3061 her, without suspicion of her lifelong deceit. Dr. Neu¬
1145 3045 2284 3094 mann, the family friend, another straightforward simple
1151 3085 2293 3151 person, finds it more natural to do his duty in life than to
1154 3135 2301 3188 indulge in wild adventure, but works without hope of reward
1148 3175 2299 3235 or of the affection which he desires from Johanna. The young
1152 3215 2298 3272 man Felix, the connecting link between all these solitaries,
1143 3275 2298 3319 alone seems able both to enjoy his own life, and to enter with
1155 3309 2300 3363 sympathy into the experiences of the others. The kernel of
1146 3353 2294 3412 the piece is contained in a dialogue in Act IV., in which
1146 3408 2291 3465 Julian, lamenting to Sala his inability to attach Felix to him¬
1146 3445 2293 3502 self, accuses his friend of never having loved“ a single being
1152 3504 1720 3559 on earth.“' Sala replies :—
1175 3546 2298 3596 And yon, Julian, as little as I. To love is to exist in the
1146 3582 2300 3625 world for the sake of another person. I do not say that is n desirable
1145 3634 2300 3671 condition, but in any case, I fancy, we were both far enough from it.
1263 3663 2302 3719 "Have we ever made a sacrifice from which either our senses or
1158 3696 2302 3743 our vanity did not gain some advantage? Have we ever hesitated to
1150 3732 2305 3777 betray or deceive honourable men, if we thereby could bo the richer by
1152 3778 2305 3819 ond hour of happiness or pleasure? Have we ever set our repose or our
1154 3816 2308 3872 life at stake—not out of caprice or vanity—nay, but to secure the well¬
1159 3858 2308 3905 being of a creature that had given itself to us?.. And could we
1154 3884 2296 3949 venture to demand back from a single being—man or woman—any
1158 3936 2298 4000 single thing that we had bestowed upon him? I do not menn such
1155 3982 2310 4021 things as jewelled pearl, or money, or cheap-bought wisdom, but a
1154 4007 2306 4065 piece of ourselves—an hour of our existence that we have really and
1160 4056 2341 4097 truly lost on their behalf without getting payment back for it imme¬
1160 4085 1806 4151 diately in one sort of coin or another.
1654 4126 1724 4162 —
