3436 4320
1458 243 1909 326 box 23/5
300 244 1300 347 18. Der eins#e Nen
980 1572 2141 1647 „Das weite Land“, Tragikomödie von Artur Schnitzler.
1502 1627 1846 1702 Erstaufführung.
1314 1671 2351 1748 „München-Hugsburger Abendzeitung“, 26. 4. 26.
1072 1716 1874 1796 „Die Seele ist ein Weites Land“ —
1868 1743 2400 1806 sagt jenarin dieser
972 1768 2393 1849 Tragikomödie. Und das ist das einzige Mal im Verlauf der funf¬
972 1819 2376 1885 langen Akte, wo man etwas von Seele merkt. Im übrigen steht
987 1850 2383 1921 auf der Bühne die von Schnitzler mit geübter Hand hinschablonierte
983 1895 2381 1958 österreichische Gesellschaft, nett, belanglos, ewig tennisspiélend,
973 1926 2373 2000 unnötig vom Anfang bis zum Ende, behaftet mit jener süßen
976 1964 2379 2058 Wurmstichigkeit, aus der sich die gewohnten Konflikte ergeben:
976 2007 1946 2071 einer betrügt immer den anderen. Liebelei —
1947 2018 2117 2074 Ehelel.
1068 2055 2380 2115 Zum Schluß wird einer erschossen, das ist nämlich das Tra¬
975 2098 2376 2161 gische. Zwischenhinein bemüht sich Schnitzler, in dem Fabrikanten
970 2110 2348 2187 Friedrich Hofreiter einen Gewalt- und Höhenmenschen zu ge¬
974 2154 2383 2231 stalten, der mit einer schon häufig dagewesenen Rücksichtslosigkeit
976 2202 2370 2260 über Leichen geht; in diesem Bemühen hat man wahrscheinlich
972 2249 2373 2319 das Komische zu erblicken. Also rechtfertigt sich die Bezeichnung
977 2284 2365 2357 „Tragikomödie“ für diese fortwährend durch Eheirrungen unter¬
966 2315 1603 2365 brochene Tennispartie. Ja, ja
1637 2333 2304 2389 die Seele ist ein weites Land!
1070 2364 2366 2423 Die Aufführung im Schauspielhaus war mindestens ebense be¬
969 2390 2374 2462 langlos, sofern man überhaupt etwas verstand; denn es scheint
969 2436 2370 2499 dort augenblicklich als besonders fein zu gelten, so leise zu
980 2474 2362 2546 sprechen, daß man jenseits der 8. Reihe nichts mehr hört; Fräu¬
976 2510 2368 2578 lein Anton, vermutlich eine begabte Schauspielerin, treibt diese
969 2546 2363 2607 sonderbare Finesse bis zur Unart. Neben ihr stand Forster Lar¬
960 2592 2371 2653 rinaga, verantwortlich für dié Spielleitung und für den Tod
968 2634 2373 2704 des kleinen Fähnrichs, den er, als Darsteller des obengenannten
973 2682 2363 2747 Gewaltmenschen, nicht ganz glaublicherweise durch einen Pistolen¬
973 2711 2354 2789 schuß verursacht hat. Diese Besetzung der Hauptrolle war ein
971 2744 2367 2807 Mißgriff. Wahrscheinlich hätte Otto Framer, der, als einzige
972 2784 2360 2857 wirklich lebendige und kräftige Gestalt, zu einer Episode verur¬
971 2826 2360 2899 teilt war, an Forsters Stelle dem ganzen Abend eine andere Note
961 2864 2366 2911 gegeben. Bleiben zu nennen Gertrud de Lalsky, Marie Ferron
959 2909 2369 2991 Kurt Katsch, Ewis Borkmann, Emil Heß und Ferdinand
953 2945 2239 3027 Classen: Die Teilnahme der Zuschauer blieb ebenso mäßig.
2061 2987 2308 3064 H. W. G.
1056 3055 1306 3142 nberg
2025 3078 2371 3161 Stadttheater
1123 3135 1669 3188 von Gerhart Hauptmann.
