3484 4448
1434 219 1907 325 box 23/1
302 223 1292 331 18. Der einsane Neg
1172 1033 1886 1097 dem er ihm selbst den Zusammenhang
1167 1100 1893 1146 offenbart. Felix, so hofft er mit der
1172 1137 1884 1187 naiven Selbstsucht des Künstlers, wird
1175 1184 1887 1249 ihm ohne Bedenken an die Brust flie¬
1181 1250 1879 1294 gen. Aber er täuscht sich. In an¬
1165 1284 1881 1340 derer Art, als er meint, hat Felix den
1175 1332 1885 1388 „Sinn für das Wesentliche“. Daß
1179 1391 1892 1447 Fichtner sein Vater, ist ihm eine
1182 1428 1885 1496 Wahrheit ohne Kraft, eine unfrucht¬
1176 1474 1887 1548 bare Tatsache, die ihn nur noch enger
1169 1532 1885 1593 an den Mann kettet, in dessen Haus
1171 1580 1891 1631 er geboren und auferzogen, der seine
1170 1624 1890 1691 Kindheit und Jugend geleitet und be¬
1181 1673 1889 1741 hütet, der seine Mutter geliebt hat.
1181 1733 1890 1791 So muß Julian Fichtner einsam den
1184 1782 1889 1841 Weg zu Ende gehen, auf dessen Höhe
1172 1838 1899 1887 ihn so viele Genüsse und Freuden und
1171 1871 1899 1936 so wenig eigenes Pflichtgefühl und
1184 1925 1898 1991 eigene Liebefähigkeit begleitet haben.
1240 1976 1894 2024 Wie ihm ergeht es seinem Freunde,
1178 2021 1894 2082 dem Herrn von Sala, einem skepti¬
1171 2082 1889 2128 schen Schöngeist, der in manchem ein
1172 2122 1899 2174 getreues Spiegelbild Fichtners ist,
1172 2170 1904 2234 nur daß er sich selbst ein gut Teil
1175 2217 1889 2279 weniger wehleidig nimmt als dieser
1180 2270 1895 2330 und sich im Grunde über die Taubheit
1182 2314 1899 2376 seiner Seele völlig klar zu sein scheint.
1186 2365 1905 2426 Nach einem an Schmuck und Reizen
1187 2422 1897 2465 überreichen, an wahrer Liebe armen
1192 2475 1906 2519 Leben findet er spät noch die Hin¬
1179 2507 1892 2575 gebung eines jungen Mädchens, der
1183 2572 1900 2619 Tochter Gabrielens, der, wie einst
1178 2613 1900 2671 ihrer Mutter, Schuldlosigkeit nicht die
1180 2667 1905 2714 höchste Tugend zu sein scheint. Aber
1182 2708 1899 2775 er hat dieses unverhoffte Glück zu
1180 2762 1895 2821 empfangen und zu vergelten keine
1193 2808 1904 2872 Kraft mehr. Als er erfährt, daß Jo¬
1186 2852 1899 2921 hanna in den Tod gegangen, weil
1193 2912 1899 2961 sie wußte, daß seine Tage und Stun¬
1188 2950 1898 3020 den gezählt, daß sie selbst aber nicht
1188 3004 1898 3067 stark genug, einen Kranken selbstlos
1178 3050 1899 3116 zu pflegen, da räumt auch er sich aus
1178 3103 1899 3168 dem Wege, ehe noch ein mächtigerer
1182 3145 1906 3211 es tut. Er erfüllt damit nur sein
1182 3201 1891 3260 Schicksal, das er klar und untrüglich
1192 3250 1908 3316 erkannt hat: „Und wenn uns ein Zug
1194 3298 1908 3358 von Bacchanten begleitet, den Weg
1183 3350 1903 3403 hinab gehen wir alle allein — wir,
1184 3395 1907 3463 die wir selbst niemandem gehört
1194 3448 1360 3513 haben.“
1225 3532 1335 3595 642
1962 1021 2631 1095 Die übrig bleiben, reichen sich in
1918 1077 2629 1147 seelischer Wahlverwandtschaft desto
1916 1133 2641 1197 fester die Hände: in der trübsten
1924 1185 2638 1246 Stunde seines Lebens, da er nach
1916 1238 2637 1288 seiner Frau auch seine Tochter ver¬
1921 1289 2643 1342 loren — beide haben ihm eigentlich
1921 1326 2635 1387 nie gehört —, schenkt sich dem alten
1919 1378 2630 1434 Wegrath, diesem kindlich Ahnungs¬
1923 1420 2642 1486 losen und Gütigen, Felix im Geiste
1917 1475 2642 1539 und in der Wahrheit als sein Sohn,
1922 1523 2635 1583 indem er dem alten Manne freudig
1924 1575 2642 1638 all seine eigenen heißesten Wünsche
1923 1619 2641 1679 und Hoffnungen opfert. Denn lieben
1922 1669 2643 1739 heißt: sich einem andern geben, ohne
1927 1719 2642 1784 den Gedanken an Vorteil oder Ge¬
1936 1764 2641 1827 winn, und der junge Ulanenoffizier,
1920 1816 2642 1879 der so selbstverständlich den Weg der
1925 1863 2641 1928 Pflicht und der Liebe geht, ist wirk¬
1920 1927 2645 1977 lich schon einer von jenem Geschlecht
1931 1974 2640 2032 der Zukunft, das Schnitzler mehr re¬
1923 2018 2644 2076 signiert als hoffend ersehnt: „Weni¬
1921 2069 2635 2130 ger Geist und mehr Haltung.“ So
1918 2112 2641 2175 gibt es doch zwei, deren Weg hinab
1927 2172 2642 2212 nicht einsam sein wird, die unter den
1923 2209 2638 2274 Schauern des Todes ihre Hand zu
1927 2259 2646 2325 finden wußten und sie halten wer¬
1932 2313 2306 2375 den bis zum Ende.
1980 2357 2650 2419 Auch sonst noch wird das Thema
1925 2409 2644 2473 von der Selbstsucht und der Opfer¬
1930 2461 2636 2530 freudigkeit der Liebe mannigfach va¬
1924 2498 2640 2567 riiert. Man muß im Buche (Berlin,
1931 2562 2635 2607 S. Fischer) nachlesen, wie viel
1928 2604 2645 2662 Feines und Geistreiches Schnitzler
1928 2655 2642 2718 dabei einfällt, um am Ende
1916 2697 2633 2771 doch aber auch hier wieder zu er¬
1927 2748 2638 2813 kennen, daß ihm Mut, Glaube und
1927 2795 2641 2865 Kraft fehlt, alle diese zerfließenden
1926 2851 2633 2917 und zerflatternden Töne zu einer star¬
1929 2900 2647 2964 ken, wuchtigen Melodie zu sammeln,
1932 2957 2667 3008 mit der wir jubelnd emperfliegen
1935 3000 2124 3064 könnten.
1983 3048 2643 3109 Ein seltsames Zweigespann wählte
1933 3089 2639 3154 sich das „Neue Theater“ für seinen
1923 3139 2652 3211 letzten Premierenabend. Mit Mae¬
1936 3197 2644 3265 terlincks Legende) „Schwester
1939 3235 2646 3308 Beatrix“ fügte es Bernard
1939 3270 2642 3360 Shaws Komödie „Deer Schlach¬
1934 3344 2653 3408 tenlenker“ zusammen, vielleicht
1922 3392 2641 3450 weil es, nicht ganz' mit Unrecht, in
1919 3443 2658 3506 beiden, in dem Vlamen wie in dem
2379 3525 2613 3578 Kunstwart
