3484 4320
1285 224 1874 335 box 23/3
247 247 1249 356 18. Der einsane Neg
1523 1292 1848 1364 Die Schaubühne
1062 1306 1124 1361 49
1054 1441 2346 1501 undzwanzig inhaltreiche Jahre älter geworden. Dieser ironiebegabte
1061 1511 2340 1570 Dichter findet nicht den Ton, der jene Tat zugleich berichtete und
1055 1555 2355 1623 kritisierte. Erst nach dem Ruf: „Er ist gerichtet!“ darf der Ruf:
1062 1621 2351 1674 „Er ist gerettet!“ ertönen. In der Schnitzlerwelt ist man schnell
1053 1662 2340 1712 bereit, den andern, und noch schneller, sich selber zu verzeihen.
1054 1716 2336 1769 Freilich gibt diese ethische Unbefangenheit der Dichtung ihren be¬
1067 1772 2347 1820 sondern Duft. „Das Klima der Begebenheit“, wie Tieck zu sagen
1056 1831 2340 1894 liebte, hat eine leichte Beigabe von Verwesungsgeruch. Morbidezza¬
1070 1885 2352 1949 stimmungen schweben um das ganze Werk und um jede Zelle¬
1075 1933 2347 2000 seines Baus, unendlich süß und von ergreifender Schwermut.
1148 2037 2342 2114 Die Vorstellung des Lessing=Theaters hat sich in den zwei Jahren
1063 2104 2337 2145 seit der Premiere sehr vervollkommnet, um leider in einem ent¬
1072 2154 2337 2207 scheidenden Punkt aufs ärgste und ärgerlichste zu versagen. Eine
1066 2208 2348 2269 Leistung wie Herrn Reichers Julian Fichtner kann Brahm nicht
1058 2262 2338 2310 ohne schwere Schädigung für den Dichter, für den Schauspieler
1064 2310 2331 2364 und für den Ruf des Theaters den empfindlichen Wienern vor¬
1066 2367 2343 2430 führen. Das klingt bei einem so verdienten Schauspieler wie
1068 2419 2348 2473 Übertreibung, aber man muß es erlebt haben. Herr Reicher hatte,
1051 2473 2349 2542 wie gewöhnlich, keine Ahnung von seiner Rolle. Wenn er der
1065 2543 2336 2594 Soffleuse, die sich im Lauf des Abends heiser schrie, glücklich einen
1055 2587 2336 2645 Satz entwunden hatte, wälzte er ihn im schmalzigsten Pathos so
1055 2642 2337 2707 lange breit, bis seine ängstlich gespannten Ohren den nächsten Satz
1058 2701 2334 2760 ergattert hatten. Nun gibt es nichts Schädlicheres für dieses lang¬
1069 2747 2346 2812 same Stück als eine weitere Verschleppung des Tempos und nichts
1062 2811 2349 2869 Gefährlicheres für diese heikle Figur als Pathetik, und gar eine Pathetik,
1060 2853 2351 2911 die nicht der Überzeugung, sondern der Gedächtnisschwäche entstammt.
1068 2911 2347 2965 Herr Reicher ging darin so weit, daß selbst das berliner Publikum, das
1053 2962 2351 3025 wenig Sonderverständnis für schauspielerische Arbeit hat, unruhig
1054 3027 2349 3084 wurde. In Wien wird gepfiffen; wofern Brahm nicht rechtzeitig
1060 3074 2353 3152 beweist, daß an seinem Theater Kunstfragen und nicht Personen¬
1063 3125 1429 3191 fragen entscheiden.
1148 3182 2349 3231 Es ist schwer zu sagen, ob diese Folie nötig war, um Leistungen
1065 3237 2355 3290 wie die Gabriele Wegrath von Frau Pauly und den Sohn Felix
1063 3289 2353 3358 von Herrn Stieler sympathisch zu machen; ob auch ohne die Er¬
1063 3354 2391 3416 innerung an seinen Vorgänger Herrn Marrs Doktor Reumann wie.
1062 3413 2352 3467 ein ganzer Mensch gewirkt hätte. Die andern Gestaltungen können
1051 3452 2348 3497 unbedenklicher bewundert werden. Sauer wird bescheidenen Seelen¬
1056 3508 2364 3569 adel, wie er im Professor Wegrath, allen unsichtbar, lebendig ist,
