3392 4384
829 400 930 464 Gm
1340 391 1812 482 box 23/5
199 401 1197 502 18. Der einsane Nen
887 1795 2960 1878 das Schönste ist. Hier weist er deutend hinein in die Grund alles was er zu sagen hatte, leidenschaftlich her¬
880 1856 2958 1912 verschlungenen Wege des Schauspiels, bellt, ein tiefes vor, und Rudolf Lenoir, der als Svielleiter verant¬
888 1886 2958 1980 Symbol, Dunkles auf und steht matt aufleuchtend über wortlich zeichnete, war als Dr. Reumann von unfreiwil¬
884 1927 2959 2001 dem Ende, ein Wegweiser zu schmerzlichem Verzicht. Der#liger, gänzlich verfehlter Komik. Frl. Parlows
892 1966 1927 2077 einsame Weg, der „Weg hinab“, den alle allein gehen
1915 1993 2957 2046 Johanna en bebrte icht einer sompathischen, verhaltenen
878 2007 1917 2090 müssen. Menschen leben ihr Leben, in Reichtum, Ruhm,
1923 2034 2960 2082 Innerlichkeit: aber ihr fehlte jede Reife, und aus dem
881 2057 1914 2128 Liebg, Genuß, Enttäuschung, Schmerz und Verzweiflung
1926 2069 2959 2116 von heißen Sehnsüchten bebrängten, opferbereiten jungen
924 2095 1917 2169 und einmal kommt der Tag, an dem ihnen alles unter
1917 2106 2966 2155 Weib wurde bei ihr eine Art somnambules Kind. Julius
873 2122 1914 2201 den Händen zerrinnt. Einer nach dem andern geht von
1926 2144 2963 2197 Barna und Elise Eckert standen unaufdringlich an
872 2160 1917 2240 ihnen; sie haben immer nur genommen, und nicht ge¬
872 2217 1912 2285 geben; haben niemandem gebört, wieviele sie auch be¬
2226 2205 2523 2304 OE
883 2241 1921 2318 sessen haben, und nie ihr Innerstes verschwendet. Und
870 2267 1922 2358 stehen am Ende da, fröstelnd in der Kälte ihrer Einsam¬
867 2315 1921 2385 keit. Was Schnitzler über all' das und noch manches
867 2361 1920 2446 andere zu sagen hat, klingt aus der Tiefe eigener, schmerz¬
871 2387 1921 2469 licher Erkenntnis. Und was er nicht sagt, was er ver¬
875 2435 1919 2512 schweigt, schwingt mit in heimlichen Unter= und Ober¬
870 2472 1922 2550 tönen von verborgener Musik, und erschüttert den, der
870 2496 1916 2586 das Ohr hat für diese Musik. Alles ist von zartester
863 2546 1903 2632 Geschliffenbeit, wie seine Menschen von zartester Ge¬
865 2575 1913 2659 schlifsenheit sind. Kein lauter Ton dringt nach außen,
1901 2626 1960 2669 r
857 2624 1914 2688 man muß hindurchsehen bis in die verborgensten Unter¬
859 2654 1955 2746 gründe, um unter aller gedämpften Ruhe und artstokra=[d
858 2693 1916 2778 tischen Verschlossenheit noch ein Chaos zu erblicken. Ein
860 2734 1975 2826 Drama? Vielleicht. Nur daß das dramatische Geschebenst.
851 2775 1908 2852 nach außen kaum fühlbar wird. Daß Seelenvorgänge sich
855 2807 1897 2889 gegen einander steilen und Kämpfe ausgekämpft werden,
850 2860 1980 2949 ohne sich geräuschvoll zu entzünden und zu entladen. Abers#
856 2885 1903 2980 eine Dichtung, in der ein leises Wort, ein wehmütiges
858 2919 1969 3026 Lächeln tiefer erschüttert, als Krach und Donnerschlag
856 2959 1894 3041 mancher schweren dramatischen Geschütze es je vermögen.
928 3011 1912 3061 Ob das Publikum des Thaliatheaters den Sinn (und
843 3014 1916 3118 die Sinne) für die Tiese und Schönheit dieser Dichtung !
844 3071 1913 3146 hat? Es scheint mir zum mindesten zweifelhaft. Be¬
852 3114 1937 3195 sonders gestern, wo nicht für, sondern gegen Schnitzler |I
840 3150 1959 3207 gespielt zu werden schien. Statt daß uns die verborgenesv
847 3184 1936 3272 Musik und der ganze, verschwebende Stimmungszauber#
836 3226 1908 3290 der Dichtung aufgedeckt worden wäre, brachte man teils
828 3243 1911 3325 Snüchtern und kalt, teils volternd und schnanbend Worte,k
843 3302 1941 3362 Worte ohne Glanz und Tiefe. Von Schnitzlerscher Graziess
154 3301 761 3401 SSiallEt Gendial Anzeiger
834 3323 1887 3409 hatte allein Frl. Holm einen Hauch, und mehr, verspürt.
840 3369 1893 3452 Nur glaubte man ihr die 43 Jahre nicht, die Irene Herms
840 3429 1885 3483 alt sein soll. Die wundervollen Lyrismen Stephan von
845 3453 1881 3515 Salas, der ein Dichter ist, klangen bei Herrn
845 3485 1885 3556 Halpern gequält und quälend; ihm fehlte die feine
830 3526 1885 3609 Geistigkeit dieses Lebenskünstlers, dessen innerste Natur
165 3508 611 3615 eater und, Musk.
840 3568 1885 3642 er obendrein auf den Kopf stellte, als er seine tigfen,
830 3593 1885 3661 wehmütig schmerzvollen Worte des Verzichts gegen Schluß
180 3600 484 3677 Thaliatheater.
837 3638 1938 3695 des vierten Aktes nach Art eines leidenschaftlichen Aus¬ &
162 3655 1896 3759 meWeg.“ (Alle perbe Bitternis und bruchs brachte. Herr Hart stellte mit seinem Julian
162 3698 853 3764 senheit, die am Schluß dieser schönen,
843 3713 1919 3785 Fichtner ein großes Theater an, machte aus dem müden!
147 3739 1878 3802 lung aus dunklen Augen ins Leerei Künstler ein heruntergekommenes Subjekt und hatte kei¬
161 3774 1915 3884 im Dieel. Der bei Schnitzler oftlnen eindigen echten Ton: Hans Sanden sprudelte obne!
603 3869 734 3957 1
