3436 4128
1395 198 1843 279 box 23/4
225 190 1234 292 18. Der einsane Neg
406 826 1411 968 Husschnitt austener Mitlags-Zeitung
825 954 924 1030 20
930 957 1127 1066 91
414 991 599 1060 vom:
484 1078 1371 1208 Theater und Kunst.
376 1142 1514 1269 (Burgtheater.) Zum erstenmal: „Der ein¬
373 1215 1499 1300 stame Weg“ von Arthur Schmitter. Vor Jahren
367 1259 1501 1342 schon wurde dieses überuind üher melancholische Schauspiel
368 1321 1508 1404 von den Verlindrn, die ihreneigeuen Rhythmus für derlei
372 1366 1506 1446 Stimmungspoesie haben, vorgeführt. Es ist das reife, fast
369 1409 1511 1488 überreise Werk eines tändeinden Erotikers, die Kehrseite
361 1461 1516 1518 der glänzenden Medaille, ein müder, kätzenjämmerlicher
379 1507 1516 1578 Epilog, von hyperklugen, selbsequälerischen Reslexionen
366 1578 1519 1637 überdunkelt, ein weher Nachruf an verlorenes Leben. Aus
372 1601 1527 1677 dem Nachdenklichen, aus den Sch#ten der Vergangenhete
380 1653 1520 1715 ist die Sentimentalitätz des dramatischen Geschehens ge¬
382 1706 1526 1775 schöpft. Diese Menschen sind alle irgendwie innen geborsten,
1106 1753 1492 1801 —.-
359 1754 1032 1822 U. TPV-.——
1013 1751 1168 1826 42
1468 1773 1525 1856 —
340 1814 414 1870 —
331 1851 1487 1916 oder verkrustet; der Knacks im Herzen ist es nicht allein,
334 1915 1485 1979 mit dem der philosophierende Poet in den Tod schleicht, sie
349 1969 1492 2016 haben alle daneben geliabt oder sonst daneben gelebt, sind
342 2012 1486 2072 fügellahm geworden, tappen mit beiden Händen ins Leere;
346 2045 1489 2120 wenn sie das Leben noch zusammenführt, ihre Seelen
340 2104 1495 2153 bleiben geschieden, sie sinnieren und fabulieren aneinander
342 2168 1504 2214 vorbei; einsame wenschen. Zum Schluß fallt das ganze
347 2195 1487 2258 Bündel, das von losen dramatischen Fäden zusammen¬
339 2247 1493 2306 gehalten war, auseinander, die einen gehen geradezu in den
350 2289 1498 2364 Tod, die anderen, etwas langsamer, in ein absterbendes
352 2350 1504 2403 Leben. Die Aufführung im Burgtheater wird der halb¬
346 2392 1491 2442 yrischen Melancholie, die dieses dumpfe, nach innen ge¬
342 2455 1495 2501 kehrte Schauspiel durchzittert, völlig gerecht. Harry
346 2505 1503 2564 Walden spielt den sanierten, von seinem Arzt gekerbten
353 2539 1499 2597 Viveur mit nobelster Delikatesse, eine Ari Elegie des
352 2585 1498 2644 Lebensgenusses; seine transparents Weltmüdigkeit ist noch
353 2641 1501 2690 von den lachenden Farben des Gourmands umrändert, nur
348 2681 1502 2734 ie weiter sich das Uebel frißt, desto rissiger werden die
357 2731 1489 2797 Känder, selbst die letzten Farbenkleckse werden giftig grell
354 2784 1503 2839 ldas Selbstbekenntnis des gealterten, in seiner Liebesleere
350 2832 1493 2893 röstelnden Egoisten im vierten Akt spricht Walden mit
350 2879 1503 2940 luger, prophetisch durchbrechender Pointierung) und der
349 2944 1500 2991 ohysische Zusammenbruch des Todeskandidaten ist von er¬
348 2981 1498 3031 freifender Schlichtheit. Johanna, eine Frauengestalt vom
357 3038 1381 3088 Stamme Ibsens, ist Fräulein Wohlgemuth;
349 3073 1495 3138 #üstere Schönheit hat einen sanften, poctischen Zauber, das
357 3121 1500 3184 stätselhafte dieses Wesens, dem sie wenigstens nahekommt,
357 3171 1503 3224 vird von ihrer scheuen Innigkeit verklärt. Paulsen, als
345 3229 1503 3287 Professor Wegrath, von fein sordinierter Männlichkeit,
357 3267 1500 3327 Herasch (Felix) ein sympathischer Junge. Devrient
354 3319 1501 3366 Julian Fichtner) zu robust. Ein Stück erquicklicher Resch¬
361 3369 1499 3429 seit, das einzige in dieser fünfaktigen Melancholie: Frau
362 3413 1503 3476 Bleibtreu, als Irene Hermes; echt wienerischer
361 3456 1496 3513 Toubrettenhumor, der auch unter Tränen lacht, eine herbe
354 3521 1506 3577 Fidelität, die mit dem fingenden Samowar mitschwingt;
362 3579 1507 3625 von ihr geht noch der lebendige Hauch aus, der, neben den
356 3606 1503 3670 chmerzvollen Dialogen, dieses tiefdunkle Schattenspiel über¬
356 3662 1509 3717 onnt, wie die Herbstsonne die stimmungsschweren, zart ver¬
1382 3714 1458 3787 1z.
365 3711 1088 3772 glimmenden Szenenbilder überfunkelt.
2138 819 2575 895 (Quelienangabe ohne Gewühr.)
2212 883 2785 992 ESTER LLOVD
1806 923 2222 1011 Husschnitt aus:
2064 998 2383 1093 20FEB /974
1816 1034 1982 1097 vom:
1856 1198 2739 1294 Schnitzlers „Der einsame Weg“.
1894 1269 2700 1363 —(Telegramm des „Pester Lloyd“.)
2474 1304 2904 1404 Wien, 19. Februgr,
1799 1369 2913 1435 Schnitzlers Schauspiel „Der einsame Wege
1722 1413 2904 1492 das schon vor acht Jahren von Otto Brahm in Berlin und
1713 1468 2903 1525 in Wien gespielt wurde, erschien heute zum ersten Male im
1716 1508 2909 1591 Burgtheater und hatte einen starken, an Feierlichkeit streifenden
1719 1543 1881 1615 Erfolg.
2691 1566 2866 1640 F. S.
1798 1962 2771 2074 usschnitt aus: SOHIEMIA, PRAG
2169 2043 2356 2105 [ODttee
2042 2053 2532 2164 20 #enuan 1911
1786 2082 1919 2155 dm:
1952 2242 2731 2351 Theater und Kunst.
1861 2313 1984 2380 GAS1
1857 2361 1944 2409 W
1874 2368 2769 2470 Schuitzlers „Der einsame Weg“.
1852 2444 1949 2501 peh
2019 2458 2669 2519 Erstaufführung im Burgtheater.
1932 2508 2840 2596 Wien, 19. Jeber [Priv.) Schnitzlers Schau¬
1844 2559 2825 2610 spiel „Der einsame Weg, das gleich nach seinem Er¬
1843 2609 2817 2674 scheinen durch das Ensemble Direktors Brahms
1844 2651 2822 2706 sowohl im Deutschen Theater in Berlin als auch bei
1833 2702 2830 2744 Gastspiekreisen gegeben wurde # heute im Burgthe¬
1833 2728 2835 2794 ater als Novität herausges acht worden. Es isi da¬
1838 2788 2837 2828 mit auf den heimischen Boden zurückgekehrt, in dem
1834 2825 2834 2887 es wurzelt. Denn wie fast ele Stucke Schnitzlers,
1834 2882 2827 2930 spielt es in Wien, dort wo sch die Stadt nach dem
1828 2926 2823 2976 Gebirge sehnt und die eigentümliche Poesie des
1827 2968 2838 3023 Wienerwaldes am Schicksal und im Gemüte der
1836 3011 2835 3070 Menschen mitzuwirken scheint. Der einsame Weg ist
1836 3052 2833 3108 der letzte Weg des Menschen, den Jeder allein ge¬
1831 3092 2834 3176 hen muß, so sehr er auch sonst von Lieben und
1849 3139 2571 3204 Freunden umgeben gewesen sein mag.
1920 3178 2838 3227 Die Rolle, die in Berlin Bassermann spielte,
1840 3213 2840 3276 gab hier Harry Walden im großen und ganzen mit
1842 3269 2840 3349 achtenswerter Intelligenz, aber doch nirgends an
1850 3316 2835 3374 die Wirkung heranreichend, die Bassermann zu er¬
1847 3364 2844 3412 zielen verstand. Die in den übrigen Hauptrollen be¬
1879 3405 2830 3472 chäftigten Damen Wohlgemut und Eberle
1848 3446 2834 3500 und die Herren Paulsen; Devrient und Ge¬
1845 3496 2830 3557 rasch kamen den Wünschen des Dichters mit Erfblg
1846 3538 2843 3596 entgegen. Das Publikum nahm das Werk seines
1834 3579 2835 3664 Lieblingsdichters mit achtungsvoller Wärmessesige¬
