3436 4256
1044 259 1102 326 K
1394 251 1823 344 box 23/1
227 265 1256 373 18. Der einsaneneg
140 939 537 1049 eitung, Berlin
2672 995 3191 1103 Deutsche Zeitung.
265 1015 539 1106 16. 2. 04
1401 1024 1524 1105 1 —
2027 1105 3206 1178 nicht feil auch für den schönsten Liebestraum. Und das
863 1108 2027 1201 sich denn überhaupt um die anderen?“ Das sagt ein Bruder
2042 1154 3207 1217 Erlebnis wird ihm alsbald zur Erinnerung, die ihn weder
178 1146 671 1246 und Musik.
864 1171 2034 1245 von seiner Schwester, die plötzlich — niemand weiß, warum
2042 1178 3203 1266 schmerzt noch drückt, die nur ein ästhetischer Schmuck mehr
860 1213 2036 1278 und wohin — aus diesem Leben verschwunden ist. Wort
166 1212 856 1287 )uns wohlvertraute Gedanken und
854 1270 3210 1338 und Situation erscheinen wie ein Echo aus Schnitzlers Re=] ist in seinem von Genüssen durchflochtenen Leben. Als dann
162 1277 846 1336 chnitzlers neuestem fünsaktigen
2030 1273 3206 1343 aber das Alter ihn überschattet, als die jagende Unrast von
853 1303 2032 1377 naissancedichtung „Der Schleier der Beatrice", von Anklängen
151 1326 843 1386 same Weg“ ihre müden Blüten¬
2037 1313 3215 1405 ihm weicht, als er sich einsam zu fühlen. beginnt, da sucht
855 1348 2019 1406 an die „Lebendigen Stunden“ und den „Puppenspieler“
151 1357 847 1433 n schweren, herbstlich kranken Duft
2042 1354 3217 1447 er, der nie bisher dauerndes Glück zu geben oder zu em¬
855 1387 2039 1452 ganz abgesehen. Die Wegraths in Wien sind wie die Nardi
149 1402 854 1467 ten über die Dinge, und Schleier
2036 1404 3218 1474 pfangen vermochte, doch einen Menschen, der zu ihm gehört
867 1433 2028 1493 in Bologna. Sie scheinen nicht dazu geschaffen, wirklich zu
155 1451 848 1511 en; Erinnerungen werden lebendig,
2046 1448 3221 1515 und für den weiter auf der Welt zu sein,es sich lohnt. Und
862 1473 2020 1530 besitzen — weder Frau noch Kinder. Sie mögen Zuflucht,
142 1496 850 1559 Eenblick wird Erinnerung; alles ist
2045 1491 3218 1555 er glaubt in seiner naiven Art, daß, sobald er nur jemandes
868 1520 2029 1579 Aufenthalt bedeuten — Heimat nie. Es ist ihr Beruf,
156 1540 860 1593 Begenwärtige ist vergangen. Gegen¬
2037 1537 3225 1613 bedarf, er auch schon ein Anrecht auf ihn hat. Der Sohn,
855 1555 2034 1624 Wesen in ihren Armen aufzunehmen, die von irgend einer
163 1580 853 1647 das eigentlich? Stehen wir denn
2051 1575 3226 1647 auch wenn er ihn so lange verleugnet, kann sich ihm ja gar
866 1605 2042 1677 Leidenschaft müde oder zerbrochen sind. Aber sie ahnen
157 1623 853 1683 t an Brust, wie mit einem Freund,
2045 1611 3236 1689 nicht entziehen, sobald er ihm nur den Zusammenhalt offen¬
867 1655 2037 1705 nicht, woher sie kommen. Es ist ihnen gegönnt, Wesen
160 1670 853 1723 der wie mit einem Feind, der uns
2042 1664 3227 1727 bart! Aber er täuscht sich. In anderem Sinne, als er
861 1688 2043 1769 heranzuziehen und zu betreuen, aber sie verstehen nicht, wo¬
162 1708 852 1772 rt, das eben verklang, nicht schon
2035 1710 3228 1778 meint, hat Felix den Zug zum „Wesentlichen“. Daß Ficht¬
865 1734 2039 1796 hin sie gehen. Sie sind da, um sich unbewußt aufzuopfern
185 1753 855 1825 mit dem eine Melodie begann,
2048 1749 3218 1830 ner sein Vater, ist ihm eine Wahrheit ohne Kraft. Er ist
857 1778 2036 1851 und in diesen Opsern ein Glück zu finden, das anderen
176 1796 875 1863 das Lied geendet? Gerade in
2051 1784 3231 1861 ihm nur fremder geworden, seit er es weiß, und der Mann,
867 1818 2034 1881 vielleicht recht armselig vorkame. So weint der, der die
144 1833 857 1901 ges Daseins wissen wir, daß wir
2049 1837 3224 1910 in dessen Haus er geboren und auferzogen, der seine Kind¬
865 1862 2044 1931 Melodie ihres Glückes im Entstehen zerbrochen hat. Der
157 1884 867 1943 d eigentlich nichts verlieren können.
2052 1883 3221 1945 heit und Jugend mit Sorgfalt und Zärtlichkeit umgeben,
863 1904 2036 1974 Sohn, den die zarte Gabriele ihrem Gatten im ersten Jahr
180 1926 858 1993 von Erinnerung und Gegenwart,
2041 1921 3222 1999 der seine Mutter geliebt hat, gilt ihm hinfort mehr noch,
873 1944 2038 2030 ihrer Ehe geschenkt hat und der nun 23 Jahre als ist, ist
159 1967 863 2028 nung macht es, daß in dem ganzen
2049 1947 3222 2029 als er ihm bisher gegolten. Dieser junge sympathische
870 1992 2037 2077 sein Sohn, Julian Fichiners Kind, der, kurz vor der
166 2009 859 2074 zu pulsendem, kraftvoll atmendem
2039 2011 3215 2072 Ulanenoffizier ist wirklich einer von jenem besseren Geschlecht,
877 2044 2035 2097 Hochzeit, mit dem Bräutigam, seinem Freunde, in Gabrieles
181 2045 866 2122 Gestalten nur wie Schatten ihrer
2050 2052 3220 2120 das Schnitzler, mit dem Blick des Moses vom Berge Horeb,
867 2078 2037 2162 Gesichtskreis trat und mit seiner genialen Unwiderstehlichkeit
151 2099 862 2148 ten, keine sich ins Weiße des Auges
2063 2097 3062 2182 kommen sieht: „Weniger Geist und mehr Haltung“.
871 2122 2035 2186 im Fluge des bangen Mädchens Seele und Leib gewann.
162 2138 873 2199 auch die scheinbar nächste und ver¬
2134 2118 3222 2199 Als der Kampf des Blutes mit dem Herzen und den
871 2154 2047 2228 Alles war bereit zur Flucht, der Wagen wartete; aber
179 2180 863 2248 sofort entzieht, wenn wir in auf¬
2062 2173 3224 2249 Pflichten anhebt — in zwei zarten und tiefen Szenen wird
871 2198 2050 2284 im letzten Augenblick sank dem großen Lebenskünstler
195 2225 867 2299 ihr die unserige entgegenstrecken
2057 2238 3227 2296 er ausgesochten —, ist Gabriele schon ins Jenseits hinüber¬
971 2246 2053 2321 Mut vor den Folgen und Fesseln, die er damit
870 2263 976 2334 der
2062 2278 2366 2355 geschlummert.
973 2286 2050 2358 sich laden würde. Ihm graut vor den Pflichten
875 2310 986 2372 auf
157 2288 867 2370 nnen wir Menschen einander denn
2129 2287 3229 2375 Nicht von ungefähr hat die weichliche Hand des Wiener
880 2334 2044 2394 und vor den Riegeln, die sich damit vor die offenen Türen
169 2353 870 2412 nicht vielmehr trotz all der Worte,
2057 2358 3221 2423 Dichters ihr Bild, mit Schleiern umhüllt und nur ganz
880 2378 2042 2440 seiner schimmernden Zukunft schieben würden. Die Unbe¬
176 2390 875 2465 und stumpf an einander vorüber?
2029 2400 3225 2467 #flüchtig an uns verüberhuschen lassen. Sie hat die Lebens¬
160 2415 2043 2499 nnt von uns allen? Wer kümmertI kümmertheit seiner Jugend, die Fülle des Daseins ist ihm
2796 2598 3154 2753 Inventur¬
2013 2648 2254 2728 285
2019 2721 2254 2817 PREN
2812 2751 3148 2851 Kabatt
2202 2778 2260 2853 6
2806 2835 2941 2906 auf
2677 2847 3182 3024 chte Perser
2762 3009 3140 3152 Teppiche
2650 3120 3108 3209 handgeknüpfte
2534 3182 3213 3279 Smyrha, indische und
2552 3250 3210 3340 türkische Fabrikate.
2559 3324 2786 3388 Teppich¬
2554 3342 3224 3438 Speclalhaus Eill Lefeure
2560 3423 3207 3500 Oranienstr. 158, Berlin 8.
2557 3488 2730 3531 Selten
2557 3484 3219 3574 günstige Kaufgelegenheit.
2017 3537 2376 3618 Verschiedenen hoch¬
2018 3602 2378 3668 à 334 Stück (1s Mille)
2542 3633 2644 3677 —
2640 3629 3227 3719 Privat-Darlehne
2010 3660 2407 3759 „garren
2518 3699 3249 3763 nicht unter 3000 Mark, erhält man schnell
2530 3733 3237 3787 u. diskret gegen Sicherheit od. Bürgsch. durch
2531 3767 3229 3819 Buchholz, Markgrafenstr. 76. Zinsen 6 07
2009 3749 2391 3839 Bremer Fabri¬
2521 3799 3248 3869 jährlich. Sprechz. 11—1 u 5—6. Rückporto.
2008 3750 2397 3939 Mk. 20.
2017 3905 2393 3967 ir auf unsere Kosten
2013 3939 2386 3990 entnommene Proben
2620 3876 2839 4017 E
2915 3846 3003 4019 7
2020 3986 2381 4047 ig reelle Bedienung
2554 4006 3226 4062 Bureau „Fides“, Berlin W. 35.
2013 4024 2390 4124 igen b. Bremen.
2573 4091 3164 4175 Westfl. Fleischwaren.
