3436 4448
1450 256 1893 359 box 23/2
293 263 1303 365 18. Der einsane Neg
821 1444 1894 1511 Arthur Schnitzlers neues Drama „Der einsame Weg“
764 1498 1898 1555 ist ein typisch wienerisches Stück, wie ja das Wienertum
741 1549 1895 1616 überhaupt für S.s Schaffen die entscheidende Färbung her¬
741 1599 1893 1654 gibt. Dieses kraftlose ästhetisierende Genießen, wie es in
742 1643 1896 1697 der Person des Herrn von Sala sich verkörpert, das ist,
746 1696 1892 1746 nur etwas „modern“ frisiert, jene Lebensanschauung, um
748 1740 1888 1799 derentwillen Wien den Namen das „Kapua der Geister“
753 1801 1895 1849 erhalten hat. Und der Vertreter dieser Lebensanschauung in
747 1843 1905 1898 S.s Stück ist auch insofern die Hauptperson, als keine der
752 1880 1906 1938 übrigen Gestalten mit so viel innerer Anteilnahme und so
753 1928 1896 1991 viel Liebe gezeichnet ist wie diese. Dem gegenüber ist die
755 1976 1895 2029 Gestalt, die der Idee des Stückes nach die Hauptperson
755 2022 1898 2091 sein sollte, der Maler Julian Fichtner nur ein Schemen
747 2074 1901 2141 geblieben, weil solche Naturen, wie er eine gewesen sein
758 2133 1895 2183 soll und auch trotz aller Resignation immer noch sein müßte,
754 2171 1906 2226 der weichen Hand S.s nicht gelingen. Es ist nicht leicht
742 2218 1892 2280 die Einyeit dieses Stückes zu erkennen, weil der Dichter
752 2267 1893 2324 einige Nebenhandlungen eingehender ausgestaltet hat, als
756 2324 1905 2379 es die Oekonomie des Werkes erlaubte. Am besten über¬
752 2356 1892 2421 blickt man die Handlung, wenn man, vom Titel ausgehend,
747 2409 1897 2467 dasSchicksal des Malers Julian Fichtner in den Mittel¬
750 2454 1898 2518 punkt stellt. Er ist es, der die „Tragödie des einsamen
756 2502 1899 2569 Weges“ durchleben muß, weil er es im Leben nie verstanden
756 2561 1892 2612 hat, für andere zu leben, und weil er nicht stark genug ist,
748 2607 1900 2660 um im Alter, als die Genußkräfte in ihm zu versiegen be¬
755 2655 1904 2706 ginnen, allein zu stehen. Ihm gegenüber steht sein Freund
762 2697 1893 2755 Stephan von Sala, ein anderer Typ des Genußmenschen,
756 2745 1896 2798 der nicht, wie Fichtner, in unbekümmertem Drauflosstürmen
753 2800 1899 2852 genossen, sondern mit der Raffiniertheit des überkultivierten
753 2849 1905 2894 Menschen, dem keine Spur von unbefangener, unmittelbarer
746 2883 1903 2947 Aufnahme der Lebenseindrücke mehr anhaftet, bei dem alles
755 2933 1907 2978 erst den. Weg durch die Reflexion nehmen muß. In ihm
749 2979 1892 3042 lebt kein Bedürfnis nach der Liebe anderer, und er würde
752 3037 1902 3097 sich nicht vor dem einsamen Weg des Alters scheuen; wenn
752 3083 1898 3139 er dennoch freiwillig von der Bühne des Lebens abtritt, so
757 3137 1888 3194 geschieht es, um ein Leiden abzukürzen, das ihn bald über¬
749 3174 1897 3227 wältigt haben würde. In dieser Gestalt liegt sehr viel
744 3225 1907 3279 Feinheit und echtes Empfinden, aber wir dürfen auch nicht
750 3269 1896 3330 die Züge übersehen, die dieser Schöngeist vom Räsonneur
744 3314 1899 3373 des alten Dramas übernommen hat, wie denn der Dialog
747 3366 1903 3421 mit seiner Fülle von geistvollen und zugespitzten Gedanken
745 3412 1897 3466 mehr dem des französischen Dramas der Epoche Augier¬
752 3462 1898 3521 Feuillet als dem der modernen Schule ähnelt. Laute ursprüng¬
754 3508 1893 3570 lichen Empfindens werden sehr selten hörbar, zumeist ist jede
743 3559 1903 3612 Empfindung erst dreimal destilliert und äußert sich erst in der
748 3606 1901 3657 Form einer fast aphoristischen Redeweise. Auch von der
745 3662 1900 3710 Technik Maeterlincks (die freilich im Grunde die aller Dichter
756 3707 1907 3762 ist), macht Schnitzler Gebrauch, wenn er die Höhepunkte des
744 3743 1897 3796 Dialogs in ein beredtes Schweigen, einen Blick, einen Hände¬
761 3795 1906 3844 druck legt. Die Menschen dieses Stückes haben mitunter
757 3843 1912 3903 eine Feinfühligkeit, sich aus Andeutungen und weniger als
760 3885 1915 3936 Andeutungen zu verstehen, die, zumal auf der Bühne, schon
775 3935 1909 4007 die Grenzen der Wahrscheinlichkeit übersteigt. Die Tragödie
1908 825 3063 892 ist also die Julian Fichtners. Der rücksichtslose Genießer
1914 883 3055 938 wird alt, und er fühlt das Bedürfnis nach sorgender Liebe.
1919 926 3069 978 Von seinem Sohn Felix erhofft er sie, der bis zu seinem
1915 980 3065 1031 23. Jahre als Sohn des Akademiedirektors Prof. Wegrath
1923 1021 3056 1077 herangewachsen ist, ohne daß dieser oder er selbst oder gar
1923 1074 3057 1139 ein Fernstehender ahnten, daß er nicht Wegraths sondern
1927 1117 3068 1179 Fichtners Sohn ist. Nur Sala hat das Geheimuis erraten,
1922 1166 3058 1216 und dem treuen Arzt Dr. Reumann hat es die schwerkranke
1927 1224 3067 1277 Frau Gabriele Wegrath bekannt. Nach ihrem plötzlichen
1911 1263 3060 1324 Tode hat Fichtner doppelt das Gefühl der Einsamkeit, und
1928 1311 3056 1366 so beschließt er, Felix sich zu offenbaren. Die beiden Szenen,
1926 1359 3069 1410 in denen dieser aus Andeutungen Fichtners und aus letzten
1916 1414 3056 1470 Worten, die er von der kranken Mutter gehört, den Sach¬
1920 1452 3063 1507 verhalt erkennt, sind dichterisch sehr sein geraten. Felix
1908 1502 3061 1552 erfüllt die Hoffnungen seines Vaters nicht. Die Entdeckung
1909 1549 3070 1589 entfernt ihn vielmehr innerlich von Fichtner und nähert ihn
1915 1596 3061 1642 noch mehr als bisher dem Manne, den er bisher für seinen
1916 1657 3062 1710 Vater gehalten hat. So fällt diesem, dem treusorgenden
1917 1682 3066 1750 und aufopfernden Manne, die Liebe eines Sohnes zu, der
1920 1737 3061 1799 nicht sein Fleisch und Blut ist, und beide finden sich nach
1925 1785 3067 1848 herben Schicksalsschlägen zu einem neuen Leben zusammen.
1928 1840 3074 1892 Mit diesen bei aller Resignation doch nicht hoffnungsleeren
1925 1880 3070 1930 Tönen klingt das Stück aus. Die Liebe des fremden Sohnes
1911 1941 3069 1993 gewinnt Professor Wegrath, ohne um sie zu werben. Die
1921 1984 3061 2050 Liebe der eigenen Tochter aber hat er trotz allen Werbens
1920 2025 3072 2077 nicht zu erringen vermocht: Johanna, eine aus dem Geschlecht
1919 2075 3075 2126 jener rä.selhaften S.schen F#uen, deren Typ die „Frau mit
1922 2123 3069 2181 dem Dolche“ ist, ein Wesen voll dämmernder Ahnungen
1919 2176 3068 2229 und unverstandener Sehnsüchte, hat sich dem verführerischen
1918 2214 3066 2280 Herzensbezwinger Stephan von Sala zu eigen gegeben, und,
1914 2264 3064 2337 als sie die Gewißheit von seinem nahen Tode gewonnen
1915 2308 3071 2368 hat, ist sie ohne Zögern allein den „einsamen Weg“ zum
1907 2369 3073 2427 Hades gegangen. Für diese beiden, Sala und Johanna,
1921 2401 3082 2464 hat die Einsamkeit keine Schrecken, sie haben den Mut und
1922 2454 3069 2508 damit das Recht zu eigenem Handeln, den Fichtner nicht
1914 2501 3072 2563 findet. Und noch eine vierte Variation des Typus der
1915 2561 3063 2609 Genießer bringt das Stück: die Schauspielerin Irene Herms,
1921 2596 3070 2657 vor langen Jahren Julians Geliebte, kurz ehe er Gabriele
1922 2645 3071 2706 kennen lernte. Sie hat ein langes Leben des Genießens
1915 2692 3070 2749 zu einem Leben voll innerer Gesundung geführt. Sie wird
1919 2753 3066 2803 nie den einsamen Weg zu gehen brauchen, denn sie hat es
1920 2789 3066 2840 verstanden, Liebe zu gewinnen. Und auch auf der Seite
1925 2835 3064 2891 der „Gegenpartei“, wo wir den Professor Wegrath, Gabriele
1921 2883 3065 2938 und Felix finden, steht noch e## vierter der sein Leben in
1923 2934 3071 2982 Aufopferung lebt, der stille feine Dr. Reumann. So hat
1911 2986 3063 3039 jede der Hauptgestalten ihren bestimmten Platz im Stück,
1924 3027 3067 3095 nur daß die Handlungen, die sich um das Paar Sala¬
1911 3072 3064 3129 Johanna und um Julian=Irene schlingen, zu weit aus¬
1923 3124 3056 3185 gesponnen sind. Die eigentliche Tragödie, die Tragödie der
1922 3168 3064 3223 Einsamkeit, die Julian erlebt, hat unter dieser mangelhaften
1916 3220 3068 3271 Oekonomie gelitten. Der schöne Gedanke, mit dem Stephan
1914 3269 3066 3310 die Bühne des Lebens verläßt, daß jetzt ein anderes Ge¬
1920 3312 3066 3370 schlecht heranwächst, ein Geschlecht, das weniger Geist und
1916 3362 3059 3414 mehr Haltung besitzt, wird leider nur im Vorbeigehen an¬
1921 3408 3073 3467 geschlagen. Daß das Werk nicht bühnenwirksam sein kann,
1922 3456 3126 3538 dürfte aus der obigen Analyse ohne Weiteres hervorgehen. —
1926 3497 3093 3554 Die Breite des Dialogs kommt als weiteres Hemmnis dazu.
2644 3551 3088 3625 aritgieesinen  Nicharde
