3484 4384
1425 371 1892 458 box 23/5
1085 388 1166 446 W
805 395 870 453 I
267 391 1274 477 18. Der eianeag
1325 880 1634 1005 G-
2448 1050 2552 1121 e#enmn
641 1012 2458 1136 WE ROTTERDAMSCHE COURANT.
2105 1132 2554 1208 WVe hadden gisteren
2087 1191 2533 1254 gen over vervanging
1261 1182 1742 1275 . Haghespelers.
2079 1233 2546 1291 Zisseur bij hei oper
1265 1254 1359 1316 J#.
2094 1269 2554 1333 reden van de verhine
1551 1272 2047 1344 De Eenzame Weg.
640 1190 913 1363 B.
2081 1306 2560 1374 heid“gerept. En de h
2090 1345 2546 1407 spelen Hierom ve.
645 1340 959 1420 S
1044 1340 2085 1401 Toen Schnitzler verleden jaär naar Nederland zou
2080 1382 2551 1443 „onverwachte verhind
1023 1386 2078 1437 komen, hebben we den Nederlander die hem misschien
2079 1425 2548 1487 D. S. C. preciseert. 1
1035 1433 2073 1488 beter dan iemand ten onzent kent, doordat hij 200
636 1440 793 1512 ist.
2090 1456 2557 1517 schreven: „ dat
1022 1467 2076 1522 diep en z00 fijn met hem mecvoelt; hebben we Frans
2081 1499 2548 1561 heeft, mij terug te tr.
1020 1508 2073 1555 Mijnssen, vertaler ook van dezen „Eenzamen Weg',
2088 1533 2569 1595 trum spel op den 2der
1026 1551 2085 1599 om cen feuilleton verzocht, dat hij, aan ons verzoek
2094 1571 2561 1629 uw als in misn belang
646 1565 993 1644 -Javaausche
1015 1582 2079 1658 voldoende, met eigenaardige fiinheid schreef door iets
2093 1611 2546 1670 dat ik na de enkele
1024 1626 2078 1685 als ccn ruiker van kenmerkende citaten te vertalen,
2100 1649 2560 1708 voor den eersten Jun
1032 1663 2084 1714 welke hij inleidde met de woorden: „De analyze van
2093 1693 2550 1749 te praesteeren, alvor
1022 1702 2081 1769 het werk, dat zoo fiin genuanceerd is en waarin zo0
2086 1730 2555 1787 En de Senaat verze
1029 1754 2081 1806 veel leeft dat opzetteljjk niet onder vaste
2092 1766 2557 1816 te willen rectifieere,
646 1763 1018 1835 wingen vercorloof
1033 1781 2076 1843 woorden is gebracht, leidt spoedig tot een
2098 1803 2563 1865 ech verkeerden indru
644 1813 1019 1870 le voordracht van
1028 1821 2084 1880 ontluistering. En onze beschonwingen worden gauw
659 1849 1007 1901 stellen, dat ik do
2093 1842 2555 1910 zock hiermee voldaan
1025 1856 2084 1916 wat zwaar en luid tegenover cen kunstenaar, die
664 1886 1008 1933 door eigen aan¬
1031 1899 2090 1954 telkens de kern raakt, doch „nach Wiener Art’ ook
657 1914 1016 1971 liskt het mij toch
2397 1898 2563 1978 Con
1035 1939 2090 1998 het zeer navrante uit de stof weet op te heffen; een
655 1953 1014 1996 van de restauratie
1022 1973 2086 2029 die — waar anderen zouden schreien of
643 1984 1016 2049 st dan ook zuiver
1024 2016 2087 2081 de vuist ballen — den glimlach heeft van den
644 2037 1019 2107 Perquin over het¬
2113 2027 2568 2103 Men schrifft ons uit
1030 2067 1259 2121 weemoed.?
648 2082 1017 2138 gde discussie met
2110 2086 2543 2139 Met de uitvoering
1056 2069 2088 2143 En het eind van 't feuilleton was: „Moet dan wel¬
657 2117 1018 2174 6 April, Avondbl.)
2082 2122 2580 2196 symphonie is gistera
1026 2136 2066 2198 licht naast de stem der zinneljjkheid cok cerst die
657 2155 1029 2208 eide sprekers zich
2086 2168 2271 2233 sloten.
1030 2177 2078 2236 andere — die misschien niet zelden met haar samen¬
653 2192 1019 2245 ratieprobleem zoo¬
2112 2188 2570 2258 Het was inderdaad.
1020 2209 2082 2261 klinkt — beginnen te zwijgen: 's Menschen eeuwig
653 2220 1019 2280 zien, vooral sinds
2086 2234 2569 2297 nog lang in 't geheug
1033 2256 2076 2314 verlangen naar. „das weite Land'.... waar geen
659 2261 1018 2316 „Grondbegingelen'
2074 2278 2573 2351 genot oek maar echig
687 2288 1026 2342 restauratie van
1021 2288 2045 2353 naam voor bestaat, en dat men nimmer bereikt?“
2081 2311 2555 2372 mate heeft ons Mucs
661 2324 1024 2382 silhouet van den
2086 2349 2559 2419 symphonie geinterosse.
657 2361 1027 2414 reerst deze wilde
1063 2352 2077 2419 Het verlangen dat blijft verlangen en aan het slot
2081 2387 2561 2448 n.1. zijne opratting ec
656 2397 1027 2445 het monument tot
1024 2404 2084 2465 slechts den wecmoed houdt, ook over verkregens louter
662 2439 1025 2484 over tweo oi drie
2090 2431 2559 2497 dirigenten aan, hoofdz
1036 2444 2079 2498 weemoed, waar immers te dikwijls slechts schijn mee
656 2466 1022 2517 ichtte de heer Van
2088 2466 2571 2518 derue en vierde gede“
1037 2482 2076 2538 bchaald werd, teleurstelling, vaak met zoo iets als
644 2503 1039 2559 n. Hij meende, dat
2083 2511 2556 2570 gevallen aanzienlijk)
1029 2525 2070 2587 wreeging — hoe stäät het in De Eenzame Weg:
685 2536 1021 2582 bepaald gedeelte,
2088 2548 2578 2609 van het derde gedeel¬
1038 2560 2083 2616 stéät, hoewel in den stifl van Schnitzler. Ach, dat
653 2576 1026 2622 volledige gegevens
2091 2588 2556 2651 temcer daar de colap
1999 2598 2083 2644 de
664 2603 1017 2661 t mogelijke nauw¬
1024 2606 2004 2670 jonge verlangen wéér in Johanna, tegenover
2098 2625 2547 2680 „tempo di menuetto'
663 2644 1027 2700 ongerept te laten.
1033 2631 2088 2696 schrifning in beide onden, von Sala zoowel als
2098 2666 2560 2721 eischt o.i. het slot-ger
667 2673 1019 2738 zijn jongste voor¬
1026 2676 1978 2744 Julian Fichtner, cok von Sala, zelfs von Sala!
2089 2702 2554 2761 vlugger tempo. Deze:
660 2705 760 2761 ht.
1062 2697 2079 2768 Der Einsame Weg is twintig jaar oud,
659 2734 1018 2802 are verdiensten op
2101 2733 2558 2798 peil van de uitvoerin
1035 2751 2081 2820 Schnitzler was over de veertig heen, en hij de
647 2777 1025 2829 ab er gerestaureerd
2092 2778 2561 2850 schouwd mocht de uit:
1033 2797 2079 2861 vanlheid der vereenzaming ender wroeging en teleur¬
656 2814 1029 2863 stie van hoe en
2094 2825 2279 2880 heeten.
1030 2838 1547 2912 gesieldheid, neerschrecf.
663 2855 1031 2898 juist aan de korn
2127 2835 2537 2907 Met de uitvoering
1081 2853 2088 2925 Voor een vrij goed gevulde Tivoli-zaal hebben de
662 2881 1015 2937 deze laatste voor¬
2092 2880 2561 2951 kroon op zijn werkza
662 2913 1021 2973 zag, kwam bij mij
1034 2908 2075 2973 „Haghespelers? het gisteravond gespeeld en ze heb¬
2097 2924 2573 2987 zielde leiding wedijve
653 2954 1027 3009 et hier inderdaad
1039 2941 2082 3010 ben succes gebad, Het scherm moest telkens, meer¬
2091 2969 2563 3025 dit titanische werk in
665 2990 1013 3040 aan die Hindoe¬
1039 2983 2082 3043 malen cmhoog. Wel cen bewijs, hoo boeiend het werk
2094 3012 2550 3062 der over te brengen.
656 3022 1029 3077 reerd worden, zon¬
1035 3024 2087 3086 is, hoo krachtig dezo zoo fijno stijl. Want er kwam
2117 3043 2566 3105 Het solo-kwartet, di
656 3062 1022 3111 maar bovenal cul¬
1032 3065 2093 3138 „atmesfcer“ het voctlicht over, hoowel neon,
2104 3076 2555 3142 Meta Reidel en de P
657 3097 1023 3141 geschaad worden?
1038 3096 2096 3176 goed ,was dit spel geenszins. Een vol kregen we
678 3129 1030 3180 7 zijne restauratie¬
2104 3119 2557 3185 Denys bestond, vorme
1038 3141 2086 3207 uitmuntend, Stephan von Sala door Verkade. Zelfs
672 3165 1020 3213 het wel laat ver¬
2094 3151 2566 3223 naar buiten te trede
1032 3188 2086 3243 in do slankheid, naar den tekst; jonger uitziend, ook,
680 3205 1030 3248 ,dat het z.g. her¬
2098 3201 2554 3263 zingend koor aftecke
1044 3233 1284 3292 dan hij is.
652 3228 1032 3287 n oorspronkelijken
2102 3242 2575 3305 ook ditmaal weer hei¬
1139 3243 2099 3310 het cersto onderhoud, na langen tijd, van Sala
640 3269 1030 3320 ren, omdat het ziin
2136 3282 2564 3344 Aan het slot heeft
640 3301 1023 3357 iet bovendien toch
1035 3300 2087 3358 en Fichtner, vernemen we, bij scherp luisteren, zon¬
2107 3320 2571 3370 baat genomen om Mr
648 3344 1023 3389 echmaal niet meer
1034 3326 2105 3398 der nadruk gedaan en toch hoeischerp, de kern van
2099 3354 2562 3409 huldigen. Voor Dr. M
675 3376 1030 3426 bouwers bezitten,
1043 3376 2093 3435 hei stuk in de karakteristiek, door het twectal van
2105 3389 2570 3454 lauwerkrans en een pr
647 3402 1019 3460 rd. Uit zulke over¬
1046 3421 2087 3478 zichzelven en van Professor Wegrat gegeven. Weg¬
2103 3424 2570 3493 gebracht en ook de so
647 3443 1040 3488 ile voort, die sinds
1039 3447 2087 3507 rat’s vrouw is pas gestorven, Fichtner vraagt, hoo
646 3484 1023 3530 tvöör vernieuwen''
2097 3477 2452 3538 stukken verrast.
1045 3487 2097 3547 Wegrat dat draagt, en Sala antwoordt: „Lieber
658 3500 1037 3566 lierin verschilt hij¬
1033 3527 2105 3588 Julian, der Mann hat einen Beruf, Ich glaube, wir
657 3546 1039 3600 tellig de hier aan¬
2449 3537 2578 3607 Ch
1029 3561 2101 3614 können das gar nicht fassen, die wir von Gnaden
645 3578 1033 3633 reven stellig ver¬
1042 3609 2094 3671 des Augenblicks Götter — und zuweilen etwas weni¬
642 3612 1029 3682 orwaardelijk tegen
2103 3611 2591 3693 Christiaan P. W. Ky.
1033 3650 1534 3721 ger als Menschen sind.“
2103 3667 2579 3734 in de stad Haarlem, W
638 3668 1032 3745 vooral bis de Indi¬
1067 3670 2092 3736 Juist — do twee die zich alles veroorloofd hebben
2109 3703 2571 3765 zcoveel gedaan heeft,
640 3717 1039 3789 meen glibberige en
1038 3728 2099 3776 en die nu daarvcor worden gestraft. Maar die ook
2105 3747 2575 3807 opgemerkt voorbij gas
1045 3760 2095 3828 woden wisten te zijn, al moet Fichtner weldra er¬
653 3777 1033 3845 in die de heer Van
2107 3785 2583 3849 in geheel ops land hee
1046 3801 2093 3855 varen, dat hij met zisn „Arbeiten kein rechtes Glück
654 3829 1029 3876 reeks dikwijls aan¬
2118 3811 2576 3884 vergeten zullen. Re
1040 3852 2107 3896 hatte“. „Ich bin sehr verwöhnt gewesen, Sala, Mein
647 3861 1036 3911 jjgaan, heb ik toch
2102 3857 2569 3916 nettist mede aan het !
1045 3878 2096 3934 Leben ist bis zu einer gewissen Epoche wie in einem
648 3895 1034 3944 traan durfde begin¬
2114 3902 2577 3961 volgde zijn aanstellin;
1046 3921 2105 3981 Rausch von Zärtlichkeit und Leidenschaft, ja von
645 3922 1038 3981 1 het gevoel, alsof
2107 3943 2583 3999 mermusiker' tot eers
1052 3950 2088 4020 Macht dahingeflossen. Und damit geht es zu Ende'
651 3958 1045 4020 n Brederode of de
2112 3980 2570 4038 vermaarde orkest v
658 4003 1045 4062 1t maar weer eens
1081 3992 2097 4049 — Geht, doch er was het verleden. Zooals het ook
2108 4017 2572 4073 semble kreeg Kriens c
655 4035 860 4083 st was!
1044 4035 2103 4089 wät „gaat“ met Julian's materieele omstandigheden
2104 4062 2582 4113 klar etspeler. In 1881
655 4053 1037 4118 en stellen: zijn wij,
1045 4066 2113 4143 hij zal het een en ander van de hand moeten doen,
649 4110 1042 4153 #t die kunstwerken
2112 4101 2581 4149 aan het hoofd van het
1050 4110 2111 4170 voor het oogenblik heeft hij het ook daarin iets min¬
661 4137 1045 4184 geest, die ons z00
2105 4137 2558 4199 jaar heeft hij met de
1050 4163 1262 4217 der goed.
654 4174 1043 4230 is? Wij staan toch
2115 4173 2582 4232 ten dienste gesteld w
1083 4169 2108 4250 Wezien dus een kunstenaar, die don juan kon spe¬
648 4210 1044 4266 rin deze monumen¬
2113 4209 2569 4269 want vooral het H
1048 4227 2107 4294 len zonder inspanning, die makkeljjk mooie dingen
691 4241 1041 4290 ons heen gezien,
2122 4257 2546 4311 overal goeden naam.
667 4274 1034 4326 v. een modern, dik¬
1052 4267 2108 4323 maakte, die weelde had — en nu, verouderd, het in
