3392 4256
1442 230 1917 321 box 23/5
299 225 1304 335 18. Der einsane Nag
536 824 884 931 3.SE P. 1933
719 946 890 1051 Flotzes
954 874 1344 1050 per Journal, Aien
589 1031 3085 1111 W
1813 1099 3074 1185 italienischen Tournee teilzunehmen, die nach Rom, Mailand,
1813 1150 3046 1220 Florenz, Verona und Triest führen soll und in deren Verlauf
694 1094 1742 1222 Burgschauspielerin am
1820 1199 3053 1256 ich in deutscher Sprache vor allem in einem Stück von Wedekind
673 1218 858 1322 N 48.
1822 1244 3061 1319 spielen soll. Dies würde mich schon aus dem Grunde sehr verlocken,
1003 1229 1518 1330 scheideweg.
1805 1293 3050 1354 da mir dadurch die Mission übertragen wäre, durch meine Mit¬
1152 1324 1276 1395 Von
1796 1349 3054 1417 wirkung zum erstenmal in Italien ein Werk von Wedekind zur
895 1358 1524 1462 Hilde Wagener=Treßler.
1810 1385 3052 1465 Aufführung zu bringen. Ich schwanke da noch zwischen „Sonnen¬
1804 1444 3053 1510 spektrum“ und der Lulu im „Erdgeist". Außerdem soll ich auf
1005 1433 1416 1523 Aus einem Gespräch.
1812 1487 3048 1556 dieser Tournee in einer modernen Gesellschaftskomödie spielen,
697 1487 1816 1580 Wenn man als Schauspielerin nach den Ferien in das
1819 1536 3049 1592 wobei mir, da ich am liebsten in dem Stück eines Oesterreichers
594 1566 1817 1622 Theater, in dem man engagiert ist, zurückkehrt, freut man sich
1820 1584 3050 1677 in Italien spielen möchte, ein neues Lustspiel von Sil=Vara
583 1613 1813 1673 darüber, wenn man eine lange Reihe von Aufgaben vorfindet
1813 1627 2038 1704 vorschwebt.
581 1661 1816 1720 und der Theaterdiener recht oft erscheint, um neue Rollen zu
1910 1697 3051 1769 Ein zweiter Tourneeantrag kommt aus Berlin von dem
589 1710 1815 1768 überbringen. Dies ist bei mir heuer leider nicht der Fall gewesen,
1819 1744 3052 1809 Gastspieldirektor Fischer, der mich gemeinsam mit Albert
588 1772 1814 1826 ich habe nur erfahren, daß ich im Laufe dieser Spielzeit die
1814 1791 3044 1880 Bassermann und Alexander Moissi in den Monaten Oktober
576 1812 1803 1874 Titelrollen in Ibsens „Nora“ und in Gerhart Hauptmanns „Elga“
1817 1846 3037 1902 und November durch Frankreich, Holland, Skandinavien und
588 1852 1808 1925 spielen soll. Um so mehr Anträge habe ich aber von auswärts
1810 1896 3034 1979 die Schweiz führen will. Geplant sind Aufführungen von Artur
593 1919 1816 1969 erhalten, und ich muß mich nun, da ich in jedem Spieljahr
1804 1938 3034 2013 Schnitzlers „Der einsame Weg“, in dem ich neben Bassermann
594 1941 1808 2013 Anspruch auf zwei Monate Urlaub habe, zunächst mit der Frage
580 1987 3045 2064 beschäftigen, welches dieser Angebote mir die meisten künstlerischen die Johanna spielen soll. Dann will man auch noch „Don
1801 2038 3047 2117 Carlos“ mit Bassermann als König Philipp, Moissi als Carlos
581 2043 1114 2122 Chancen zu besitzen scheint.
1806 2083 2695 2162 und mir als Eboli, zur Aufführung bringen.
693 2070 1824 2147 Je größer die Zahl der Anträge ist, desto bedeutender
594 2133 1820 2207 natürlich auch die Qual der Wahl. So ist man zunächst an mich
1906 2149 3037 2218 Wenn man anderseits einmal vom Tonfilm gekostet hat,
590 2188 3046 2286 herangetreten, in den Monaten November und Dezember an einer so verlockt es natürlich sehr, wenn man auf diesem Kunstgebiet
1758 2274 3077 2363 seinen neuen Antrag zur Mitwirkung erhält. Eine franzoische ##
1775 2344 3023 2403 Gesellschaft will nämlich im Oktober mit mir und Otto Treßler,
1766 2382 3005 2462 meinem Gatten, in Wien einen Film „Die Götter der Welt“
1760 2424 3018 2501 aufnehmen, in dem für uns beide sehr gute Rollen enthalten
1767 2484 3021 2552 sein sollen. Es liegen aber auch Anträge von zwei Wiener
1771 2542 3010 2595 Bühnen vor, wobei mir in einem Falle zugemutet wird, in
1768 2588 3019 2640 einem Singspiel aufzutreten. Gesangleistungen werden freilich
1771 2637 3013 2696 nur die anderen zu bieten haben, während mir eine Sprechrolle
1766 2675 3014 2738 zugewiesen werden soll. Nachdem es aber ein musikalisches Lust¬
1774 2702 3016 2785 spiel ist, hat man mir verschämt angedeutet, daß ich auch ein
1754 2756 3021 2854 bißchen zu singen habe, was mir aber keineswegs Angst ein¬
1757 2821 3014 2888 gejagt hat, da ich im Verlauf meiner Bühnenlätigkeit die Er¬
1759 2872 3007 2943 fahrung gemacht habe, daß ein Schauspieler all das kann, was
1759 2915 3005 2980 er können will. Es ist übrigens auch ein Brief aus Berlin ein¬
1750 2964 3005 3044 gelangt, wo man mich dazu verpflichten will, im Kurfürsten¬
1753 3016 3008 3075 dammtheater in einer modernen Komödie, „Lola“ von Tibor
1749 3052 3013 3132 Yost, die Titelrolle darzustellen. Man hat mir die Uebersendung
1760 3118 3005 3176 des Stückes in Aussicht gestellt und so viel Schönes von der
1759 3159 3019 3243 Rolle geschrieben, daß ich auch diese Versuchung nicht ganz von
1767 3217 2134 3290 mir weisen kann."
1849 3242 3002 3329 Dies alles sind aber nur Pläne und Projekte, mit denen
1761 3314 3009 3376 sich eine Schauspielerin, die zumindest in den vier nächsten
1756 3359 3004 3431 Novitäten ihres Theaters nichts zu tun hat, selbstverständlich
1752 3412 3010 3471 angelegentlich beschäftigt. Ob es mir möglich sein wird, in
1752 3451 3001 3522 einem dieser Fälle meine Mitwirkung zu versprechen, hängt
1754 3503 2999 3574 freilich nicht von mir ab, sondern von Direktor Röbbeling und
1748 3556 2996 3633 der Obersten Bundestheaterbehörde. Wenn diese es für angezeigt
1747 3610 3001 3672 finden werden, noch in diesem Herbst für zwei Monate auf
1746 3644 3000 3714 meine künstlerische Mitwirkung zu verzichten, werde ich mit
1751 3705 3008 3777 Feuereifer einem dieser Angebote Folge leisten, ob es mich nun
1759 3753 2862 3818 in den Süden oder in den Westen Europas führen wird.
