<?xml version="1.0" encoding="UTF-8" standalone="yes"?>
<PcGts xmlns="http://schema.primaresearch.org/PAGE/gts/pagecontent/2013-07-15" xmlns:xsi="http://www.w3.org/2001/XMLSchema-instance" xsi:schemaLocation="http://schema.primaresearch.org/PAGE/gts/pagecontent/2013-07-15 http://schema.primaresearch.org/PAGE/gts/pagecontent/2013-07-15/pagecontent.xsd">
    <Metadata>
        <Creator>prov=University of Rostock/Institute of Mathematics/CITlab/Gundram Leifert/gundram.leifert@uni-rostock.de:name=ONB_Newseye_GT_M1+(htr_id=10810)::::v=2.4.2
prov=University of Rostock/Institute of Mathematics/CITlab/Tobias Gruening/tobias.gruening@uni-rostock.de:name=de.uros.citlab.module.baseline2polygon.B2PSeamMultiOriented:v=2.4.2
prov=University of Rostock/Institute of Mathematics/CITlab/Tobias Gruening/tobias.gruening@uni-rostock.de:name=/mnt/transkribus/LA/DEA/URO/LA_news_onb_att.pb:de.uros.citlab.segmentation.CITlab_LA_ML:v=2.4.2
Transkribus</Creator>
        <Created>2019-10-07T11:32:13.357+02:00</Created>
        <LastChange>2019-10-08T15:14:57.502+02:00</LastChange>
        <TranskribusMetadata docId="223970" pageId="9502766" pageNr="678" tsid="16595029" status="IN_PROGRESS" userId="40391" imgUrl="https://files.transkribus.eu/Get?id=IOKSGGNTVMMCOHQXUEDWVKHI&amp;fileType=view" xmlUrl="https://files.transkribus.eu/Get?id=HHGYVCRVZPHHXTXNPWZSMUGA" imageId="6192980"/>
    </Metadata>
    <Page imageFilename="223970_0678.jpeg" imageWidth="3484" imageHeight="4352">
        <ReadingOrder>
            <OrderedGroup id="ro_1711450998689" caption="Regions reading order">
                <RegionRefIndexed index="0" regionRef="r1"/>
            </OrderedGroup>
        </ReadingOrder>
        <TextRegion orientation="0.0" id="r1" custom="readingOrder {index:0;}">
            <Coords points="357,396 357,3405 3482,3405 3482,396"/>
            <TextLine id="r1l1" custom="readingOrder {index:0;}">
                <Coords points="1511,453 1630,454 1695,423 1745,453 1785,431 1861,443 1897,421 1915,435 1973,421 1970,360 1768,362 1708,388 1676,374 1508,372"/>
                <Baseline points="1525,436 1550,433 1575,431 1601,430 1626,428 1652,427 1677,425 1703,425 1728,424 1754,424 1779,423 1805,422 1830,422 1856,421 1881,420 1907,419 1932,418 1958,416"/>
                <TextEquiv>
                    <Unicode>box 23/5</Unicode>
                </TextEquiv>
            </TextLine>
            <TextLine id="r1l2" custom="readingOrder {index:1;}">
                <Coords points="856,434 876,434 891,445 972,442 980,436 986,442 1059,441 1058,395 1023,404 1009,395 977,401 963,390 945,399 916,387 893,399 856,394"/>
                <Baseline points="871,437 899,437 928,436 957,436 985,436 1014,436 1043,435"/>
                <TextEquiv>
                    <Unicode>HSGE</Unicode>
                </TextEquiv>
            </TextLine>
            <TextLine id="r1l3" custom="readingOrder {index:2;}">
                <Coords points="344,493 543,452 653,492 1318,483 1476,452 1476,406 1212,380 1022,383 901,434 808,397 343,409"/>
                <Baseline points="357,449 412,455 467,458 522,462 578,463 633,465 688,465 743,465 799,464 854,463 909,461 964,460 1020,457 1075,456 1130,454 1185,452 1241,450 1296,449 1351,448 1406,448 1462,449"/>
                <TextEquiv>
                    <Unicode>18. Der c „ane Neg</Unicode>
                </TextEquiv>
            </TextLine>
            <TextLine id="r1l4" custom="readingOrder {index:3;}">
                <Coords points="1685,1614 3476,1591 3475,1539 1684,1559"/>
                <Baseline points="1700,1603 1788,1602 1876,1601 1964,1600 2052,1599 2140,1598 2228,1597 2316,1596 2404,1594 2492,1593 2580,1592 2668,1591 2756,1590 2844,1590 2932,1589 3020,1589 3108,1588 3196,1588 3284,1588 3372,1589 3460,1589"/>
                <TextEquiv>
                    <Unicode>auch sprechen muß, so mit dem Geist dieser Stimmung zu 1 Thema war bedeutsamer als sei</Unicode>
                </TextEquiv>
            </TextLine>
            <TextLine id="r1l5" custom="readingOrder {index:4;}">
                <Coords points="2844,1633 3454,1636 3454,1595 3413,1589 2844,1595"/>
                <Baseline points="2859,1633 2888,1632 2917,1632 2946,1631 2975,1631 3004,1631 3033,1631 3062,1631 3091,1631 3120,1632 3149,1632 3178,1632 3207,1633 3236,1633 3265,1633 3294,1633 3323,1634 3352,1634 3381,1633 3410,1633 3440,1633"/>
                <TextEquiv>
                    <Unicode>ob des Mangels an großer schöp</Unicode>
                </TextEquiv>
            </TextLine>
            <TextLine id="r1l6" custom="readingOrder {index:5;}">
                <Coords points="1696,1646 2820,1644 2851,1586 1696,1614"/>
                <Baseline points="1709,1641 1765,1640 1821,1639 1878,1639 1934,1638 1990,1637 2047,1637 2103,1636 2159,1636 2216,1636 2272,1635 2328,1635 2385,1634 2441,1634 2497,1634 2554,1634 2610,1633 2666,1633 2723,1633 2779,1633 2836,1632"/>
                <TextEquiv>
                    <Unicode>füllen, daß sie die harten Konturen verlieren und sich dem</Unicode>
                </TextEquiv>
            </TextLine>
            <TextLine id="r1l7" custom="readingOrder {index:6;}">
                <Coords points="752,1645 1313,1639 1535,1668 1536,1581 753,1582"/>
                <Baseline points="766,1631 803,1632 841,1634 879,1635 917,1636 955,1637 992,1637 1030,1637 1068,1637 1106,1637 1144,1638 1181,1638 1219,1638 1257,1638 1295,1638 1333,1638 1370,1639 1408,1639 1446,1640 1484,1641 1522,1643"/>
                <TextEquiv>
                    <Unicode>Der einsame Weg.#%</Unicode>
                </TextEquiv>
            </TextLine>
            <TextLine id="r1l8" custom="readingOrder {index:7;}">
                <Coords points="494,1678 535,1679 552,1690 569,1677 593,1691 626,1660 655,1661 648,1529 591,1543 564,1571 549,1560 488,1569"/>
                <Baseline points="509,1667 535,1664 561,1661 588,1659 614,1658 641,1663"/>
                <TextEquiv>
                    <Unicode>0</Unicode>
                </TextEquiv>
            </TextLine>
            <TextLine id="r1l9" custom="readingOrder {index:8;}">
                <Coords points="2849,1695 3031,1671 3401,1671 3467,1691 3467,1639 2849,1640"/>
                <Baseline points="2863,1675 2892,1674 2922,1673 2951,1672 2981,1671 3010,1671 3040,1671 3069,1671 3099,1671 3128,1671 3158,1671 3188,1671 3217,1672 3247,1672 3276,1672 3306,1672 3335,1673 3365,1673 3394,1672 3424,1672 3454,1672"/>
                <TextEquiv>
                    <Unicode>Fehlens des Temperaments, da</Unicode>
                </TextEquiv>
            </TextLine>
            <TextLine id="r1l10" custom="readingOrder {index:9;}">
                <Coords points="1694,1685 2841,1680 2841,1640 2731,1627 1694,1636"/>
                <Baseline points="1710,1678 1765,1678 1821,1678 1877,1677 1933,1677 1989,1677 2045,1676 2101,1675 2157,1675 2213,1674 2269,1674 2324,1673 2380,1672 2436,1672 2492,1671 2548,1671 2604,1670 2660,1670 2716,1669 2772,1669 2828,1669"/>
                <TextEquiv>
                    <Unicode>Schleierbilde mühelos anbequemen. Er sagt es ohne den Unter¬</Unicode>
                </TextEquiv>
            </TextLine>
            <TextLine id="r1l11" custom="readingOrder {index:10;}">
                <Coords points="635,1703 1297,1692 1297,1652 1184,1643 1045,1657 936,1640 892,1660 748,1631 635,1648"/>
                <Baseline points="651,1685 682,1687 714,1689 745,1691 777,1692 809,1693 840,1693 872,1693 903,1693 935,1693 967,1693 998,1692 1030,1692 1061,1691 1093,1691 1125,1691 1156,1690 1188,1690 1219,1691 1251,1691 1283,1692"/>
                <TextEquiv>
                    <Unicode>Schauspiel in 5 Akten von Arthur</Unicode>
                </TextEquiv>
            </TextLine>
            <TextLine id="r1l12" custom="readingOrder {index:11;}">
                <Coords points="2844,1702 2908,1722 3026,1707 3046,1724 3133,1706 3228,1723 3451,1707 3451,1687 3410,1673 2844,1676"/>
                <Baseline points="2860,1716 2888,1714 2917,1713 2946,1712 2975,1711 3004,1711 3032,1710 3061,1710 3090,1710 3119,1710 3148,1710 3176,1710 3205,1710 3234,1710 3263,1710 3292,1710 3320,1710 3349,1710 3378,1710 3407,1710 3436,1710"/>
                <TextEquiv>
                    <Unicode> niemals ganz entbehren kann.</Unicode>
                </TextEquiv>
            </TextLine>
            <TextLine id="r1l13" custom="readingOrder {index:12;}">
                <Coords points="1695,1717 2842,1704 2812,1670 1694,1685"/>
                <Baseline points="1709,1716 1764,1716 1820,1716 1876,1716 1932,1716 1988,1716 2044,1715 2100,1715 2156,1715 2212,1714 2268,1713 2323,1713 2379,1712 2435,1711 2491,1711 2547,1710 2603,1708 2659,1707 2715,1706 2771,1705 2827,1703"/>
                <TextEquiv>
                    <Unicode>ton großer Leidenschaft, er singt kein Lied wilder Verzweif¬</Unicode>
                </TextEquiv>
            </TextLine>
            <TextLine id="r1l14" custom="readingOrder {index:13;}">
                <Coords points="506,1751 1690,1741 1650,1686 506,1682"/>
                <Baseline points="521,1741 578,1741 636,1741 694,1741 752,1742 809,1742 867,1742 925,1743 983,1743 1040,1743 1098,1744 1156,1744 1214,1744 1271,1744 1329,1744 1387,1744 1445,1744 1502,1743 1560,1742 1618,1741 1676,1740"/>
                <TextEquiv>
                    <Unicode>Zweiter literarischer Abend des=nsaters.</Unicode>
                </TextEquiv>
            </TextLine>
            <TextLine id="r1l15" custom="readingOrder {index:14;}">
                <Coords points="2846,1758 3432,1759 3470,1750 3470,1712 2846,1715"/>
                <Baseline points="2860,1754 2889,1753 2919,1751 2949,1750 2978,1749 3008,1748 3038,1748 3067,1748 3097,1748 3127,1748 3157,1748 3186,1749 3216,1749 3246,1750 3275,1750 3305,1750 3335,1750 3364,1749 3394,1749 3424,1748 3454,1747"/>
                <TextEquiv>
                    <Unicode>lung hätte statt der Resignation</Unicode>
                </TextEquiv>
            </TextLine>
            <TextLine id="r1l16" custom="readingOrder {index:15;}">
                <Coords points="1688,1766 2849,1739 2848,1699 1687,1722"/>
                <Baseline points="1703,1759 1759,1758 1816,1757 1872,1757 1929,1756 1985,1755 2042,1754 2098,1753 2155,1752 2211,1751 2268,1750 2325,1749 2381,1748 2438,1747 2494,1746 2551,1745 2607,1745 2664,1744 2720,1744 2777,1744 2834,1744"/>
                <TextEquiv>
                    <Unicode>lung, nicht einmal ein bewegliches Klagelied, nur ein graues</Unicode>
                </TextEquiv>
            </TextLine>
            <TextLine id="r1l17" custom="readingOrder {index:16;}">
                <Coords points="1687,1810 2825,1791 2845,1748 1687,1761"/>
                <Baseline points="1701,1791 1757,1792 1814,1793 1870,1793 1927,1794 1983,1794 2040,1794 2096,1793 2153,1793 2209,1792 2266,1791 2323,1790 2379,1789 2436,1788 2492,1787 2549,1786 2605,1785 2662,1784 2718,1783 2775,1782 2832,1782"/>
                <TextEquiv>
                    <Unicode>Gedicht, von dem man meint, es könne nie ein Ende finden.</Unicode>
                </TextEquiv>
            </TextLine>
            <TextLine id="r1l18" custom="readingOrder {index:17;}">
                <Coords points="2857,1800 3449,1798 3483,1781 3483,1740 2856,1765"/>
                <Baseline points="2870,1793 2899,1792 2929,1792 2959,1792 2989,1791 3019,1791 3049,1791 3079,1792 3109,1792 3139,1792 3169,1792 3198,1792 3228,1792 3258,1792 3288,1792 3318,1792 3348,1792 3378,1791 3408,1790 3438,1789 3468,1788"/>
                <TextEquiv>
                    <Unicode>Thema schreit nach dem großen</Unicode>
                </TextEquiv>
            </TextLine>
            <TextLine id="r1l19" custom="readingOrder {index:18;}">
                <Coords points="590,1801 1512,1805 1688,1764 590,1767"/>
                <Baseline points="605,1790 658,1792 711,1794 765,1796 818,1797 872,1798 925,1798 979,1799 1032,1799 1086,1799 1139,1799 1192,1799 1246,1798 1299,1798 1353,1797 1406,1796 1460,1795 1513,1794 1567,1792 1620,1791 1674,1789"/>
                <TextEquiv>
                    <Unicode>Schleier über alles! Das Wort, das du frisch und lebens¬</Unicode>
                </TextEquiv>
            </TextLine>
            <TextLine id="r1l20" custom="readingOrder {index:19;}">
                <Coords points="1774,1830 2843,1823 2842,1783 2686,1779 1773,1798"/>
                <Baseline points="1787,1832 1839,1833 1891,1833 1943,1833 1995,1833 2047,1833 2099,1833 2151,1832 2203,1831 2255,1831 2307,1830 2359,1829 2411,1828 2463,1827 2515,1826 2567,1825 2619,1824 2671,1823 2723,1821 2775,1820 2827,1819"/>
                <TextEquiv>
                    <Unicode>Es hat auch keines gefunden. Willkürlich ist der Rahmen,</Unicode>
                </TextEquiv>
            </TextLine>
            <TextLine id="r1l21" custom="readingOrder {index:20;}">
                <Coords points="2861,1833 3029,1834 3081,1857 3139,1837 3260,1857 3485,1840 3485,1799 3454,1793 2861,1802"/>
                <Baseline points="2876,1835 2905,1833 2935,1832 2965,1831 2995,1830 3024,1830 3054,1830 3084,1830 3114,1830 3143,1831 3173,1831 3203,1831 3233,1832 3262,1832 3292,1833 3322,1833 3352,1833 3381,1832 3411,1832 3441,1831 3471,1829"/>
                <TextEquiv>
                    <Unicode>entweder die Klärung des Himn</Unicode>
                </TextEquiv>
            </TextLine>
            <TextLine id="r1l22" custom="readingOrder {index:21;}">
                <Coords points="508,1850 1693,1846 1672,1789 508,1792"/>
                <Baseline points="523,1837 580,1836 638,1836 696,1836 754,1836 812,1836 869,1836 927,1837 985,1837 1043,1837 1101,1837 1158,1837 1216,1837 1274,1837 1332,1837 1390,1836 1447,1836 1505,1834 1563,1833 1621,1831 1679,1829"/>
                <TextEquiv>
                    <Unicode>toarm in die Welt sendest, ist schon im nächsten Augenblick</Unicode>
                </TextEquiv>
            </TextLine>
            <TextLine id="r1l23" custom="readingOrder {index:22;}">
                <Coords points="1691,1880 2852,1850 2823,1804 2560,1837 1690,1825"/>
                <Baseline points="1705,1873 1761,1873 1818,1873 1874,1874 1931,1873 1988,1873 2044,1873 2101,1872 2157,1871 2214,1871 2271,1870 2327,1869 2384,1867 2440,1866 2497,1865 2554,1864 2610,1862 2667,1861 2723,1859 2780,1857 2837,1856"/>
                <TextEquiv>
                    <Unicode>in den es Schnitzler gespannt hat. Die Töne des Liedes</Unicode>
                </TextEquiv>
            </TextLine>
            <TextLine id="r1l24" custom="readingOrder {index:23;}">
                <Coords points="2860,1888 2921,1880 2930,1886 2955,1873 3042,1885 3053,1873 3068,1873 3066,1829 3049,1827 3032,1836 2888,1841 2859,1851"/>
                <Baseline points="2875,1875 2900,1872 2926,1871 2951,1869 2977,1869 3002,1869 3028,1868 3054,1868"/>
                <TextEquiv>
                    <Unicode>gen muß.</Unicode>
                </TextEquiv>
            </TextLine>
            <TextLine id="r1l25" custom="readingOrder {index:24;}">
                <Coords points="513,1892 1680,1882 1680,1841 513,1848"/>
                <Baseline points="527,1874 584,1875 641,1875 698,1876 755,1876 812,1877 869,1877 926,1877 983,1877 1040,1877 1097,1877 1154,1877 1211,1877 1268,1877 1325,1876 1382,1876 1439,1876 1496,1875 1553,1874 1610,1874 1667,1873"/>
                <TextEquiv>
                    <Unicode>im Schoße der Vergangenheit versunken. Das Glück, der</Unicode>
                </TextEquiv>
            </TextLine>
            <TextLine id="r1l26" custom="readingOrder {index:25;}">
                <Coords points="1695,1929 2848,1903 2812,1851 1694,1880"/>
                <Baseline points="1709,1915 1765,1914 1821,1913 1877,1912 1934,1911 1990,1911 2046,1910 2102,1909 2159,1909 2215,1908 2271,1907 2327,1907 2384,1906 2440,1905 2496,1903 2552,1902 2609,1901 2665,1899 2721,1896 2777,1895 2834,1892"/>
                <TextEquiv>
                    <Unicode>schwingen über ihn hinaus. Ein Drama ist das Werk nicht</Unicode>
                </TextEquiv>
            </TextLine>
            <TextLine id="r1l27" custom="readingOrder {index:26;}">
                <Coords points="523,1916 1679,1925 1678,1873 1595,1870 523,1884"/>
                <Baseline points="538,1916 594,1916 650,1916 707,1917 763,1917 819,1917 876,1917 932,1918 988,1918 1045,1918 1101,1918 1157,1918 1214,1917 1270,1917 1326,1917 1383,1916 1439,1915 1495,1913 1552,1912 1608,1910 1665,1908"/>
                <TextEquiv>
                    <Unicode>Schmerz, der dir heute ans Herz greift, ruht morgen schon im</Unicode>
                </TextEquiv>
            </TextLine>
            <TextLine id="r1l28" custom="readingOrder {index:27;}">
                <Coords points="2917,1923 3471,1921 3472,1860 3405,1877 3362,1854 3295,1879 3238,1864 2917,1877"/>
                <Baseline points="2931,1914 2957,1914 2983,1913 3009,1914 3036,1914 3062,1914 3088,1914 3115,1915 3141,1915 3167,1916 3194,1917 3220,1917 3246,1917 3272,1918 3299,1918 3325,1918 3351,1917 3378,1917 3404,1916 3430,1915 3457,1913"/>
                <TextEquiv>
                    <Unicode>Mit der Aufführung (Regie</Unicode>
                </TextEquiv>
            </TextLine>
            <TextLine id="r1l29" custom="readingOrder {index:28;}">
                <Coords points="1687,1955 2849,1943 2848,1897 2619,1892 1687,1920"/>
                <Baseline points="1701,1956 1757,1954 1814,1952 1870,1951 1927,1950 1984,1949 2040,1948 2097,1947 2153,1947 2210,1946 2267,1945 2323,1945 2380,1944 2436,1943 2493,1942 2550,1941 2606,1939 2663,1938 2719,1936 2776,1934 2833,1931"/>
                <TextEquiv>
                    <Unicode>zu nennen, und die Dramentechnik ist aufs sträflichste verletzt.</Unicode>
                </TextEquiv>
            </TextLine>
            <TextLine id="r1l30" custom="readingOrder {index:29;}">
                <Coords points="513,1973 1559,1944 1675,1973 1692,1912 513,1918"/>
                <Baseline points="527,1959 584,1958 642,1957 699,1956 757,1956 814,1956 872,1956 929,1956 987,1956 1044,1956 1102,1956 1159,1956 1217,1956 1274,1956 1332,1955 1389,1955 1447,1954 1504,1953 1562,1952 1619,1950 1677,1948"/>
                <TextEquiv>
                    <Unicode>Reiche der Toten. Wie willst du die Stunde halten? Sie</Unicode>
                </TextEquiv>
            </TextLine>
            <TextLine id="r1l31" custom="readingOrder {index:30;}">
                <Coords points="2853,1966 3465,1965 3465,1922 3142,1931 3124,1914 2971,1926 2853,1909"/>
                <Baseline points="2866,1960 2895,1959 2924,1959 2953,1959 2983,1959 3012,1959 3041,1959 3070,1959 3100,1959 3129,1959 3158,1959 3187,1959 3217,1959 3246,1959 3275,1959 3304,1959 3334,1958 3363,1958 3392,1958 3421,1958 3451,1957"/>
                <TextEquiv>
                    <Unicode>kannch mich nicht einverstande</Unicode>
                </TextEquiv>
            </TextLine>
            <TextLine id="r1l32" custom="readingOrder {index:31;}">
                <Coords points="1688,1994 2849,1979 2814,1939 1687,1956"/>
                <Baseline points="1701,1991 1757,1989 1814,1988 1870,1987 1927,1986 1984,1986 2040,1985 2097,1985 2153,1985 2210,1984 2267,1984 2323,1984 2380,1983 2436,1983 2493,1982 2550,1981 2606,1979 2663,1978 2719,1975 2776,1973 2833,1970"/>
                <TextEquiv>
                    <Unicode>Die Komvosition läßt so gut wie alles zu wünschen übrig, und</Unicode>
                </TextEquiv>
            </TextLine>
            <TextLine id="r1l33" custom="readingOrder {index:32;}">
                <Coords points="523,1992 1687,1981 1686,1947 1582,1945 522,1961"/>
                <Baseline points="536,1999 592,1998 649,1997 706,1997 763,1997 820,1996 877,1996 933,1996 990,1996 1047,1996 1104,1996 1161,1996 1218,1996 1275,1996 1331,1995 1388,1995 1445,1993 1502,1992 1559,1990 1616,1989 1673,1986"/>
                <TextEquiv>
                    <Unicode>windet sich dir, sanft oder unbarmherzig hart, aus den Hän¬</Unicode>
                </TextEquiv>
            </TextLine>
            <TextLine id="r1l34" custom="readingOrder {index:33;}">
                <Coords points="2864,2006 3066,1993 3170,2015 3236,1992 3277,2012 3412,1990 3444,2007 3476,2004 3476,1955 3219,1974 3144,1955 2863,1963"/>
                <Baseline points="2878,2001 2907,2000 2936,2000 2965,1999 2994,1999 3023,1999 3052,1999 3082,1999 3111,2000 3140,2000 3169,2000 3198,2000 3227,2000 3256,2000 3286,1999 3315,1999 3344,1998 3373,1997 3402,1996 3431,1994 3461,1992"/>
                <TextEquiv>
                    <Unicode>monotone Melodie, nach der Sch</Unicode>
                </TextEquiv>
            </TextLine>
            <TextLine id="r1l35" custom="readingOrder {index:34;}">
                <Coords points="1689,2025 2691,2035 2844,2021 2844,1975 1688,1982"/>
                <Baseline points="1703,2028 1759,2027 1815,2026 1872,2025 1928,2024 1985,2024 2041,2023 2097,2023 2154,2023 2210,2022 2267,2022 2323,2021 2379,2021 2436,2020 2492,2019 2549,2018 2605,2017 2661,2016 2718,2013 2774,2011 2831,2008"/>
                <TextEquiv>
                    <Unicode>es fehlt vor allem an einem festen Standpunkt, den der Autor</Unicode>
                </TextEquiv>
            </TextLine>
            <TextLine id="r1l36" custom="readingOrder {index:35;}">
                <Coords points="515,2049 1685,2038 1684,1994 621,2011 514,1982"/>
                <Baseline points="530,2037 589,2036 649,2036 709,2036 769,2036 829,2036 889,2036 949,2036 1009,2036 1069,2035 1129,2035 1189,2035 1249,2035 1309,2035 1369,2034 1429,2034 1489,2033 1549,2032 1609,2031 1669,2030"/>
                <TextEquiv>
                    <Unicode>den, entflieht dir, noch ch du ihren letzten, ihren tiefsten Sinn</Unicode>
                </TextEquiv>
            </TextLine>
            <TextLine id="r1l37" custom="readingOrder {index:36;}">
                <Coords points="2848,2029 2975,2055 2995,2038 3463,2051 3495,2036 3495,2008 3414,1990 3232,1991 3165,2014 2848,1989"/>
                <Baseline points="2863,2035 2893,2036 2924,2037 2955,2038 2986,2039 3017,2039 3048,2039 3079,2040 3110,2040 3141,2040 3172,2040 3202,2039 3233,2039 3264,2039 3295,2038 3326,2038 3357,2037 3388,2037 3419,2036 3450,2035 3481,2035"/>
                <TextEquiv>
                    <Unicode>zn ihrem Recht. Wie der Klaug</Unicode>
                </TextEquiv>
            </TextLine>
            <TextLine id="r1l38" custom="readingOrder {index:37;}">
                <Coords points="1689,2071 2723,2070 2853,2062 2852,2010 1688,2030"/>
                <Baseline points="1703,2070 1759,2068 1816,2067 1873,2066 1930,2065 1987,2064 2043,2064 2100,2063 2157,2062 2214,2062 2271,2061 2327,2060 2384,2059 2441,2058 2498,2057 2555,2056 2611,2054 2668,2053 2725,2051 2782,2049 2839,2046"/>
                <TextEquiv>
                    <Unicode>seinen Personen gegenüber einnimmt, an einem sichern</Unicode>
                </TextEquiv>
            </TextLine>
            <TextLine id="r1l39" custom="readingOrder {index:38;}">
                <Coords points="526,2078 1682,2090 1682,2035 526,2046"/>
                <Baseline points="540,2076 596,2076 652,2076 709,2076 765,2076 821,2076 878,2076 934,2076 990,2075 1047,2075 1103,2075 1159,2075 1216,2075 1272,2075 1328,2074 1385,2074 1441,2073 1497,2073 1554,2072 1610,2071 1667,2070"/>
                <TextEquiv>
                    <Unicode>erkannt hast. Schleier über alles! Und nur eins bleibt dir:</Unicode>
                </TextEquiv>
            </TextLine>
            <TextLine id="r1l40" custom="readingOrder {index:39;}">
                <Coords points="2861,2079 3156,2095 3222,2074 3332,2091 3396,2073 3482,2090 3482,2035 3465,2032 3211,2051 3173,2034 2994,2038 2974,2056 2861,2039"/>
                <Baseline points="2875,2077 2904,2078 2934,2078 2963,2078 2993,2079 3023,2079 3052,2079 3082,2079 3111,2079 3141,2079 3171,2079 3200,2079 3230,2079 3259,2078 3289,2078 3319,2077 3348,2077 3378,2076 3407,2075 3437,2074 3467,2073"/>
                <TextEquiv>
                    <Unicode>loser Regenstunde, so hätte sie</Unicode>
                </TextEquiv>
            </TextLine>
            <TextLine id="r1l41" custom="readingOrder {index:40;}">
                <Coords points="1693,2101 2849,2100 2848,2060 2701,2051 1693,2075"/>
                <Baseline points="1707,2104 1763,2104 1819,2104 1876,2103 1932,2103 1988,2103 2045,2102 2101,2102 2157,2101 2214,2101 2270,2100 2326,2099 2383,2098 2439,2097 2495,2096 2552,2094 2608,2093 2664,2092 2721,2090 2777,2088 2834,2086"/>
                <TextEquiv>
                    <Unicode>Augenpunkt, unter dem er die Gesamtheit der Dinge sieht.</Unicode>
                </TextEquiv>
            </TextLine>
            <TextLine id="r1l42" custom="readingOrder {index:41;}">
                <Coords points="515,2127 1685,2119 1684,2073 514,2075"/>
                <Baseline points="529,2115 586,2115 643,2115 700,2114 757,2114 814,2114 871,2114 928,2114 985,2114 1042,2114 1100,2114 1157,2114 1214,2114 1271,2114 1328,2113 1385,2113 1442,2112 1499,2111 1556,2111 1613,2109 1671,2108"/>
                <TextEquiv>
                    <Unicode>die Erinnerungen. Die stehen dir vor dem Auge, im Wachen</Unicode>
                </TextEquiv>
            </TextLine>
            <TextLine id="r1l43" custom="readingOrder {index:42;}">
                <Coords points="2860,2126 3368,2115 3495,2132 3495,2086 3397,2074 3154,2095 2860,2083"/>
                <Baseline points="2875,2117 2905,2117 2935,2117 2966,2117 2996,2118 3026,2118 3057,2118 3087,2118 3117,2118 3148,2118 3178,2118 3208,2118 3239,2118 3269,2118 3299,2118 3330,2118 3360,2118 3390,2118 3421,2117 3451,2117 3482,2116"/>
                <TextEquiv>
                    <Unicode>bringen müssen. Immer wieder,</Unicode>
                </TextEquiv>
            </TextLine>
            <TextLine id="r1l44" custom="readingOrder {index:43;}">
                <Coords points="1688,2145 2826,2135 2846,2085 1687,2098"/>
                <Baseline points="1703,2146 1759,2145 1815,2144 1872,2144 1928,2143 1985,2142 2041,2142 2097,2141 2154,2141 2210,2140 2267,2139 2323,2138 2379,2138 2436,2136 2492,2136 2549,2134 2605,2133 2661,2131 2718,2129 2774,2127 2831,2125"/>
                <TextEquiv>
                    <Unicode>Ich weiß natürlich sehr wohl, daß eine tiefere Absicht hierin</Unicode>
                </TextEquiv>
            </TextLine>
            <TextLine id="r1l45" custom="readingOrder {index:44;}">
                <Coords points="522,2157 1680,2163 1680,2108 521,2128"/>
                <Baseline points="535,2158 591,2157 648,2156 704,2155 761,2155 817,2154 874,2154 930,2154 987,2154 1043,2154 1100,2153 1156,2153 1213,2153 1269,2153 1326,2152 1382,2152 1439,2151 1495,2150 1552,2149 1608,2148 1665,2146"/>
                <TextEquiv>
                    <Unicode>und im Träumen, füllen dir die Seele mit Wünschen, mit</Unicode>
                </TextEquiv>
            </TextLine>
            <TextLine id="r1l46" custom="readingOrder {index:45;}">
                <Coords points="2856,2164 3391,2166 3474,2160 3474,2126 2856,2129"/>
                <Baseline points="2870,2155 2899,2155 2929,2155 2958,2155 2988,2156 3017,2156 3047,2157 3076,2157 3106,2157 3135,2158 3165,2158 3195,2158 3224,2158 3254,2158 3283,2158 3313,2157 3342,2157 3372,2155 3401,2155 3431,2153 3461,2151"/>
                <TextEquiv>
                    <Unicode>der. Das fehlte, und so kame</Unicode>
                </TextEquiv>
            </TextLine>
            <TextLine id="r1l47" custom="readingOrder {index:46;}">
                <Coords points="1691,2180 2832,2185 2848,2127 1690,2145"/>
                <Baseline points="1706,2184 1762,2183 1818,2182 1875,2182 1931,2181 1987,2181 2044,2181 2100,2180 2156,2180 2213,2179 2269,2178 2325,2178 2382,2177 2438,2176 2494,2175 2551,2173 2607,2171 2663,2170 2720,2168 2776,2165 2833,2163"/>
                <TextEquiv>
                    <Unicode>liegt. Eine Gesamtheit der Dinge soll es eben für Schnitzler über¬</Unicode>
                </TextEquiv>
            </TextLine>
            <TextLine id="r1l48" custom="readingOrder {index:47;}">
                <Coords points="510,2223 1064,2187 1691,2210 1670,2141 509,2157"/>
                <Baseline points="525,2198 582,2198 640,2197 697,2196 755,2196 813,2195 870,2195 928,2194 985,2194 1043,2193 1101,2193 1158,2193 1216,2192 1273,2192 1331,2191 1389,2191 1446,2190 1504,2190 1561,2189 1619,2189 1677,2188"/>
                <TextEquiv>
                    <Unicode>inem leisen Schimmer von Glückseligkeit und einem tieferen</Unicode>
                </TextEquiv>
            </TextLine>
            <TextLine id="r1l49" custom="readingOrder {index:48;}">
                <Coords points="2863,2202 3475,2207 3475,2158 3440,2152 3322,2167 2863,2156"/>
                <Baseline points="2876,2194 2905,2194 2934,2195 2963,2196 2993,2196 3022,2197 3051,2197 3080,2197 3110,2198 3139,2198 3168,2198 3197,2198 3227,2198 3256,2198 3285,2197 3314,2196 3344,2196 3373,2195 3402,2194 3431,2192 3461,2191"/>
                <TextEquiv>
                    <Unicode>Aufführung noch viel mehr des</Unicode>
                </TextEquiv>
            </TextLine>
            <TextLine id="r1l50" custom="readingOrder {index:49;}">
                <Coords points="1689,2219 2842,2219 2841,2167 1689,2179"/>
                <Baseline points="1705,2222 1761,2222 1817,2222 1873,2222 1929,2221 1985,2221 2041,2220 2097,2220 2153,2219 2209,2218 2265,2217 2321,2216 2377,2215 2433,2214 2489,2213 2545,2212 2601,2211 2657,2210 2713,2208 2769,2207 2826,2206"/>
                <TextEquiv>
                    <Unicode>haupt nicht geben, keine auch noch so versteckte Polyphonie,</Unicode>
                </TextEquiv>
            </TextLine>
            <TextLine id="r1l51" custom="readingOrder {index:50;}">
                <Coords points="526,2242 1685,2233 1684,2201 1557,2191 526,2190"/>
                <Baseline points="542,2238 598,2237 654,2236 711,2236 767,2235 823,2234 880,2234 936,2233 992,2233 1049,2232 1105,2231 1161,2231 1218,2230 1274,2230 1330,2229 1387,2229 1443,2228 1499,2228 1556,2227 1612,2226 1669,2225"/>
                <TextEquiv>
                    <Unicode>(Glanz entsagungsvoller Schwermut. Sie sind wie gute Schau¬</Unicode>
                </TextEquiv>
            </TextLine>
            <TextLine id="r1l52" custom="readingOrder {index:51;}">
                <Coords points="2856,2241 2949,2258 3047,2237 3492,2256 3492,2204 3437,2199 2856,2209"/>
                <Baseline points="2871,2243 2901,2242 2931,2241 2961,2241 2992,2241 3022,2240 3052,2240 3083,2240 3113,2240 3143,2240 3174,2240 3204,2240 3234,2240 3264,2240 3295,2240 3325,2239 3355,2239 3386,2239 3416,2238 3446,2236 3477,2235"/>
                <TextEquiv>
                    <Unicode>menhalts entbehrte, als es bei der</Unicode>
                </TextEquiv>
            </TextLine>
            <TextLine id="r1l53" custom="readingOrder {index:52;}">
                <Coords points="1700,2262 2835,2258 2849,2223 1699,2225"/>
                <Baseline points="1714,2262 1770,2262 1826,2261 1882,2260 1938,2260 1994,2259 2050,2258 2106,2257 2162,2256 2218,2255 2275,2254 2331,2253 2387,2252 2443,2251 2499,2250 2555,2249 2611,2248 2667,2247 2723,2246 2779,2245 2836,2244"/>
                <TextEquiv>
                    <Unicode>kein Ineinanderwachsen, Sichumeinanderranken der Töne.</Unicode>
                </TextEquiv>
            </TextLine>
            <TextLine id="r1l54" custom="readingOrder {index:53;}">
                <Coords points="525,2278 1687,2279 1686,2224 525,2234"/>
                <Baseline points="541,2277 597,2277 654,2277 710,2276 767,2276 824,2275 880,2275 937,2274 993,2274 1050,2273 1107,2273 1163,2272 1220,2272 1276,2271 1333,2271 1390,2270 1446,2270 1503,2269 1559,2269 1616,2268 1673,2268"/>
                <TextEquiv>
                    <Unicode>spieler: Es gibt Stunden, aus denen sie sich Kraft genug</Unicode>
                </TextEquiv>
            </TextLine>
            <TextLine id="r1l55" custom="readingOrder {index:54;}">
                <Coords points="2856,2290 3488,2290 3494,2235 2962,2257 2855,2241"/>
                <Baseline points="2869,2285 2899,2284 2930,2283 2960,2282 2991,2281 3022,2281 3052,2280 3083,2280 3113,2280 3144,2281 3175,2281 3205,2281 3236,2281 3266,2281 3297,2280 3328,2280 3358,2280 3389,2279 3419,2278 3450,2276 3481,2274"/>
                <TextEquiv>
                    <Unicode>ist. Das geringe Verständnis, de</Unicode>
                </TextEquiv>
            </TextLine>
            <TextLine id="r1l56" custom="readingOrder {index:55;}">
                <Coords points="1701,2309 2854,2276 2853,2250 2616,2240 1701,2265"/>
                <Baseline points="1716,2300 1772,2299 1828,2299 1884,2298 1940,2297 1996,2296 2052,2295 2109,2294 2165,2293 2221,2292 2277,2291 2333,2290 2389,2289 2445,2288 2502,2286 2558,2285 2614,2284 2670,2283 2726,2282 2782,2281 2839,2280"/>
                <TextEquiv>
                    <Unicode>Nebeneinander, nicht miteinander ziehen die Munschen seines</Unicode>
                </TextEquiv>
            </TextLine>
            <TextLine id="r1l57" custom="readingOrder {index:56;}">
                <Coords points="522,2318 1660,2324 1689,2269 522,2283"/>
                <Baseline points="537,2319 593,2318 650,2316 707,2316 764,2315 821,2314 878,2313 935,2313 992,2312 1049,2312 1106,2311 1162,2311 1219,2311 1276,2310 1333,2310 1390,2310 1447,2309 1504,2308 1561,2308 1618,2307 1675,2306"/>
                <TextEquiv>
                    <Unicode>saugen, dir als das Leben, dir als die Wahrheit zu erscheinen.</Unicode>
                </TextEquiv>
            </TextLine>
            <TextLine id="r1l58" custom="readingOrder {index:57;}">
                <Coords points="2860,2330 3435,2330 3484,2324 3484,2278 2860,2289"/>
                <Baseline points="2874,2324 2903,2324 2933,2323 2963,2323 2993,2323 3022,2322 3052,2322 3082,2322 3112,2322 3141,2322 3171,2322 3201,2322 3231,2321 3260,2321 3290,2320 3320,2320 3350,2319 3379,2318 3409,2316 3439,2315 3469,2313"/>
                <TextEquiv>
                    <Unicode>Art des Werkes entgegenbrachte</Unicode>
                </TextEquiv>
            </TextLine>
            <TextLine id="r1l59" custom="readingOrder {index:58;}">
                <Coords points="1687,2339 2843,2335 2842,2283 2801,2281 1687,2307"/>
                <Baseline points="1701,2337 1757,2337 1813,2336 1869,2336 1926,2335 1982,2335 2038,2334 2095,2334 2151,2333 2207,2332 2264,2331 2320,2330 2376,2329 2432,2329 2489,2327 2545,2326 2601,2325 2658,2323 2714,2322 2770,2320 2827,2319"/>
                <TextEquiv>
                    <Unicode> Dramas ihren Weg; diesem Inhalt soll die Form entsprechen.</Unicode>
                </TextEquiv>
            </TextLine>
            <TextLine id="r1l60" custom="readingOrder {index:59;}">
                <Coords points="508,2371 1690,2351 1689,2314 1626,2312 508,2328"/>
                <Baseline points="523,2359 580,2358 638,2357 695,2356 753,2355 811,2354 868,2353 926,2353 983,2352 1041,2351 1099,2350 1156,2350 1214,2349 1271,2349 1329,2348 1387,2347 1444,2347 1502,2346 1559,2346 1617,2345 1675,2345"/>
                <TextEquiv>
                    <Unicode>And sind doch nichts anderes, als Trug und Schein, Schemen,</Unicode>
                </TextEquiv>
            </TextLine>
            <TextLine id="r1l61" custom="readingOrder {index:60;}">
                <Coords points="2855,2370 3476,2366 3484,2319 2854,2329"/>
                <Baseline points="2869,2368 2899,2366 2929,2365 2959,2364 2989,2363 3019,2363 3049,2362 3079,2362 3109,2361 3139,2361 3169,2361 3199,2361 3229,2360 3259,2360 3289,2360 3319,2359 3349,2359 3379,2358 3409,2357 3439,2356 3469,2355"/>
                <TextEquiv>
                    <Unicode>wirken. Eine genaue Kritik der</Unicode>
                </TextEquiv>
            </TextLine>
            <TextLine id="r1l62" custom="readingOrder {index:61;}">
                <Coords points="1697,2384 2847,2359 2846,2330 2728,2321 1697,2343"/>
                <Baseline points="1713,2378 1768,2377 1824,2377 1880,2376 1936,2376 1992,2375 2048,2374 2104,2374 2160,2373 2216,2372 2272,2371 2327,2370 2383,2369 2439,2368 2495,2366 2551,2365 2607,2363 2663,2362 2719,2360 2775,2358 2831,2356"/>
                <TextEquiv>
                    <Unicode>Ich verstehe wohl; aber ic, bin verpflichtet, zu konstatieren,</Unicode>
                </TextEquiv>
            </TextLine>
            <TextLine id="r1l63" custom="readingOrder {index:62;}">
                <Coords points="527,2393 1695,2402 1694,2356 1498,2344 527,2361"/>
                <Baseline points="542,2396 598,2396 655,2395 712,2395 769,2394 826,2393 883,2393 940,2392 997,2392 1054,2391 1111,2390 1167,2390 1224,2389 1281,2389 1338,2388 1395,2388 1452,2387 1509,2387 1566,2387 1623,2387 1680,2387"/>
                <TextEquiv>
                    <Unicode>Gespenster. Du breitest die Arme nach ihnen aus, sehn¬</Unicode>
                </TextEquiv>
            </TextLine>
            <TextLine id="r1l64" custom="readingOrder {index:63;}">
                <Coords points="2860,2404 3082,2405 3105,2422 3122,2404 3359,2399 3394,2416 3492,2403 3492,2362 2859,2370"/>
                <Baseline points="2873,2407 2903,2406 2933,2405 2963,2404 2994,2403 3024,2403 3054,2402 3084,2402 3115,2402 3145,2401 3175,2401 3205,2401 3236,2401 3266,2401 3296,2400 3326,2400 3357,2400 3387,2400 3417,2399 3447,2398 3478,2398"/>
                <TextEquiv>
                    <Unicode>hier zu weit führen. Es sei nur er</Unicode>
                </TextEquiv>
            </TextLine>
            <TextLine id="r1l65" custom="readingOrder {index:64;}">
                <Coords points="1685,2414 2852,2397 2851,2357 1684,2371"/>
                <Baseline points="1701,2415 1757,2415 1814,2415 1871,2415 1928,2414 1985,2413 2041,2412 2098,2412 2155,2410 2212,2409 2269,2408 2325,2407 2382,2406 2439,2404 2496,2403 2553,2401 2609,2400 2666,2399 2723,2397 2780,2396 2837,2395"/>
                <TextEquiv>
                    <Unicode> daß Schnitzler hier die Grenzen, die sich unsere heutige Büh¬</Unicode>
                </TextEquiv>
            </TextLine>
            <TextLine id="r1l66" custom="readingOrder {index:65;}">
                <Coords points="531,2439 1614,2443 1695,2434 1695,2385 531,2396"/>
                <Baseline points="547,2439 603,2437 660,2436 716,2434 773,2433 830,2432 886,2432 943,2431 1000,2431 1056,2430 1113,2430 1170,2430 1226,2430 1283,2429 1340,2429 1396,2429 1453,2428 1510,2428 1566,2427 1623,2426 1680,2424"/>
                <TextEquiv>
                    <Unicode>süchtig, verlangend — und narrend, dich äffend, weichen sie</Unicode>
                </TextEquiv>
            </TextLine>
            <TextLine id="r1l67" custom="readingOrder {index:66;}">
                <Coords points="2851,2471 2958,2446 3495,2448 3495,2402 2851,2402"/>
                <Baseline points="2865,2448 2895,2447 2926,2446 2957,2445 2988,2444 3019,2444 3050,2443 3080,2443 3111,2442 3142,2442 3173,2442 3204,2442 3235,2442 3266,2441 3296,2441 3327,2441 3358,2440 3389,2440 3420,2439 3451,2439 3482,2438"/>
                <TextEquiv>
                    <Unicode>mann sich seiner Aufgabe, trot</Unicode>
                </TextEquiv>
            </TextLine>
            <TextLine id="r1l68" custom="readingOrder {index:67;}">
                <Coords points="1695,2481 2830,2444 2847,2409 1694,2423"/>
                <Baseline points="1710,2454 1766,2454 1822,2454 1878,2453 1934,2453 1990,2452 2046,2451 2103,2450 2159,2449 2215,2448 2271,2447 2327,2446 2383,2444 2439,2443 2496,2442 2552,2440 2608,2439 2664,2438 2720,2436 2776,2435 2833,2434"/>
                <TextEquiv>
                    <Unicode>nenkunst gesteckt hat, zu rasch entschlossen überschritten hat.</Unicode>
                </TextEquiv>
            </TextLine>
            <TextLine id="r1l69" custom="readingOrder {index:68;}">
                <Coords points="520,2488 1644,2496 1684,2438 519,2427"/>
                <Baseline points="533,2482 589,2480 646,2478 703,2476 760,2475 817,2474 874,2473 930,2473 987,2472 1044,2472 1101,2472 1158,2471 1215,2471 1272,2471 1328,2470 1385,2470 1442,2470 1499,2469 1556,2468 1613,2467 1670,2466"/>
                <TextEquiv>
                    <Unicode>zurück in den Nebel, in das Meer des Nebels, aus dem sie</Unicode>
                </TextEquiv>
            </TextLine>
            <TextLine id="r1l70" custom="readingOrder {index:69;}">
                <Coords points="1780,2497 2759,2467 2858,2497 2857,2436 1780,2462"/>
                <Baseline points="1796,2491 1848,2491 1900,2491 1953,2491 2005,2491 2058,2491 2110,2490 2162,2489 2215,2489 2267,2487 2320,2486 2372,2485 2424,2484 2477,2482 2529,2481 2582,2479 2634,2477 2686,2475 2739,2474 2791,2472 2844,2470"/>
                <TextEquiv>
                    <Unicode>Es führen so wenige und so gebrechliche Brücken von der</Unicode>
                </TextEquiv>
            </TextLine>
            <TextLine id="r1l71" custom="readingOrder {index:70;}">
                <Coords points="2853,2500 3226,2500 3269,2479 3411,2496 3474,2478 3474,2443 2852,2448"/>
                <Baseline points="2869,2493 2898,2492 2928,2491 2957,2490 2987,2489 3016,2488 3046,2487 3075,2487 3105,2486 3134,2486 3164,2486 3194,2485 3223,2485 3253,2485 3282,2484 3312,2484 3341,2484 3371,2483 3400,2483 3430,2482 3460,2481"/>
                <TextEquiv>
                    <Unicode>einmal in ein böses, allerdings</Unicode>
                </TextEquiv>
            </TextLine>
            <TextLine id="r1l72" custom="readingOrder {index:71;}">
                <Coords points="522,2537 609,2541 657,2516 869,2529 978,2504 1155,2526 1221,2507 1220,2472 1006,2465 521,2488"/>
                <Baseline points="537,2523 570,2521 604,2519 637,2517 671,2516 704,2514 738,2514 771,2513 805,2513 838,2512 872,2512 905,2512 939,2512 972,2511 1006,2511 1039,2510 1073,2509 1106,2508 1140,2506 1173,2504 1207,2503"/>
                <TextEquiv>
                    <Unicode>geboren sind. Schleier über alles!</Unicode>
                </TextEquiv>
            </TextLine>
            <TextLine id="r1l73" custom="readingOrder {index:72;}">
                <Coords points="1696,2534 2849,2521 2848,2480 2758,2468 1695,2491"/>
                <Baseline points="1710,2537 1766,2536 1822,2534 1878,2533 1934,2531 1991,2530 2047,2529 2103,2528 2159,2527 2215,2526 2272,2524 2328,2523 2384,2521 2440,2520 2496,2519 2553,2517 2609,2516 2665,2514 2721,2513 2777,2511 2834,2509"/>
                <TextEquiv>
                    <Unicode>Stimmung dieser Dichtung hinüber zu den rohen Tatsächlich¬</Unicode>
                </TextEquiv>
            </TextLine>
            <TextLine id="r1l74" custom="readingOrder {index:73;}">
                <Coords points="2856,2562 2911,2536 3006,2531 3408,2537 3485,2527 3485,2484 2855,2502"/>
                <Baseline points="2869,2536 2899,2534 2929,2532 2959,2530 2989,2530 3019,2529 3049,2528 3079,2528 3109,2528 3139,2528 3170,2528 3200,2528 3230,2528 3260,2528 3290,2528 3320,2528 3350,2527 3380,2526 3410,2525 3440,2523 3471,2520"/>
                <TextEquiv>
                    <Unicode>gehaltenen Dialog leicht zu erkl</Unicode>
                </TextEquiv>
            </TextLine>
            <TextLine id="r1l75" custom="readingOrder {index:74;}">
                <Coords points="601,2554 1685,2560 1667,2488 601,2519"/>
                <Baseline points="615,2551 667,2551 720,2552 773,2552 826,2552 878,2552 931,2552 984,2552 1037,2552 1089,2551 1142,2551 1195,2550 1248,2550 1300,2549 1353,2549 1406,2549 1459,2548 1511,2548 1564,2548 1617,2548 1670,2548"/>
                <TextEquiv>
                    <Unicode>Und einsam mußt du diese Qual ertragen. Es führen</Unicode>
                </TextEquiv>
            </TextLine>
            <TextLine id="r1l76" custom="readingOrder {index:75;}">
                <Coords points="1701,2585 2847,2567 2846,2515 1700,2541"/>
                <Baseline points="1716,2578 1771,2576 1827,2575 1883,2574 1939,2572 1995,2571 2051,2570 2106,2569 2162,2568 2218,2567 2274,2566 2330,2565 2386,2564 2442,2562 2497,2561 2553,2560 2609,2558 2665,2556 2721,2554 2777,2552 2833,2549"/>
                <TextEquiv>
                    <Unicode>keiten des Lebens, daß Schnitzler den Weg nur selten ohne</Unicode>
                </TextEquiv>
            </TextLine>
            <TextLine id="r1l77" custom="readingOrder {index:76;}">
                <Coords points="2853,2583 3121,2568 3231,2586 3248,2569 3497,2562 3496,2533 3464,2525 3331,2524 3303,2545 3239,2528 2852,2543"/>
                <Baseline points="2868,2576 2898,2574 2929,2573 2959,2571 2990,2570 3021,2570 3051,2569 3082,2569 3113,2569 3143,2569 3174,2569 3205,2569 3235,2569 3266,2568 3297,2568 3327,2568 3358,2567 3389,2566 3419,2565 3450,2563 3481,2561"/>
                <TextEquiv>
                    <Unicode>glücklichsten entledigte. Man hör</Unicode>
                </TextEquiv>
            </TextLine>
            <TextLine id="r1l78" custom="readingOrder {index:77;}">
                <Coords points="519,2602 1631,2596 1683,2593 1683,2547 519,2556"/>
                <Baseline points="533,2597 589,2596 646,2595 703,2594 760,2594 817,2593 874,2592 930,2592 987,2592 1044,2592 1101,2591 1158,2591 1215,2591 1272,2591 1328,2590 1385,2590 1442,2589 1499,2589 1556,2588 1613,2587 1670,2586"/>
                <TextEquiv>
                    <Unicode>viele Wege durch das Leben, einsam aber sind sie alle. Wir</Unicode>
                </TextEquiv>
            </TextLine>
            <TextLine id="r1l79" custom="readingOrder {index:78;}">
                <Coords points="1689,2610 2836,2609 2855,2551 1688,2572"/>
                <Baseline points="1703,2617 1762,2616 1822,2614 1882,2613 1942,2612 2002,2611 2062,2610 2122,2609 2182,2608 2242,2607 2302,2606 2362,2605 2422,2604 2482,2603 2542,2602 2602,2601 2662,2599 2722,2598 2782,2596 2842,2594"/>
                <TextEquiv>
                    <Unicode>I allerlei kleine Unfälle und Zufälle gefunden hat. So sei es</Unicode>
                </TextEquiv>
            </TextLine>
            <TextLine id="r1l80" custom="readingOrder {index:79;}">
                <Coords points="2865,2634 3011,2605 3275,2620 3497,2606 3496,2563 2863,2577"/>
                <Baseline points="2879,2616 2909,2614 2939,2612 2969,2611 2999,2609 3029,2608 3059,2608 3089,2608 3119,2607 3149,2607 3180,2607 3210,2607 3240,2607 3270,2607 3300,2606 3330,2605 3360,2605 3390,2603 3420,2600 3450,2598 3481,2595"/>
                <TextEquiv>
                    <Unicode>intime echte Töne. Gertrud de</Unicode>
                </TextEquiv>
            </TextLine>
            <TextLine id="r1l81" custom="readingOrder {index:80;}">
                <Coords points="520,2639 1690,2622 1672,2582 519,2602"/>
                <Baseline points="534,2640 591,2637 648,2635 705,2633 762,2632 819,2632 876,2631 933,2631 990,2631 1047,2631 1104,2631 1161,2632 1218,2632 1275,2632 1332,2632 1389,2631 1446,2630 1503,2629 1560,2628 1617,2625 1675,2622"/>
                <TextEquiv>
                    <Unicode>tauschen Worte miteinander, Worte, die ein Verstehen vor¬</Unicode>
                </TextEquiv>
            </TextLine>
            <TextLine id="r1l82" custom="readingOrder {index:81;}">
                <Coords points="2861,2645 2928,2664 3159,2649 3179,2666 3289,2644 3477,2647 3476,2600 3459,2598 2861,2622"/>
                <Baseline points="2876,2652 2905,2650 2934,2648 2963,2647 2993,2646 3022,2645 3051,2645 3081,2644 3110,2644 3139,2644 3169,2644 3198,2645 3227,2645 3256,2645 3286,2644 3315,2644 3344,2643 3374,2642 3403,2640 3432,2638 3462,2636"/>
                <TextEquiv>
                    <Unicode>Augenblicke, Angelina Gurlitt</Unicode>
                </TextEquiv>
            </TextLine>
            <TextLine id="r1l83" custom="readingOrder {index:82;}">
                <Coords points="1702,2657 2832,2655 2860,2614 1701,2620"/>
                <Baseline points="1717,2655 1773,2655 1829,2655 1886,2654 1942,2653 1999,2652 2055,2652 2111,2651 2168,2650 2224,2649 2281,2647 2337,2646 2393,2645 2450,2644 2506,2643 2563,2642 2619,2641 2675,2640 2732,2639 2788,2638 2845,2637"/>
                <TextEquiv>
                    <Unicode>auch mir erspart, ihn zu gehen, und durch den sehr wenig</Unicode>
                </TextEquiv>
            </TextLine>
            <TextLine id="r1l84" custom="readingOrder {index:83;}">
                <Coords points="523,2676 1641,2678 1681,2669 1681,2623 523,2650"/>
                <Baseline points="536,2677 592,2676 649,2675 705,2674 762,2673 818,2673 875,2673 931,2673 988,2673 1044,2673 1101,2673 1158,2672 1214,2672 1271,2672 1327,2671 1384,2670 1440,2670 1497,2669 1553,2666 1610,2665 1667,2662"/>
                <TextEquiv>
                    <Unicode>täuschen, Worte der Zusammengehörigkeit, Worte der Herz¬</Unicode>
                </TextEquiv>
            </TextLine>
            <TextLine id="r1l85" custom="readingOrder {index:84;}">
                <Coords points="2870,2698 3488,2691 3487,2647 3464,2645 2869,2654"/>
                <Baseline points="2884,2688 2913,2688 2942,2688 2972,2688 3001,2688 3031,2687 3060,2687 3090,2687 3119,2687 3149,2686 3178,2686 3207,2686 3237,2685 3266,2685 3296,2684 3325,2683 3355,2682 3384,2681 3414,2680 3443,2679 3473,2678"/>
                <TextEquiv>
                    <Unicode>Paschen viel uninteressanter</Unicode>
                </TextEquiv>
            </TextLine>
            <TextLine id="r1l86" custom="readingOrder {index:85;}">
                <Coords points="1702,2701 2852,2681 2851,2649 2770,2639 1701,2655"/>
                <Baseline points="1715,2694 1771,2694 1827,2693 1883,2693 1939,2692 1995,2691 2051,2691 2107,2690 2163,2689 2219,2688 2275,2688 2331,2687 2387,2686 2443,2685 2499,2683 2555,2682 2611,2681 2667,2679 2723,2678 2779,2676 2836,2674"/>
                <TextEquiv>
                    <Unicode>rentablen Versuch, einzelne Vorgänge aus dem Ganzen her¬</Unicode>
                </TextEquiv>
            </TextLine>
            <TextLine id="r1l87" custom="readingOrder {index:86;}">
                <Coords points="524,2700 648,2728 1700,2707 1699,2669 524,2677"/>
                <Baseline points="537,2715 594,2714 651,2714 709,2713 766,2713 824,2712 881,2712 938,2712 996,2712 1053,2712 1111,2711 1168,2711 1225,2711 1283,2711 1340,2710 1398,2710 1455,2709 1512,2708 1570,2707 1627,2706 1685,2705"/>
                <TextEquiv>
                    <Unicode>lichkeit und Zärtlichkeit. Aber sie gehen am Ziele vorbei.</Unicode>
                </TextEquiv>
            </TextLine>
            <TextLine id="r1l88" custom="readingOrder {index:87;}">
                <Coords points="2859,2741 3298,2737 3312,2722 3483,2738 3482,2683 2859,2692"/>
                <Baseline points="2873,2725 2902,2726 2932,2726 2962,2726 2991,2726 3021,2727 3051,2726 3080,2726 3110,2726 3140,2726 3170,2726 3199,2725 3229,2725 3259,2724 3288,2724 3318,2723 3348,2723 3377,2722 3407,2721 3437,2720 3467,2720"/>
                <TextEquiv>
                    <Unicode>Schlaghamer und Julius</Unicode>
                </TextEquiv>
            </TextLine>
            <TextLine id="r1l89" custom="readingOrder {index:88;}">
                <Coords points="1700,2740 2824,2734 2849,2675 1699,2702"/>
                <Baseline points="1713,2735 1769,2734 1825,2734 1881,2733 1937,2733 1993,2732 2049,2731 2105,2730 2161,2730 2217,2729 2274,2728 2330,2727 2386,2726 2442,2725 2498,2724 2554,2722 2610,2720 2666,2719 2722,2717 2778,2716 2835,2713"/>
                <TextEquiv>
                    <Unicode>auszulösen, den Eindruck der Stimmung, die ich anzudeuten</Unicode>
                </TextEquiv>
            </TextLine>
            <TextLine id="r1l90" custom="readingOrder {index:89;}">
                <Coords points="535,2764 1257,2738 1575,2765 1684,2749 1684,2709 534,2720"/>
                <Baseline points="548,2756 604,2755 660,2754 716,2753 772,2752 828,2751 884,2751 940,2751 996,2750 1052,2750 1108,2750 1164,2750 1220,2749 1276,2749 1332,2749 1388,2749 1444,2748 1500,2748 1556,2747 1612,2746 1669,2745"/>
                <TextEquiv>
                    <Unicode>Wir reden ins Leere und ein hohles Echo gibt uns zurück,</Unicode>
                </TextEquiv>
            </TextLine>
            <TextLine id="r1l91" custom="readingOrder {index:90;}">
                <Coords points="1705,2782 2820,2776 2854,2717 1704,2738"/>
                <Baseline points="1719,2777 1775,2776 1831,2774 1887,2772 1943,2771 1999,2770 2055,2770 2111,2769 2167,2768 2223,2768 2280,2767 2336,2766 2392,2766 2448,2765 2504,2764 2560,2763 2616,2762 2672,2761 2728,2760 2784,2758 2841,2756"/>
                <TextEquiv>
                    <Unicode>suchte, herabzudrücken. Man begnüge sich damit, zu wissen,</Unicode>
                </TextEquiv>
            </TextLine>
            <TextLine id="r1l92" custom="readingOrder {index:91;}">
                <Coords points="2860,2773 3461,2763 3460,2729 2859,2729"/>
                <Baseline points="2874,2772 2902,2771 2931,2771 2959,2770 2988,2770 3017,2769 3045,2769 3074,2769 3103,2768 3131,2768 3160,2768 3189,2768 3217,2768 3246,2767 3275,2767 3303,2767 3332,2767 3361,2766 3389,2766 3418,2765 3447,2765"/>
                <TextEquiv>
                    <Unicode>mit ihren Rollen große Mühe.</Unicode>
                </TextEquiv>
            </TextLine>
            <TextLine id="r1l93" custom="readingOrder {index:92;}">
                <Coords points="531,2790 1696,2792 1695,2740 531,2764"/>
                <Baseline points="546,2798 602,2796 659,2795 716,2793 773,2792 829,2792 886,2791 943,2790 1000,2790 1056,2789 1113,2789 1170,2788 1227,2788 1283,2788 1340,2787 1397,2787 1454,2786 1510,2785 1567,2784 1624,2783 1681,2782"/>
                <TextEquiv>
                    <Unicode>was wir Antwort heischend in die Welt hinaussandten. Wir</Unicode>
                </TextEquiv>
            </TextLine>
            <TextLine id="r1l94" custom="readingOrder {index:93;}">
                <Coords points="1704,2822 2776,2825 2853,2765 1703,2785"/>
                <Baseline points="1719,2817 1777,2816 1836,2815 1895,2814 1954,2813 2013,2812 2072,2811 2131,2810 2190,2809 2249,2808 2307,2807 2366,2806 2425,2805 2484,2804 2543,2803 2602,2801 2661,2800 2720,2798 2779,2796 2838,2794"/>
                <TextEquiv>
                    <Unicode>daß in blassen Tönen eine Reihe von Lebensschicksalen ge¬</Unicode>
                </TextEquiv>
            </TextLine>
            <TextLine id="r1l95" custom="readingOrder {index:94;}">
                <Coords points="535,2834 1684,2834 1684,2791 534,2794"/>
                <Baseline points="548,2836 604,2835 660,2834 716,2833 772,2832 828,2831 884,2831 940,2830 996,2830 1052,2829 1108,2829 1164,2829 1220,2828 1276,2828 1332,2828 1388,2827 1444,2826 1500,2826 1556,2824 1612,2823 1669,2822"/>
                <TextEquiv>
                    <Unicode>kennen einander nicht; du nicht mich, ich nicht dich Und</Unicode>
                </TextEquiv>
            </TextLine>
            <TextLine id="r1l96" custom="readingOrder {index:95;}">
                <Coords points="1704,2873 2859,2838 2838,2795 1703,2821"/>
                <Baseline points="1717,2860 1773,2858 1829,2856 1885,2855 1942,2853 1998,2852 2054,2851 2111,2851 2167,2850 2223,2849 2280,2848 2336,2848 2392,2847 2448,2846 2505,2845 2561,2844 2617,2843 2674,2841 2730,2840 2786,2838 2843,2836"/>
                <TextEquiv>
                    <Unicode>zeichnet werden. Sie sind sehr verschieden, und gleichen sich</Unicode>
                </TextEquiv>
            </TextLine>
            <TextLine id="r1l97" custom="readingOrder {index:96;}">
                <Coords points="528,2895 1704,2869 1703,2838 1567,2819 528,2846"/>
                <Baseline points="542,2873 599,2873 656,2873 714,2872 771,2872 829,2871 886,2871 943,2870 1001,2870 1058,2869 1116,2869 1173,2868 1230,2867 1288,2867 1345,2866 1403,2865 1460,2865 1517,2864 1575,2864 1632,2863 1690,2863"/>
                <TextEquiv>
                    <Unicode>kommt die Stunde, da die Leidenschaft an deine Türe klopft,</Unicode>
                </TextEquiv>
            </TextLine>
            <TextLine id="r1l98" custom="readingOrder {index:97;}">
                <Coords points="1698,2895 2842,2896 2862,2853 1697,2843"/>
                <Baseline points="1711,2896 1767,2895 1824,2894 1881,2893 1938,2893 1995,2892 2051,2892 2108,2892 2165,2891 2222,2891 2279,2890 2335,2889 2392,2889 2449,2888 2506,2887 2563,2886 2619,2885 2676,2883 2733,2881 2790,2880 2847,2877"/>
                <TextEquiv>
                    <Unicode>doch in dem einen Punkte, daß sie alle auf jene schlimme</Unicode>
                </TextEquiv>
            </TextLine>
            <TextLine id="r1l99" custom="readingOrder {index:98;}">
                <Coords points="533,2920 1697,2914 1696,2874 1445,2863 532,2891"/>
                <Baseline points="546,2913 602,2913 659,2913 716,2913 773,2912 830,2912 886,2911 943,2910 1000,2910 1057,2909 1114,2908 1170,2907 1227,2906 1284,2905 1341,2904 1398,2904 1454,2903 1511,2902 1568,2902 1625,2902 1682,2902"/>
                <TextEquiv>
                    <Unicode>glaube ihr nicht! Sie ist eine Betrügerin, eine schlimme Zau¬</Unicode>
                </TextEquiv>
            </TextLine>
            <TextLine id="r1l100" custom="readingOrder {index:99;}">
                <Coords points="1701,2939 2866,2940 2865,2870 1701,2896"/>
                <Baseline points="1715,2935 1771,2934 1828,2934 1885,2933 1942,2933 1999,2932 2055,2931 2112,2931 2169,2930 2226,2930 2283,2929 2339,2928 2396,2927 2453,2926 2510,2926 2567,2924 2623,2923 2680,2922 2737,2920 2794,2919 2851,2917"/>
                <TextEquiv>
                    <Unicode>Weisheit hinauslaufen, zu deren Verkünder sich Schnitzler</Unicode>
                </TextEquiv>
            </TextLine>
            <TextLine id="r1l101" custom="readingOrder {index:100;}">
                <Coords points="534,2959 1614,2962 1692,2941 1692,2903 533,2913"/>
                <Baseline points="548,2954 604,2953 661,2952 717,2952 774,2951 830,2950 887,2950 943,2949 1000,2949 1056,2948 1113,2948 1169,2947 1226,2947 1282,2946 1339,2946 1395,2946 1452,2945 1508,2945 1565,2945 1621,2944 1678,2944"/>
                <TextEquiv>
                    <Unicode>berin; sie kennt alle Künste und Kniffe der Lüge, sie jagt dich</Unicode>
                </TextEquiv>
            </TextLine>
            <TextLine id="r1l102" custom="readingOrder {index:101;}">
                <Coords points="1704,2980 2857,2966 2833,2923 1704,2939"/>
                <Baseline points="1719,2974 1775,2974 1831,2974 1887,2974 1943,2973 2000,2973 2056,2972 2112,2971 2168,2970 2224,2970 2281,2969 2337,2968 2393,2967 2449,2966 2505,2965 2562,2964 2618,2963 2674,2962 2730,2961 2786,2960 2843,2959"/>
                <TextEquiv>
                    <Unicode>machen möchte. Eins dieser Seelen ist um einen Grad lei¬</Unicode>
                </TextEquiv>
            </TextLine>
            <TextLine id="r1l103" custom="readingOrder {index:102;}">
                <Coords points="526,2991 1661,2993 1693,2940 526,2965"/>
                <Baseline points="540,2994 596,2993 653,2992 710,2991 767,2990 824,2989 881,2988 938,2988 995,2988 1052,2987 1109,2987 1165,2986 1222,2986 1279,2986 1336,2985 1393,2985 1450,2985 1507,2984 1564,2984 1621,2983 1678,2982"/>
                <TextEquiv>
                    <Unicode>in einen wilden Rausch der Seligkeit, aus dem du dann zu</Unicode>
                </TextEquiv>
            </TextLine>
            <TextLine id="r1l104" custom="readingOrder {index:103;}">
                <Coords points="1697,3019 2847,3020 2863,2956 1696,2978"/>
                <Baseline points="1711,3013 1767,3013 1824,3013 1881,3013 1938,3012 1995,3012 2052,3011 2109,3011 2166,3010 2223,3010 2280,3009 2336,3008 2393,3007 2450,3007 2507,3005 2564,3004 2621,3003 2678,3002 2735,3000 2792,2999 2849,2997"/>
                <TextEquiv>
                    <Unicode>denschaftlicher, tiefer gefärbt. Sie trägt dies hoffnungslose</Unicode>
                </TextEquiv>
            </TextLine>
            <TextLine id="r1l105" custom="readingOrder {index:104;}">
                <Coords points="533,3037 1703,3048 1702,2996 1619,2985 532,2990"/>
                <Baseline points="546,3035 603,3033 660,3032 717,3030 774,3029 831,3029 888,3028 945,3027 1002,3027 1059,3026 1116,3026 1173,3026 1230,3025 1287,3025 1344,3025 1401,3024 1458,3024 1515,3023 1572,3022 1629,3022 1687,3020"/>
                <TextEquiv>
                    <Unicode>um so schmerzvollerer Wahrheit erwachen mußt. Glaube ihr</Unicode>
                </TextEquiv>
            </TextLine>
            <TextLine id="r1l106" custom="readingOrder {index:105;}">
                <Coords points="1697,3058 2867,3051 2829,3005 1697,3018"/>
                <Baseline points="1713,3052 1770,3052 1827,3053 1884,3053 1941,3052 1998,3052 2055,3051 2112,3050 2169,3049 2226,3048 2283,3048 2340,3046 2397,3046 2454,3045 2511,3044 2568,3044 2625,3044 2682,3044 2739,3045 2796,3046 2853,3047"/>
                <TextEquiv>
                    <Unicode>Dasein nicht, verfällt der Liebe und verfällt dem Tode. Die</Unicode>
                </TextEquiv>
            </TextLine>
            <TextLine id="r1l107" custom="readingOrder {index:106;}">
                <Coords points="533,3063 1695,3074 1694,3022 533,3034"/>
                <Baseline points="547,3073 603,3072 660,3071 716,3071 773,3070 830,3069 886,3069 943,3068 999,3068 1056,3067 1113,3066 1169,3066 1226,3065 1282,3065 1339,3064 1396,3064 1452,3063 1509,3063 1565,3062 1622,3062 1679,3061"/>
                <TextEquiv>
                    <Unicode>nicht! Vertreib sie von deiner Pforte! Lächelnd vertreibe sie,</Unicode>
                </TextEquiv>
            </TextLine>
            <TextLine id="r1l108" custom="readingOrder {index:107;}">
                <Coords points="1699,3104 2733,3097 2802,3079 2802,3047 1698,3058"/>
                <Baseline points="1713,3089 1766,3090 1820,3091 1874,3092 1928,3092 1981,3092 2035,3092 2089,3092 2143,3091 2196,3091 2250,3090 2304,3089 2358,3089 2411,3088 2465,3087 2519,3086 2573,3085 2626,3084 2680,3083 2734,3082 2788,3082"/>
                <TextEquiv>
                    <Unicode>anderen ziehen, ein unfröhlicher Zug, ihre Straße weiter.</Unicode>
                </TextEquiv>
            </TextLine>
            <TextLine id="r1l109" custom="readingOrder {index:108;}">
                <Coords points="530,3122 1703,3116 1702,3059 529,3064"/>
                <Baseline points="545,3114 602,3113 659,3112 716,3111 773,3111 830,3110 887,3109 944,3108 1001,3107 1058,3107 1116,3106 1173,3105 1230,3105 1287,3104 1344,3103 1401,3103 1458,3102 1515,3102 1572,3101 1629,3100 1687,3099"/>
                <TextEquiv>
                    <Unicode>lächelnd im bitteren, herzbrechenden Glück, deiner Einsamkeit!</Unicode>
                </TextEquiv>
            </TextLine>
            <TextLine id="r1l110" custom="readingOrder {index:109;}">
                <Coords points="1783,3138 2803,3135 2866,3094 1782,3100"/>
                <Baseline points="1796,3127 1848,3129 1901,3130 1954,3132 2007,3132 2060,3132 2113,3132 2165,3132 2218,3131 2271,3130 2324,3130 2377,3128 2430,3127 2483,3126 2535,3125 2588,3124 2641,3123 2694,3122 2747,3121 2800,3121 2853,3121"/>
                <TextEquiv>
                    <Unicode>Schnitzlers Drama fand gestern eine sehr kühle Auf¬</Unicode>
                </TextEquiv>
            </TextLine>
            <TextLine id="r1l111" custom="readingOrder {index:110;}">
                <Coords points="613,3151 1696,3155 1667,3109 1453,3096 613,3120"/>
                <Baseline points="626,3150 678,3150 731,3149 784,3149 837,3148 890,3148 943,3147 995,3146 1048,3146 1101,3145 1154,3144 1207,3144 1260,3143 1313,3142 1365,3142 1418,3141 1471,3141 1524,3141 1577,3141 1630,3141 1683,3141"/>
                <TextEquiv>
                    <Unicode>Das ungefähr hat uns Schnitzler mit seinem Werke zu</Unicode>
                </TextEquiv>
            </TextLine>
            <TextLine id="r1l112" custom="readingOrder {index:111;}">
                <Coords points="1703,3185 2867,3148 2863,3119 1702,3150"/>
                <Baseline points="1717,3172 1773,3172 1830,3173 1887,3174 1943,3174 2000,3174 2057,3174 2113,3173 2170,3173 2227,3172 2284,3171 2340,3170 2397,3169 2454,3168 2510,3167 2567,3166 2624,3165 2680,3164 2737,3163 2794,3163 2851,3162"/>
                <TextEquiv>
                    <Unicode>nahme. Der erste Akt fiel ganz ab, nach dem zweiten und</Unicode>
                </TextEquiv>
            </TextLine>
            <TextLine id="r1l113" custom="readingOrder {index:112;}">
                <Coords points="536,3203 1568,3195 1703,3176 1703,3138 536,3146"/>
                <Baseline points="552,3192 608,3191 665,3190 722,3189 779,3189 836,3188 893,3187 949,3186 1006,3186 1063,3185 1120,3185 1177,3184 1234,3183 1291,3183 1347,3182 1404,3182 1461,3181 1518,3180 1575,3180 1632,3179 1689,3178"/>
                <TextEquiv>
                    <Unicode>sagen. Er sagt es mit einem muden, lässigen Achselzucken,</Unicode>
                </TextEquiv>
            </TextLine>
            <TextLine id="r1l114" custom="readingOrder {index:113;}">
                <Coords points="1706,3230 2864,3229 2863,3148 1705,3181"/>
                <Baseline points="1719,3212 1775,3213 1832,3214 1888,3214 1945,3214 2001,3214 2058,3214 2114,3213 2171,3212 2227,3212 2284,3211 2340,3210 2397,3209 2453,3208 2510,3207 2566,3206 2623,3205 2679,3205 2736,3205 2792,3205 2849,3205"/>
                <TextEquiv>
                    <Unicode>auch noch nach dem dritten gab es einigen freundlichen Beifall,</Unicode>
                </TextEquiv>
            </TextLine>
            <TextLine id="r1l115" custom="readingOrder {index:114;}">
                <Coords points="540,3228 1583,3239 1698,3220 1698,3180 540,3190"/>
                <Baseline points="554,3230 610,3229 666,3228 723,3227 779,3226 836,3225 892,3225 949,3224 1005,3224 1062,3223 1118,3223 1174,3222 1231,3222 1287,3222 1344,3221 1400,3221 1457,3221 1513,3220 1570,3220 1626,3219 1683,3219"/>
                <TextEquiv>
                    <Unicode>mit der Miene stumpf gewordener Resignation. Sagt es in</Unicode>
                </TextEquiv>
            </TextLine>
            <TextLine id="r1l116" custom="readingOrder {index:115;}">
                <Coords points="1703,3262 2859,3243 2858,3211 2705,3207 1703,3227"/>
                <Baseline points="1717,3254 1773,3253 1829,3252 1885,3252 1942,3251 1998,3251 2054,3250 2111,3249 2167,3249 2223,3249 2280,3248 2336,3248 2392,3247 2448,3247 2505,3247 2561,3246 2617,3246 2674,3245 2730,3245 2786,3244 2843,3243"/>
                <TextEquiv>
                    <Unicode>nach dem vierten und fünften rührten sich nur noch ein paar</Unicode>
                </TextEquiv>
            </TextLine>
            <TextLine id="r1l117" custom="readingOrder {index:116;}">
                <Coords points="533,3283 1686,3275 1703,3226 533,3242"/>
                <Baseline points="547,3267 604,3266 661,3265 718,3264 775,3263 832,3262 889,3261 946,3260 1003,3260 1060,3260 1118,3259 1175,3259 1232,3258 1289,3258 1346,3258 1403,3257 1460,3257 1517,3257 1574,3256 1631,3256 1689,3255"/>
                <TextEquiv>
                    <Unicode>monotoner, kahler Melodie, die nicht viel Tiefe hat, aber</Unicode>
                </TextEquiv>
            </TextLine>
            <TextLine id="r1l118" custom="readingOrder {index:117;}">
                <Coords points="1709,3296 2859,3302 2858,3244 1709,3259"/>
                <Baseline points="1723,3291 1779,3291 1835,3291 1891,3291 1947,3290 2003,3290 2059,3289 2115,3288 2171,3287 2227,3286 2283,3285 2339,3284 2395,3283 2451,3283 2507,3282 2563,3282 2619,3282 2675,3282 2731,3282 2787,3283 2844,3284"/>
                <TextEquiv>
                    <Unicode>einsame Hände. Auch der Teil des Publikums, der die Schön¬</Unicode>
                </TextEquiv>
            </TextLine>
            <TextLine id="r1l119" custom="readingOrder {index:118;}">
                <Coords points="524,3305 1602,3318 1691,3305 1691,3256 524,3274"/>
                <Baseline points="539,3307 595,3305 652,3303 709,3302 766,3301 823,3300 880,3299 937,3298 994,3297 1051,3297 1108,3296 1164,3296 1221,3295 1278,3295 1335,3295 1392,3295 1449,3295 1506,3294 1563,3294 1620,3294 1677,3294"/>
                <TextEquiv>
                    <Unicode>schließlich in ihrer Eintönigkeit doch beinahe tief wirkt. Er sagt</Unicode>
                </TextEquiv>
            </TextLine>
            <TextLine id="r1l120" custom="readingOrder {index:119;}">
                <Coords points="1707,3345 2732,3343 2865,3328 2865,3287 1706,3299"/>
                <Baseline points="1722,3333 1778,3334 1834,3334 1891,3334 1947,3334 2004,3334 2060,3333 2116,3333 2173,3332 2229,3332 2286,3331 2342,3330 2398,3329 2455,3328 2511,3327 2568,3327 2624,3326 2680,3325 2737,3325 2793,3325 2850,3325"/>
                <TextEquiv>
                    <Unicode>heiten der Dichtung wohl erkennen und würdigen konnte, war</Unicode>
                </TextEquiv>
            </TextLine>
            <TextLine id="r1l121" custom="readingOrder {index:120;}">
                <Coords points="542,3350 1590,3347 1700,3340 1700,3297 541,3310"/>
                <Baseline points="555,3345 611,3345 667,3344 724,3344 780,3343 837,3343 893,3343 950,3342 1006,3342 1063,3342 1119,3341 1175,3341 1232,3341 1288,3341 1345,3340 1401,3340 1458,3339 1514,3339 1571,3338 1627,3338 1684,3337"/>
                <TextEquiv>
                    <Unicode>es freilich zuweilen ungeschickt, denn es ist ihm schwer, die</Unicode>
                </TextEquiv>
            </TextLine>
            <TextLine id="r1l122" custom="readingOrder {index:121;}">
                <Coords points="526,3411 2866,3378 2830,3320 525,3354"/>
                <Baseline points="541,3395 656,3392 772,3390 887,3388 1003,3386 1118,3384 1234,3382 1349,3380 1465,3379 1580,3377 1696,3376 1811,3375 1927,3374 2042,3372 2158,3371 2273,3370 2389,3370 2504,3369 2620,3368 2735,3367 2851,3366"/>
                <TextEquiv>
                    <Unicode>Dinge des äußeren Lehens, von denen ein Drama denn doch eher gequält und gepeinigt als erwärmt und interessiert. Da,</Unicode>
                </TextEquiv>
            </TextLine>
            <TextEquiv>
                <Unicode>box 23/5
HSGE
18. Der c „ane Neg
auch sprechen muß, so mit dem Geist dieser Stimmung zu 1 Thema war bedeutsamer als sei
ob des Mangels an großer schöp
füllen, daß sie die harten Konturen verlieren und sich dem
Der einsame Weg.#%
0
Fehlens des Temperaments, da
Schleierbilde mühelos anbequemen. Er sagt es ohne den Unter¬
Schauspiel in 5 Akten von Arthur
 niemals ganz entbehren kann.
ton großer Leidenschaft, er singt kein Lied wilder Verzweif¬
Zweiter literarischer Abend des=nsaters.
lung hätte statt der Resignation
lung, nicht einmal ein bewegliches Klagelied, nur ein graues
Gedicht, von dem man meint, es könne nie ein Ende finden.
Thema schreit nach dem großen
Schleier über alles! Das Wort, das du frisch und lebens¬
Es hat auch keines gefunden. Willkürlich ist der Rahmen,
entweder die Klärung des Himn
toarm in die Welt sendest, ist schon im nächsten Augenblick
in den es Schnitzler gespannt hat. Die Töne des Liedes
gen muß.
im Schoße der Vergangenheit versunken. Das Glück, der
schwingen über ihn hinaus. Ein Drama ist das Werk nicht
Schmerz, der dir heute ans Herz greift, ruht morgen schon im
Mit der Aufführung (Regie
zu nennen, und die Dramentechnik ist aufs sträflichste verletzt.
Reiche der Toten. Wie willst du die Stunde halten? Sie
kannch mich nicht einverstande
Die Komvosition läßt so gut wie alles zu wünschen übrig, und
windet sich dir, sanft oder unbarmherzig hart, aus den Hän¬
monotone Melodie, nach der Sch
es fehlt vor allem an einem festen Standpunkt, den der Autor
den, entflieht dir, noch ch du ihren letzten, ihren tiefsten Sinn
zn ihrem Recht. Wie der Klaug
seinen Personen gegenüber einnimmt, an einem sichern
erkannt hast. Schleier über alles! Und nur eins bleibt dir:
loser Regenstunde, so hätte sie
Augenpunkt, unter dem er die Gesamtheit der Dinge sieht.
die Erinnerungen. Die stehen dir vor dem Auge, im Wachen
bringen müssen. Immer wieder,
Ich weiß natürlich sehr wohl, daß eine tiefere Absicht hierin
und im Träumen, füllen dir die Seele mit Wünschen, mit
der. Das fehlte, und so kame
liegt. Eine Gesamtheit der Dinge soll es eben für Schnitzler über¬
inem leisen Schimmer von Glückseligkeit und einem tieferen
Aufführung noch viel mehr des
haupt nicht geben, keine auch noch so versteckte Polyphonie,
(Glanz entsagungsvoller Schwermut. Sie sind wie gute Schau¬
menhalts entbehrte, als es bei der
kein Ineinanderwachsen, Sichumeinanderranken der Töne.
spieler: Es gibt Stunden, aus denen sie sich Kraft genug
ist. Das geringe Verständnis, de
Nebeneinander, nicht miteinander ziehen die Munschen seines
saugen, dir als das Leben, dir als die Wahrheit zu erscheinen.
Art des Werkes entgegenbrachte
 Dramas ihren Weg; diesem Inhalt soll die Form entsprechen.
And sind doch nichts anderes, als Trug und Schein, Schemen,
wirken. Eine genaue Kritik der
Ich verstehe wohl; aber ic, bin verpflichtet, zu konstatieren,
Gespenster. Du breitest die Arme nach ihnen aus, sehn¬
hier zu weit führen. Es sei nur er
 daß Schnitzler hier die Grenzen, die sich unsere heutige Büh¬
süchtig, verlangend — und narrend, dich äffend, weichen sie
mann sich seiner Aufgabe, trot
nenkunst gesteckt hat, zu rasch entschlossen überschritten hat.
zurück in den Nebel, in das Meer des Nebels, aus dem sie
Es führen so wenige und so gebrechliche Brücken von der
einmal in ein böses, allerdings
geboren sind. Schleier über alles!
Stimmung dieser Dichtung hinüber zu den rohen Tatsächlich¬
gehaltenen Dialog leicht zu erkl
Und einsam mußt du diese Qual ertragen. Es führen
keiten des Lebens, daß Schnitzler den Weg nur selten ohne
glücklichsten entledigte. Man hör
viele Wege durch das Leben, einsam aber sind sie alle. Wir
I allerlei kleine Unfälle und Zufälle gefunden hat. So sei es
intime echte Töne. Gertrud de
tauschen Worte miteinander, Worte, die ein Verstehen vor¬
Augenblicke, Angelina Gurlitt
auch mir erspart, ihn zu gehen, und durch den sehr wenig
täuschen, Worte der Zusammengehörigkeit, Worte der Herz¬
Paschen viel uninteressanter
rentablen Versuch, einzelne Vorgänge aus dem Ganzen her¬
lichkeit und Zärtlichkeit. Aber sie gehen am Ziele vorbei.
Schlaghamer und Julius
auszulösen, den Eindruck der Stimmung, die ich anzudeuten
Wir reden ins Leere und ein hohles Echo gibt uns zurück,
suchte, herabzudrücken. Man begnüge sich damit, zu wissen,
mit ihren Rollen große Mühe.
was wir Antwort heischend in die Welt hinaussandten. Wir
daß in blassen Tönen eine Reihe von Lebensschicksalen ge¬
kennen einander nicht; du nicht mich, ich nicht dich Und
zeichnet werden. Sie sind sehr verschieden, und gleichen sich
kommt die Stunde, da die Leidenschaft an deine Türe klopft,
doch in dem einen Punkte, daß sie alle auf jene schlimme
glaube ihr nicht! Sie ist eine Betrügerin, eine schlimme Zau¬
Weisheit hinauslaufen, zu deren Verkünder sich Schnitzler
berin; sie kennt alle Künste und Kniffe der Lüge, sie jagt dich
machen möchte. Eins dieser Seelen ist um einen Grad lei¬
in einen wilden Rausch der Seligkeit, aus dem du dann zu
denschaftlicher, tiefer gefärbt. Sie trägt dies hoffnungslose
um so schmerzvollerer Wahrheit erwachen mußt. Glaube ihr
Dasein nicht, verfällt der Liebe und verfällt dem Tode. Die
nicht! Vertreib sie von deiner Pforte! Lächelnd vertreibe sie,
anderen ziehen, ein unfröhlicher Zug, ihre Straße weiter.
lächelnd im bitteren, herzbrechenden Glück, deiner Einsamkeit!
Schnitzlers Drama fand gestern eine sehr kühle Auf¬
Das ungefähr hat uns Schnitzler mit seinem Werke zu
nahme. Der erste Akt fiel ganz ab, nach dem zweiten und
sagen. Er sagt es mit einem muden, lässigen Achselzucken,
auch noch nach dem dritten gab es einigen freundlichen Beifall,
mit der Miene stumpf gewordener Resignation. Sagt es in
nach dem vierten und fünften rührten sich nur noch ein paar
monotoner, kahler Melodie, die nicht viel Tiefe hat, aber
einsame Hände. Auch der Teil des Publikums, der die Schön¬
schließlich in ihrer Eintönigkeit doch beinahe tief wirkt. Er sagt
heiten der Dichtung wohl erkennen und würdigen konnte, war
es freilich zuweilen ungeschickt, denn es ist ihm schwer, die
Dinge des äußeren Lehens, von denen ein Drama denn doch eher gequält und gepeinigt als erwärmt und interessiert. Da,</Unicode>
            </TextEquiv>
        </TextRegion>
    </Page>
</PcGts>
