3436 4320
831 245 1020 305 Säme
1408 231 1857 321 box 23/5
243 239 1245 342 18 Deas
1256 1191 1985 1283 . Sggsie d Mne Aorsen sacc, de lud Sad
2103 1195 2230 1295 SA
2317 1219 2531 1309 Entscheit
1067 1277 2219 1335 gewesen ist. Er spielt den Herrn v. Sala, und seine tragische
2242 1293 2530 1357 Ich erachte, d
1063 1326 2225 1371 Anmut, die ihn verführerisch macht, das Transzendentale
2241 1341 2522 1397 den Armeeko
1066 1371 2218 1437 seiner Kunst, die hinter die Dinge greift, läßt ihn hier
2245 1389 2529 1454 unzweckmäßig
1064 1418 2223 1470 gleichsam auf einem vorgeschobenen Posten zwischen Dies¬
2237 1435 2534 1496 ponieren. Do
1068 1470 2217 1529 und Jenseits stehen. Wundervoll, mit welcher Meisterschaft
2245 1482 2524 1545 leitungg
1065 1513 2223 1568 des equilibrierten Tones er dem Dur das Moll beimischt, im
2248 1527 2524 1594 dorffs; i
1066 1555 2098 1613 Rufenden immer den Abberufenen vernehmlich macht.
2242 1575 2532 1632 lorenen V
1162 1593 2223 1657 Was sonst, in einer Bleigewichte schleppenden, gänzlich
2241 1617 2512 1684 hervorheben,
1075 1650 2215 1702 unbeschwingten Aufführung, zu sehen und wofür diesmal der
2239 1663 2526 1727 Kränkung m.
1064 1706 2223 1752 Direktor als Regisseur verantwortlich zu machen ist, hat die
2240 1710 2538 1777 sehe. Se. kaiss
1074 1737 2225 1789 Wirkung des Werkes teils verhindert, teils nicht gefördert.
2250 1767 2419 1825 gramm.
1070 1785 2220 1841 Am entscheidendsten versagt Herr Feldhammer, dem
2317 1805 2539 1880 Daß die
1063 1833 2221 1892 die Glaubhaftmachung des problematischen Julian Fichtner
2234 1855 2514 1928 zwischen die
1072 1881 2219 1930 obliegt. Wenig überzeugend in der äußeren Erscheinung,
1068 1921 2226 1983 bleibt er auch der inneren das meiste schuldig, da er statt
2241 1954 2548 2026 und verzögernt
1063 1979 2224 2033 eines zwar wehleidigen, aber fest ans Leben geklämmerten
2240 2002 2544 2067 näheren Erört
1061 2017 2222 2076 und, werauf es ankommt, Leben verbreitenden und darum
2242 2050 2540 2117 als Generalsta
1072 2064 2218 2114 liebenswerten Genießers einen affektierten Schwächling gibt,
2246 2099 2552 2158 deutschen Gene
1066 2108 2224 2166 dessen Selbstgefälligkeit gegen den Mann, dessen Morbidität
2329 2144 2533 2204 Wer die
1074 2156 2222 2215 gegen die Wahrheit des Stückes einnimmt und damit eine
2242 2183 2523 2255 es sofort in d
1065 2202 2224 2262 Grundbedingung für seine Wirkung raubt. Daß der junge
2236 2237 2553 2297 abzielte, die &
1063 2244 2228 2303 Felix, den Herr Schott, ein österreichischer Husarenleutnant
2236 2278 2539 2349 Botmäßig“
1074 2296 2227 2351 aus Preußen, sehr gehalten und sehr unjung deklamiert,
2317 2332 2541 2390 Bei aller
1074 2341 2224 2392 seinen vorgetäuschten diesem wahren Vater vorzieht, wäre in
2237 2368 2552 2440 ging es doch u.
1070 2387 2228 2442 solcher Darstellung kein Problem, gelänge es nicht Herrn
2242 2423 2555 2484 welche die #. ##
1064 2432 2226 2484 Forest als Professor Wegrath, sogar diese eindeutig
2243 2469 2555 2533 Monarchie in d
1061 2474 2229 2542 sympathische, in ihrem Grenzenbewußtsein bedeutende Gestalt
2237 2515 2560 2580 wenn auch verb
1075 2523 2221 2572 durch nßverständliche Fahrigkeit und eine das Komische
2323 2556 2549 2625 Auf die a
1066 2561 2230 2632 streifende, unerlaubt saloppe Maske um Sympathie und
2237 2610 2554 2689 des Obervefeh
1073 2618 2228 2674 Bedeutung zu bringen. Fräulein Lvovsky hat als
2246 2654 2486 2731 eingelangt:
1073 2666 2225 2722 Johanna Wegrath nur die Wiederholung ihrer Erna Wahl
2324 2696 2545 2768 Allerhöchs
1070 2720 2232 2764 zu bieten, Frau Else Bassermann in der schönen, Sehn¬
1065 2747 2221 2806 sucht und Verzicht bindenden Figur einer Schauspielerin, die
2237 2747 2550 2817 Erzherzog Frie
1060 2801 2225 2855 ehemals faszinierte und jetzt resignert, lediglich das Jetzige.
2233 2799 2546 2858 1914. Die g
1153 2845 2217 2897 Die Absicht, einem Dichter zu dienen, ist das, was man
2239 2842 2561 2922 gebe Iched¬
1074 2891 2223 2943 löblich zu nennen pflegt. Leider genügt die Absicht nicht. Und
2236 2886 2548 2957 Schaffung
1066 2936 2213 3011 es ist nicht unbedingt nötig, duß ein Stück von Arthur
2240 2938 2555 3001 Kommande
1067 2978 2225 3047 Schnitzler, um sich verstanden und nach Gebühr geehrt zu
2235 2980 2574 3047 Gleich Dir b
1067 3033 1803 3096 sehen, in Berlin gespielt werden muß.
2230 3030 2540 3090 v. Conrad
1777 3074 2563 3168 Ernst Lothar. Leleichzeitig best
