3436 4448
1429 219 1908 318 box 23/2
281 225 1413 337 18. Der einsane Neg
1208 650 2419 764 &e Kunst und Literatur PE
774 676 1187 776 Po-.
638 739 2969 812 Alle in dieser Rubrik erscheinenden Rezensionen und Anzeigen sind, sofern kein Name oder keine Chiffre beigefügt ist, redaktidnell
649 803 2972 869 Die Redaktion anerkennt keine Verpflichtung, alle ihr zugehenden Bücher zu rezensieren, oder auch nur mit den Titeln zu verzeichnen
1824 870 2979 934 eingegangen war. Da ist eine ehemalige Schauspielerin
727 877 1807 941 Der einsame Weg. Schauspiel in fünf Akten von
1826 928 2976 981 Irene Herms, die der eben genannte Maler um dieses
641 922 1802 988 Arthur Schnitzler. (Berlin 1904 S. Fischer, Verlag.)“
1822 971 2986 1026 Liebesverhältnisses willen weggejagt hatte, obwohl er
725 969 1811 1037 Sollte Schntzlers neuestes Schauspiel im Theater mit
1831 1014 2989 1068 auch zu ihr vorher die intimsten Beziehungen unterhalten
636 1028 1811 1077 eisiger Kälte aufgenommen werden, so würde hierin nicht
1824 1066 2989 1117 hatte. Da ist eine Tochter — Johanna — des Professors
643 1071 1821 1137 nur ein rein ästhetisches Urteil, sondern auch ein Protest
1834 1098 2990 1159 Wegrath, welche den unangenehmen Vorzug einer Art
633 1121 1815 1176 des praktischen Lebensinstinktes liegen, der Protest näm¬
1822 1151 2986 1203 Hellseherei in betreff baldigen Todes der ihr nahestehen¬
636 1168 1809 1220 lich gegen die These des Stückes, daß wir Menschen alle
1829 1191 2982 1237 den Personen besitzt und sich unglücklicherweise in einen
644 1219 1823 1265 einsam aneinander vorübergehen, daß auch die in schein¬
1826 1232 2985 1293 Herrn von Sala verliebt hat, von dem sie voraus weiß,
637 1255 1812 1315 bar intimsten Beziehungen lebenden Liebesleute, die Ehe¬
1829 1269 2987 1341 daß er in wenigen Wochen sterben muß. Sie geht ihm
637 1297 1807 1349 gatten, die Eltern und Kinder, Jugendfreunde usw. doch
1829 1326 2987 1384 folglich im Tode voran, indem sie sich im Teich seiner
636 1339 1809 1389 wie in Masken gehüllte, einander nie ganz verstehende,
1821 1365 2985 1425 Villa ertränkt. Auch den zwischen dem ersten und dem
647 1366 1814 1456 nur ihr eigenes Dasein lebende Sondereristenzen schatten¬
1819 1412 2986 1482 zweiten Akt erfolgenden Tod ihrer Mutter hat sie vor¬
634 1434 1804 1492 haft aneinander vorübergleiten. Es ist dies eine These,
1821 1451 2994 1517 ausgesehen. Durch diese Todesfälle und die sonstigen
639 1471 1811 1535 die in den Vordergrund zu stellen in neuerer Zeit bei
1830 1494 2986 1555 Beziehungen der Personen untereinander werden natür¬
637 1515 1822 1579 Dichtern und Philosophen Mode geworden ist. Daß sie
1824 1536 2991 1603 lich auch die Lebenspfade des Professors und seines Soh¬
642 1560 1815 1632 wahr sei, wird jedoch der praktische Lebensinstinkt der
1817 1590 2984 1648 nes Felix einsame. Und am allermeiisten leidet unter der
642 1603 1812 1656 Menschen namentlich an Orten, wo, wie im Theater,
1821 1632 2976 1690 einsamen Lebenswanderung der Maler Julian Fichtner,
644 1653 1808 1708 durch das Beisammensein Vieler das Gemeingefühl erhöht
1829 1662 2973 1734 der umsonst versucht hat, seinen illegitimen Sohn Feli
643 1697 1819 1757 ist, niemals zugeben. Und sie ist wohl auch nur halb¬
1822 1713 2989 1788 sich zu erobern. Der Titel des Schauspiels ist also durch
642 1735 1806 1795 wahr. Es wird im ganzen bei dem Sprüchlein des Harf¬
1828 1754 3012 1828 die Handlung und durch sämtliche Hauptpersonen mehr
635 1785 1696 1855 ners im „Wilhelm Meister“ sein Bewenden haben:
1823 1812 2999 1869 als genügend gerechtfertigt. Aber da man nur zu sehr
867 1830 1541 1911 „Wer sich der Einsamkeit ergibt,
1835 1851 2999 1914 spürt, daß der Dichter uns mit den absonderlichsten Ein¬
865 1881 1364 1937 Ol der ist bald allein,
1821 1906 2994 1962 zelfällen jene bereits erwähnte These in verallgemeinern¬
857 1911 1502 1995 Ein jeder lebt, ein jeder liebt
1828 1944 2998 2007 dem Sinne zu Gemüt führen möchte, lehnt man auch
858 1969 1443 2047 Und läßt ihn seiner Pein.“
1830 1989 2989 2040 diese Einzelfälle mit Achselzucken ab: „Es ist ja möglich,
1819 2029 2992 2096 daß dergleichen vorkommt, aber, wenn wir denn schon,
729 2022 1804 2091 Wer aber guten Mutes in einem tätigen Leben steht,
1821 2071 2997 2141 nach des Dichters Meinung, alle mehr oder weniger
650 2066 1808 2139 für sich und die Seinen sich sorgt und ringt und arbei¬
1825 2114 2995 2174 allein durchs Leben gehende Menschen sind, so wollen
651 2121 1807 2185 tet, der wird in seinem Gefühl wenigstens diese Isoliert¬
1824 2167 2988 2225 wir uns jedenfalls um das Wohl und Wehe der Leute
652 2165 1813 2217 heit der Einzelexistenz niemals empfinden, selbst wenn er
1817 2206 2992 2261 dieses seines Stückes am allerwenigsten bekümmern, den
645 2207 1812 2263 ihre Wahrheit mit dem Verstand sollte anerkennen müssen.
1829 2251 2981 2300 Anfang im Vorüberschreiten an andern Existenzen mit
652 2256 1811 2312 Höchstens für die allerletzte Lebensfunktion wird man sie
1830 2293 2968 2350 dieser unerquicklichen Familie und ihren Freunden machen.“
636 2294 1817 2355 zugeben — fürs Sterben. Das muß jeder allein ab¬
1897 2333 2994 2405 Mit alledem soll die dichterische Schönheit einzelner
646 2342 1798 2396 machen, da stehen seine Lieben wohl um ihn herum,
1830 2380 2989 2447 Szenen nicht verkannt werden. Der große Auftritt z. B.
652 2388 1813 2440 sind aber tatsächlich wie durch eine ganze Welt von dem
1820 2432 2984 2487 zwischen Felix und dem Maler Julian Fichtner im zwei¬
650 2431 1814 2486 Sterbenden geschieden, der seinen letzten Weg allerdings
1822 2468 2983 2532 #ten Akt ist meisterlich. Wie da der Sohn vor einem Ju¬
649 2476 1808 2528 einsam geht. Sonst jedoch wird nur der melancholische
1822 2501 2995 2579 gendbildnisse, das Fichtner von Felix' Mutter gemalt
645 2523 1812 2578 Misanthrop an der Betrachtung dieser These ein gewisses
1823 2564 2984 2625 hatte, nach und nach die innere Überzeugung gewinnt,
650 2560 1814 2630 Wohlgefallen haben. Die große Mehrheit der Menschen
1819 2606 2991 2661 der Maler müsse seine Mutter geliebt haben und er,
637 2609 1824 2675 will von ihr nichts wissen, weil sie im besten Falle eine
1823 2645 2993 2711 Felix, müsse der Sohn des Malers sein — das ist so
656 2645 1818 2709 unfruchtbare Erkenntnis bleibt, etwa zu vergleichen ge¬
1817 2689 2984 2762 zart und fein und entwickelt sich so psychologisch wahr,
650 2698 1811 2759 wissen Belehrungen über die leiblichen Funktionen, die
1827 2743 2997 2794 man möchte sagen: so organisch, daß man an Goethe'sche
654 2737 1815 2785 beim Einschlafen stattfinden, z. B. daß die Augen schielend
654 2786 1804 2830 sich nach dem Nasenwinkel kehren infolge einer Erschlaf¬
1829 2784 2990 2845 Dialogszenen erinnert wird z. B. an den herrlichen Auf¬
1822 2829 2992 2880 tritt, in dem Marianne (in den „Geschwistern“), ohne
652 2829 1813 2878 fung ihrer Streckmuskeln. Dies nicht zu wissen, ist fürs
1825 2854 2989 2924 selbst zu ahnen, was sie tut, dem vermeintlichen Bruder
650 2867 1817 2930 Einschlafen förderlicher, als wenn man die physiologische
1824 2913 2985 2976 ihre mehr als schwesterliche Liebe enthüllt. Ebenso wird
651 2911 1815 2989 Tatsache kennt und sich beim Einschlafen ihrer erinnert,
642 2953 1083 3031 auf sie Obacht gibt.
1822 2955 2989 3018 man in allen fünf Akten manches tiefsinnige Lebenswort
1829 2994 2990 3058 entdecken. Und so sagt man sich zuletzt, daß ein Stück
731 3012 1806 3076 Unwillkürlich wird nun aber dieser Protest des prak¬
1818 3048 2994 3108 eines guten Dichters, wenn es einem als Ganzes auch
648 3058 1810 3127 tischen Lebensinstinktes gegen die unangenehme These des
1823 3095 2990 3150 nicht gefällt, doch immer noch interessant bleibt und seine
657 3114 1813 3165 Schnitzlerschen Stückes auch das ästhetische Urteil über
1825 3136 2983 3191 Einzelwerte hat, die seine Existenzberechtigung ausmachen.
648 3149 1801 3206 das Stück beeinflussen, so daß diesem Schauspiel kaum
1826 3183 2990 3238 Und wundern wird man sich schon gar nicht, daß der
643 3202 1819 3262 ein guter Theatererfolg beschieden sein dürfte. Das zwar
1828 3213 2992 3285 Dichter, der einst mit so tollen, bei aller Satire von
651 3241 1812 3285 wird man anerkennen müssen, daß der Dichter auf ge¬
1829 3274 2991 3341 Lebenslust überschäumenden Bildern aus dem Fasching
651 3273 1818 3333 schickte Weise zu demonstrieren gewußt hat, wie alle Per¬
1821 3310 2991 3365 des Lebens debütierte, nun ein so melancholisch graues
646 3328 1807 3385 sonen seines Schauspiels ihren Weg einsam gehen. Aber
1821 3358 2991 3416 Aschermittwochsstück geschrieben hat; das ist ja der nor¬
639 3373 1823 3427 welche unerfreulichen Verhältnisse hat er zu diesem Zwecke
1820 3395 2993 3458 male Lauf — von Salomos tausend Weibern zur Pre¬
640 3401 1810 3463 erfinden und ausklügeln müssen! Da ist Professor Weg¬
1824 3449 2260 3521 digt: Alles ist eitel!
648 3465 1812 3523 rath seit 23 Jahren mit seiner Frau verheiratet, ohne
645 3503 1821 3563 von ihr oder von sonst jemand erfahren zu haben, daß
652 3547 1817 3610 sein ältester Sohn Felix in Wirklichkeit der Sohn eines
647 3590 1823 3651 Malers Julian Fichtner ist, der in der Brautzeit der
638 3638 1820 3695 Frau Wegrath mit ihr ein Liebesverhältnis hatte, das
636 3683 1832 3763 er aus Feigheit ebenso heimlich löste, wie er es heimlich
739 3736 1814 3822 * Diese Kritik wurde vor der Uraufführung im Deutschen
637 3795 1822 3879 Theater in Berlin geschrieben; nach den Berichten der Zeitungen
648 3851 1286 3908 ergab sich kein Erfolg. Die Red.
