3392 4256
924 272 991 325 1M
803 276 874 326 n
288 264 1274 353 18. eg
1429 258 1878 340 box 23/5
2353 143 2711 204 † Féte-de Neuilly.
2304 178 3066 236 Kdulalktaadltaut
2394 232 2977 306 THEATRE DU GTMNASE
2309 292 3064 388 Troupe de M. Eugen Robert
2350 433 3046 515 Lo chemm. Schtäfre
2437 509 2969 574 Pièce en quatre actes
2406 554 2974 620 de M. Arthur Schnitzler
2358 625 2921 695 Trois ou quatre spectacles gé
2984 636 3052 725 14
2312 648 2968 737 taient hier soir la pauvre erifauf
2320 719 3065 768 n'ai pas hésité une seconde Kbräffrer
2321 756 3065 803 le Gymnase oü la troupe berlinoise de
2313 787 3062 839 M. Eugen Robert donnait unc pièce
2313 829 3062 877 d’Arthur Schnitzler. Je n'ai pas trop
2320 875 2687 927 regretté ce choix.
2360 894 3063 961 Ce n’est pas qu’il m'ait donné occa¬
2322 942 3077 1000 sion de m'amuser.,. Une dame y meurt,
2313 982 3075 1034 une jeune fille amoureuse se tue, son
2316 1028 3067 1085 amant, pris au piege, se tuera; un
2319 1060 3076 1114 fils renie son père selon le sang, pour
2326 1099 2912 1166 consoler son père selon la loi.
2363 1130 3071 1193 Tous ces malheureux se côtoyent pen¬
2324 1178 3071 1228 dant quatre ans avant de comprendre
2318 1216 3069 1287 qu'ils ne se comprennent pas. Et l’en¬
2325 1261 3083 1309 semble n’est ni très vivant, ni trés vi¬
2329 1304 2493 1353 vifiant.
2367 1330 3086 1387 Mais, pour ma part, j'ai pris un bain
2319 1376 3073 1436 de littérature, et mes voisins, des Fran¬
2325 1409 3087 1471 çais qui semblaient entendre l’allemand,
2316 1455 3087 1512 prenaient une bonne leçon de pronon¬
2327 1475 3085 1550 clation, sans vouloir en perdre unee
2326 1537 2493 1596 goutte.
2654 1563 2748 1632 *4
2360 1606 3083 1671 Mme Wegrath, raconte la pièce,
2316 1665 3103 1709 meurt, laissant un mari. un fils, Félix,
2330 1694 3097 1750 et une fille Johanna. Félix est le filst
2317 1734 3100 1784 d’un ami de M. V -grath, Julian, ett
2322 1770 3100 1822 Johanna est la maitresse d’un autre
2331 1797 3101 1881 ami de M. Wegrath, Stéphan. Pauvre
2325 1856 2733 1909 excellent Wegrath !
2376 1867 3090 1949 Quant à Stéphan et Julian, ils ont
2326 1921 3090 1985 suivi le chemin de l’égoisme — la routel
2323 1965 3090 2030 solitaire — ils paraissent triomphants,
2317 2013 2690 2067 ils seront punis !
2372 2026 3093 2103 Stéphan, après avoir séduit Johanna,
2328 2087 3085 2149 lui offre de l’épouser, mais elle aime
2332 2122 3091 2184 mleux se jeter dans un étang. Julian,
2323 2163 3088 2209 craignant de vieillir, abandonné, révdle
2338 2209 3082 2256 à Félix sa paternité; mais Félix pré¬
2335 2247 3094 2304 fère rester fidele à l’excellent, naif et
2331 2283 2673 2342 Césolé Wegrath.
2369 2315 3092 2378 Stéphan se tuera, Julian s’en ira:
2333 2357 3090 2417 leur voie sera de plus en plus solitaire.
2336 2391 3094 2457 Non point par égoisme, maintenant,
2325 2441 2707 2501 mais par punition.
2672 2473 2758 2529 35
2360 2500 3084 2557 Ce drame, écrit aujourd'hui par un
2330 2561 3096 2603 Jean-Jacques Bernard, aurait du mys¬
2340 2593 3100 2647 tère et de la profondeur. M. Arthur
2334 2629 3094 2687 Schnitzler, qui l’a composé au siècle
2338 2674 3091 2725 dernier, y a mis beaucoup de mots et
2338 2720 3099 2772 d’explications. Ce n’est plus ce que nous
2337 2758 2519 2824 nimons.
2672 2791 2768 2848 *#
2365 2828 3093 2894 L’illustre acteur allemand M. Basser¬
2337 2877 3094 2932 mann tient le röle de Stéphan; il y
2333 2914 3103 2971 manque ce me semble d’une certaine
2344 2958 3101 3016 désinvolture jenne, qui se briserait peu
2337 2991 3094 3041 à peu. II devrait commencer en Jules
2342 3029 3108 3085 Berrv et finir en Signoret, II a joué
2342 3068 3102 3123 touf 'e temps en Signoret. Au reste,
2333 3108 3098 3170 excellent une fois ce fait accepté.
2336 3159 3095 3210 M. Carl Goetz (le vieux Wegrath) m'a
2420 3186 3102 3250 peu rappelé M. de Féraudv dans
2344 3199 2408 3242 un
2334 3229 3090 3284 le Bonheur des Dames. M. Werner
2337 3266 3005 3318 Schott est un t###s suffisant Félix.
2380 3311 3094 3361 Des dames, Mile Kathe Haack a plu
2340 3346 3094 3402 en Johanna mortuaire. Mais personne
2345 3386 3097 3449 n'a eu la fantaisie de Mme Orski, dans
2343 3428 2740 3488 la pièce précédente.
2676 3468 2763 3517 Reh
2373 3493 3089 3561 Pour terminer, je vais prier M. Eu¬
2337 3548 3049 3605 gen Robert de méditer ce petit avis.
3107 3562 3156 3640 #h
2380 3579 3087 3641 Si une troupe française, dite d’avant¬
2342 3621 3092 3675 garde, allait jouer à Berlin devant des
3109 3610 3212 3690 S
2337 3669 3091 3708 amateurs désireux de connaitre les der¬
2352 3682 3176 3769 nières inventions de Baty et de Dullin,t##
2339 3741 3163 3793 Francillon ou le Monde ou Von s’en 1e
2337 3779 3124 3828 nuie, que penserait de ce choix le pu¬
2340 3817 2946 3872 blie berlinois et la Critique?
2388 3849 3180 3900 Ou du grand classique, ou du toutde
2337 3894 3164 3967 moderne; voilà ce qu'il faut exporter s#
2353 3940 2645 3998 à cette heure.
2673 3955 3070 4031 Fortunat Strowgki,
2670 4015 3151 4086 Membre de VInstitut.(I
3085 415 3186 467 50
3069 498 3154 543 J.—
