3436 4352
1063 322 1134 386 W
233 325 1230 425 18. DerIS
568 611 1280 727 Theater und Musik. /%
1273 617 1439 742 1
664 679 1105 752 Berliner Theaterbrief.
462 679 525 767 0
374 733 1306 792 Aus Berlin, 14. Februar, wird uns geschrieben:
377 766 1437 847 Die gestrige Erstaufführung von Arthur Schnitz¬
305 818 1450 873 lers fünfaktigem Schauspiel „Der einsame Weg"*) hat
309 858 1452 909 dem Deutschen Theater keinen Erfolg gebracht. Es
313 894 1447 951 kam zwar nicht zu einer entschiedenen Ablehnung, aber dem
314 942 1446 993 lauen Beifall begegnete eine starke Minorität von Zischern und
302 972 1445 1055 der technisch ungeschickte Schluß des vierten Aktes entfesselte
314 1016 1448 1072 sogar ein demonstratives Hohngelächter. Das Stück macht
309 1056 1445 1127 fast den Eindruck eines dramatisierten Romanes. Ein buntes
306 1091 1442 1145 Gelirr von Haupt= und Nebenhandlungen läuft durcheinander,
308 1141 1451 1189 der Mittelpunkt fehlt, das Interesse des Zuschauers konzentriert
307 1178 1452 1225 sich bald auf diese, bald auf jene Figur, Episoden werden an¬
313 1217 1451 1262 gesponnen und wieder fallen gelassen, Katastrophen treten ein,
314 1258 1449 1307 deren Notwendigkeit man nicht begreift, da die zwingende Mo¬
317 1300 1456 1357 tivierung mangelt. Julian Fichtner, der geniale Künstler, der
316 1348 1457 1400 in der Jugend die Braut Gabriele seines Freundes Wegrath heim¬
305 1376 1454 1429 lich verführt und verlassen hat, sucht jetzt, da er das Alter nahen
307 1414 1459 1474 fühlt, seinen mit Gabriele gezeugten Sohn, den jungen Leut¬
306 1452 1458 1505 nant Felix, der bisher als Wegraths Kind gegolten hat, als
321 1487 1473 1559 Gefährten seiner Einsamkeit zu gewinnen. Felix aber schließt
317 1535 1456 1582 sich dem Manne an, in dessen Haus er aufgewachsen ist und
320 1583 1468 1629 den er so lange für seinen Vater gehalten hat. Ja, das gemein¬
325 1610 1466 1666 same Unglück führt ihn seinem Herzen noch näher. Denn auch
324 1652 1465 1703 Wegrath hat seinen Lebenspfand in Einsamkeit zurücklegen
316 1694 1470 1744 müssen. Die Gattin, die soeben verstorbene, und die Freunde
321 1739 1460 1790 haben ihn betrogen. Die Kinder blieben ihm fremd. Felix
318 1785 1468 1828 fühlte sich mehr zu der lebensfrischen, imponierenden Künstler¬
319 1811 1465 1867 natur Fichtners, als zu dem stillen, opferfreudigen Wegrath
314 1860 1467 1906 hingezogen, und Johanna, die Tochter, krankt an einer hysteri¬
323 1893 1466 1950 schen Sehnsucht nach fernen, märchenhaften Gefilden des
317 1929 1467 1995 Glückes. Sie wirft sich schließlich dem kühlen, egoistischen
326 1975 1469 2030 Lebenskünstler Stephan von Salta in die Arme und endet
313 2003 1468 2073 durch Selbstmord, den Geliebten in den Tod nach sich ziehend.
318 2048 1470 2107 Alle haben sie ihr Glück verscherzt, indem sie sich in törichter
319 2086 1476 2147 Vermessenheit allein auf sich selbst zu stellen suchten und zu
321 2132 1479 2204 spät erkannten, wie sehr sie der anderen bedurften. Nur der
325 2174 1469 2231 arme Wegrath, den das Schicksal mitten unter die Einsamen
324 2216 1468 2267 verbannt hatte, findet schließlich in dem, den er für seinen
326 2251 1473 2306 Sohn hält, einen mitfühlenden Freund und Gefährten. Die
319 2287 1473 2351 sympathischste und von dem Dichter mit den feinsten und ori¬
321 2324 1475 2386 ginellsten Zügen ausgestattete Gestalt des Stückes ist die der
316 2377 1469 2422 Schauspielerin Irene Herms. Für die eigentliche Handlung
318 2410 1468 2461 erscheint sie fast ohne Belang, sie zeigt nur, welche Glücksmög¬
325 2447 1476 2493 lichkeiten der vom Schicksal so verschwenderisch bedachte Egoist
317 2486 1473 2558 Fichtner leichtsinnig verscherzen konnte. Irene hat ihn ge¬
414 2558 1480 2626 *) Erschien soeben im Verlage von S. Fischer in Berlin.
1398 313 1836 403 box 23/1
1472 607 2595 658 liebt, und den Mittelpunkt ihres Lebens, ihre Mutterhoffnung,
1472 643 2600 701 in ihn gesetzt. Er wies sie von der Tür, und auch sie mußte
1460 691 2595 734 eine Einsame werden. — Die Darstellung der Novität gehörte
1472 720 2598 775 zu den vortrefflichsten Leistungen, die das Deutsche Theater
1474 759 2604 811 seit langer Zeit aufzuweisen gehabt hat. Rittner stattete
1460 802 2601 861 den Julian Fichtner mit dem ganzen Charme seiner frischen,
1465 843 2599 892 sympathischen Persönlichkeit aus, und nur selten störte die allzu
1461 881 2602 943 merkbare Jugendlichkeit des Wortes und der Gebärde;
1456 908 2604 984 Bassermann schuf mit dem Stephan von Salta ein neues
1471 955 2597 1016 Kabinettstück seiner virtnosen Charakterisierungskunst; Oskar
1466 998 2613 1064 Sauer als Wegrath, Irene Triesch als Johanna, Hedwig
1474 1036 2610 1085 Pauly als Gabriele, und vor allem Else Lehmann in
1459 1085 2607 1137 der sehr schwierigen Rolle der Irene Herms waren durchweg
1470 1124 2613 1170 ohne Tadel; und wenn Kurt Stieler (Felix) ein wenig
1468 1155 2616 1220 mehr Temperament besäße, so hätte er sich dem glänzenden
2436 1198 2572 1254 J. S.
1483 1202 2219 1273 Ensemble als Ebenbürtiger eingereiht.
2128 1595 2569 1685 Telephon 12801.
1752 1692 2982 1785 Alex. Weigl's Unternehmen für Zeitungs-Aussehnitte
2581 1747 2921 1861 Oee Auschnltt
1738 1757 1982 1850 N 105
1991 1809 2679 1912 „OBSENVEN
2749 1789 3031 1908 Nr. 64
1639 1879 3093 1980 I. österr. behördl. oonc. Bureau für Zeitungsberichte u. Porsenalnachrichten
1907 1951 2829 2040 Wien, I., Concondiaplarz 4.
1652 2036 3095 2095 Vertretungen in Berlin, Budapest, Chicago, Genf, London, Newyork, l’aris, Rom.
2007 2074 2742 2137 Stockholm, Kristiania, St. Petersburg.
1636 2139 2941 2276 Aussehn: Menc huor
1656 2356 1860 2428 vom:
1930 2374 2223 2491 SE140
1799 2554 2991 2632 „Der, einsame Weg“, ein fünfaktiges Drama von Artür
1667 2624 2990 2681 (Schnitzer, brachte es im Deutschen Theater zu Berlin zu einem
1695 2670 2977 2738 Erfolg. Die Tragödie eines Geschwisterpaares bildet den Faden
1700 2706 2996 2769 der Handlung. Die Grundstimmung des Stückes ist sehr düster.
1697 2743 3007 2819 Seine Reize liegen besonders in dem feinen Dialog, dessen Länge)
1696 2813 3010 2879 Ifreilich die äußere Wirkung des Stückes zu gefährden imstande ist,
2119 3019 2633 3101 Bezugs-Bedingungen:
2734 3070 2842 3138 15.—
1658 3095 2724 3176 Für 50 Zeitungsausschnitte (Artikel oder Notizen) Kr.
2727 3078 3084 3188 28.— Indlusive
2883 3144 3035 3191 Porto.
1785 3143 1876 3194 100
2727 3160 2863 3221 50.—
2881 3169 3050 3231 Zahlbar
1758 3184 1886 3234 200
2719 3203 2842 3255 110.—
1760 3222 1879 3270 500
2861 3217 3098 3284 im Voraus.
2715 3239 2869 3298 200.—
1748 3262 1877 3317 1000
1684 3276 1752 3334 *
1783 3266 3099 3361 Im Gegensatze zu anderen Bureaux für Zeitungsausschnitte ist das
2713 3321 3110 3384 — auch stcht es den
1665 3340 2692 3400 Abonnement durch seine bestimmte Zeitdauer begrenzt;
1676 3368 2984 3440 Abonnenten frei die aufgegebenen Themen zu ergänzen oder zu ändern.
1780 3446 3104 3515 Der „OBSERVER“ veranstaltet täglich einen Auszug enthaltend die
1670 3486 3093 3561 Inhaltsangabe aller wichtigen Mittheilungen der Wiener Morgen¬
1670 3524 3102 3596 blätter (Tagesjournale ausser „Neue Freie Presse“ und „Wiener Zeitung")
1680 3580 3110 3638 wodurch eine Uebersicht über das gesammte politische und wirthschaftliche
1668 3620 3108 3687 Leben des In- und Auslandes in drastischer Kürze geboten wird. Diese Mit¬
1682 3652 2694 3736 sbeilungen werden in Wien um 9 Uhr Früh verschickt.
2008 3743 2771 3820 Prospecte gratis und fanco.
2086 3791 2636 3868 Quellenangabe ohne Gewähr.
