3484 4352
1463 285 1931 398 box 23/5
310 332 1318 441 18. Der einsane Nen
984 1869 1401 1949 Telephon 12801.
617 1948 1744 2013 älex. Weigls Unternehmen für Zeitungs-Ausschnitto
814 2008 1575 2142 „OBSERVER“
623 2123 1742 2210 I. österr. bebördl. konz. Bureau für Zeitungsberichte u. Personaibachrichten
822 2191 1598 2287 Wien, I., Concordiaplatz 4.
1044 2259 1338 2332 Vertretungen
656 2302 1753 2383 in Berlin, Budapest, Chicago, Genf, London, New-Vork,
630 2368 1750 2418 Paris, Rom, Mailand, Stockholm, Christiania, St. Petersburg.
907 2399 1496 2483 (Quellenangabe ohne Gewahr.)
637 2509 1102 2592 Ausschnitt aus:
1121 2518 1732 2626 a Hevue de Paris
643 2601 1295 2686 vom. ce Gn
792 2673 1451 2725 Le dernier drame de SCHNITZLER,
768 2717 1454 2776 La woie solitaire, joué & Peiers“
760 2769 1459 2826 bourg par une troupe allemande,
766 2809 1459 2863 est évidemment la meilleure cuvre
769 2854 1458 2911 du jeune auteur viennois. 11 y
772 2891 1463 2948 donne une peinture frappante, vi¬
774 2944 1456 2993 vante, d’une société mourante et
769 2988 1465 3033 dissolue, d’une Société qui a re¬
770 3026 1459 3083 noncé aux espoirs d’autrefois et
780 3065 1449 3132 qui n’en a pas trouvé de nouveaux.
806 3113 1453 3176 L'action se passe entre un pein¬
780 3158 1456 3220 tre, un auteur dramatique, un mé¬
766 3214 1463 3269 decin et un professeur, tous céle¬
772 3247 1466 3304 bres, raffinés et de haute culture.
780 3287 1462 3354 Pourtant on est frappé de l'absence
787 3341 1468 3387 d’intérêt, de but, qui rend leur vie
778 3380 1471 3433 indifférente, et qui fait que ces
777 3420 1482 3487 hommes, capables de grandes cho¬
783 3471 1394 3541 ses, ne les peuvent accomplir.
2364 712 2915 784 Theater und Musik.
2414 764 2828 826 Deutsches Theater.
2233 812 3125 868 Der einsame Weg. Schauspiel in 5 Akten von
2142 819 2369 932 791
2597 852 3115 905 Mit all der Sorgfalt und
2154 873 2271 928 Sich
2490 855 3117 943 on ihr gewöhnt ist, hat die
2146 923 3118 975 rührige Direktion dieses unerquickliche Stück des
2153 950 3172 1026 geistreichelnden Wiener Pocten in Szene gesert.
2145 983 3120 1030 Ein unerquickliches Stück. Ein Schulbeispiel dafür,
2147 1014 3127 1070 wie ein mühsam zusammengetragener Stoff, sobald
2141 1060 3124 1100 man ihn in der Richtung eines alles erschopfenden
2138 1086 3125 1135 Beweises bewegen will, unter den Händen seines
2152 1122 3128 1174 Bildners zerflattern muß. Der Grundgedanke des
2152 1151 3159 1202 Ganzen, daß jeder von uns im letzten Sinne seinen
2149 1184 3128 1242 Lebensweg einsam zurücklegt, daß keiner über die
2136 1238 3119 1281 Grenzen der Konvention hinaus zu dauernder Ver¬
2150 1256 3117 1315 bindung einen Weggenossen in Freud und Leid sein
2151 1293 3112 1340 eigen nennt, ist sicherlich hochdramatisch. Er wurde
2143 1329 3106 1377 auch in seinen Wirkungen ergreifend sein, wenn
2149 1361 3117 1402 Schnitzler sich weise durauf beschränkt hätte, an
2159 1402 3119 1455 eimem Schicksal die allgemeine Gültigkeit
2144 1419 3115 1493 dieser tragischen Tatjache nachzuweisen. Daß er alle
2147 1467 3116 1516 seine Geschopfe zu Faktoren seines Rechenexempels
2151 1500 3118 1569 konstruiert hat, führt zu einer ermüdenden Mono¬
2142 1531 2276 1588 tonie.
2224 1560 3118 1617 Aber auch gegen andere Grundgesetze der Dra¬
2133 1604 3120 1651 matik noch wird arg gesündigt. Johanna, die un¬
2135 1643 3128 1693 möglich Ibsensche Tochter des wackern Professors
2144 1668 3107 1730 Wegrath ahnt den Tod der Mutter, wie sie als Kind
2142 1691 3121 1758 schon der Freundin Tod geahnt hat. Felix, ihr Bru¬
2142 1736 3116 1798 der, ahnt, daß er die Frucht eines unerlaubten Ver¬
2132 1776 3112 1828 hältnisses seiner Mutter mit Julian Fichtner, dem
2140 1807 3115 1855 berühmten Künstler, ist. Stephan von Sala, der
2137 1848 3117 1879 herzkranke Lebenskünstler, ahnt, daß Johanna im
2136 1869 3107 1913 Teich ihren Tod gesucht hat. Frene, Fichtners ein¬
2136 1903 3111 1960 stige Geliebte endlich, abnt, daß er dem jungen Fe¬
2144 1940 3106 1995 lix das Leben geschenkt hat. Und alle diese Ahnun¬
2151 1979 3102 2022 gen sind, obwahl mit einer nairsten Nonchalance be¬
2137 2009 3067 2061 gründet, die Triebfedern, ohne deren Drängen di
2142 2051 3041 2097 Handlung gar nicht vom Fleck kommen würde. Uel
2141 2080 2269 2130 dies —
2270 2085 2904 2137 alles, was zu packender Anschaulich
2922 2088 3051 2134 eit ge
2097 2109 3138 2162 tet werden mußte, wird zu einem Geschehnis hin¬
2454 2145 2618 2200 uerereengrunen
2137 2232 3102 2283 ter der Szene herabgedrückt. So kann es geschehen,
2148 2259 3113 2318 daß drei Menschen im Laufe der Begebenheiten mit
2149 2292 3099 2351 dem Tode abgehen, ohne daß wir im mindesten da¬
2152 2328 3108 2384 von erschüttert werden. Dabei haben sich die Dar¬
2143 2353 3107 2418 steller mit anerkennenswertem Eifer und schönem
2157 2392 3111 2460 Können bemüht, die gesprächigen — ach! zu gesprä¬
2141 2428 3111 2491 chigen Puppen Schnirlers zu Menschen umzufor¬
2143 2462 3115 2526 men. Die Herren freilich erwiesen sich auch dies¬
2144 2496 3104 2558 mal als das stärkere Geschlecht. Allen voran er¬
2157 2528 3095 2584 freute Paul Paschen durch eine schlichte Natür¬
2147 2568 3022 2626 lichkeit in Ton und Geste und Julius Str
2143 2601 3014 2655 emann hob wenigstens bisweilen den rücksichts
2145 2633 3003 2687 Egoisten sans phrase, Julian Fichtner, durch
2156 2669 3013 2725 Gefühlsnote aus dem widerlichen Dunst
2150 2699 3011 2772 Selbstgerechtigkeit. Auch Franz Schönem
2153 2740 3021 2796 wurde seinem Felix im allgemeinen gerecht, ob
2160 2768 3111 2826 eine leichte Neigung zur Deklamation häufig die
2153 2799 3126 2857 Wirkung seines frischen Spiels beeinträchtigte. Daß
2150 2843 3121 2901 Richard Schlaghamer dem Herrn von Sala
2162 2873 3124 2930 in Maske und Gehaben Züge des Intriganten und
2161 2904 3134 2961 Bösewichts gab, soll ihm nicht weiter verargt werden.
2155 2943 3122 3014 da es wirtlich kaum möglich ist, die verschwommenen
2159 2974 3121 3030 Umrisse dieses Romanhelden getreu nachzuziehen.
2161 3008 3133 3070 Der unglücklich liebende Arzt allerdings war bei
2171 3051 3123 3102 FritzSchilffer nicht in sehr glücklichen Händen.
2165 3080 3125 3139 Bei eventuellen Wiederholungen wird er es vermei¬
2163 3107 3114 3178 den müssen, mit einem verbindlichen Lächeln sich
2168 3141 3137 3215 von den Leuten zu verabschieden, die in Todesangst
2161 3193 2522 3252 um Johanna sind.
2239 3210 3145 3268 Angelina Gurlitt steigerte die Unnatur
2158 3250 3144 3303 dieser Rolle ins Unerträgliche. Das ist umso schmerz¬
2162 3282 3092 3350 licher, als sie einige schöne Momente hatte,
2169 3318 3054 3372 denen sich ihre Begabung vorteilhaft verriet.
2175 3346 3141 3405 scheint viel mehr in dieser Künstlerin zu stecken, als
2181 3382 3135 3448 sie bisher zu zeigen vermag. Der scharf geschnittene
2169 3420 3145 3468 Kopf besitzt eine bedeutende Ausdrucksfähigkeit, von
2176 3455 3155 3515 der aber ein viel zu reichlicher Gebrauch gemacht
2173 3485 3139 3545 wird. Insbesondere wären die sprunghaften und
2178 3518 3147 3589 unschönen Verzerrungen des Mundes zu vermeiden.
2176 3552 3149 3608 Gertrud de Lalsky war als Irene Herms ein
2177 3597 3142 3648 wenig zu laut, befriedigte ####er ganz in der gewalt¬
2181 3620 3146 3674 sam konstruierten Klageszeue über ihr versäumtes
2563 3658 3147 3704 Kühling, die den Vorzug
2183 3679 2502 3726 Mutterglück. E
2171 3690 3151 3755 hatte, als Gabriele schon nach dem ersten Akt vom
2180 3719 3144 3784 einsamen Wieg abbiegen zu dürfen, erwies sich wie¬
2178 3753 3147 3828 derum als eine verstandige und maßvolle Schau¬
2968 3786 3133 3843 I. III
2174 3809 2375 3859 spielerin.
