3392 4256
10 2121 76 2204 6
1310 121 1883 237 box 23/3
254 139 1273 264 18. Der einsane Neg
849 847 1064 927 S
1709 882 3309 958 - ihre Stars! In Berlin zählt] Menschen lieb. Es ist wie bei der Niese. Nur daß
171 911 1730 989 nicht die hat keine bedeutenden Einfälle. Reinhardt besitzt pönte Wort!... —
2301 938 3295 1005 die Wienerin — man möchte fast sagen: leider
1329 935 2316 1024 dazu auch Herr Reicher; in Wien hat er nur ein¬
172 968 1351 1037 die Art mehr Witz, die Russen Witz und Größe dazu.
2364 988 3299 1053 auch ein gar so großer Komiker ist und das
1331 986 2322 1070 mal tiefer gewirkt: im Vorjahr als alter Leiser
351 1009 1342 1070 Es ist Brahms große Schuld, daß er nach ihnen
156 1001 360 1087 ammeln
2295 1040 3286 1101 gar so gut weiß. Erinnert die Lehmann an die
1339 1040 2308 1114 Fränkel in den „Juden“. Leider müßte eigent¬
358 1058 1341 1116 kam. Ihr episch gewaltiger Zug und ihre Gabe,
177 1068 366 1131 Wirklich¬
2305 1090 3285 1152 Hartmann — daß wir sie doch auch an der
1332 1096 2304 1170 lich ein jedes Stück, in dem er spielt, diesen Titel
373 1102 1349 1166 unmerklich im Kleinen zu symbolisieren, mangelt
169 1110 370 1179 waschen,
2304 1125 3298 1194 gleichen Stelle sehen könnten! —, so muß man
1349 1150 2317 1202 führen. Nicht nur seine Tongebung, auch die
364 1147 1344 1221 ihm. Er begnügt sich damit, zu dozieren, statt zu
161 1159 372 1223 inen, sich
1347 1195 3298 1263 synagogale Feierlichkeit seiner Mimik erinnern bei Rittner imhmer wieder an Baumeister denken.
360 1199 1354 1276 illustrieren wie Reinhardt, lebendig zu machen
179 1207 376 1275 weniger
1342 1236 3297 1304 an eine andere „Schule“ als an jene des Herrn Man muß einfach. Er hat die gleiche bezwingende
364 1242 1355 1318 wie Stanislawski. Es wird vorgetragen in den
166 1260 366 1330 ewachsen.
1343 1272 3298 1348 Brahm. Auch ohne die Belästigung durch den Ehrlichkeit, die Glaubhaftigkeit der Miene und
366 1301 1346 1379 Unterrichtsstunden von sieben bis zehn Uhr
171 1314 365 1383 in neues
1341 1335 3299 1401 Jargon würde seine verhaltene Temperament= des Tones Dazu aber noch einen eigentümlich
363 1339 1350 1410 abends: Ibsen — Hauptmann — Schnitzler. Bei
177 1356 373 1424 agierten
2312 1389 3299 1446 erregenden Klang in der hellen, sieghaften.
1343 1387 2308 1452 losigkeit, die glanzlose Trockenheit seines Wesens
368 1399 1347 1465 besonders schwer verständlichen Stellen wird eine
255 1406 361 1467 und
2309 1424 3307 1498 schwingenden Stimme, zu der die Leidenschaften
1335 1447 2303 1506 jedes dramatische Leben ausdörren. Im „Ein¬
159 1443 252 1528 r
361 1447 1340 1516 Pause gemacht, damit sie Die Schüler ganz genau
243 1451 370 1516 und
2303 1463 3304 1550 zu tanzen scheinen. Eine Ursprünglichkeit, die
1350 1487 2312 1546 samen Weg“ nahm er den schömiten Szenen durch
362 1486 1353 1566 fassen können. Die Berliner sind einfach die
172 1496 376 1569 einiges.
2306 1533 3235 1606 obrie gleichen ist im Theater der Gegenwart.
1337 1536 2306 1603 seine Reizlosigkeit fast den Sinn, und wäre die
361 1542 1348 1620 Schauspieler der Pausen. Nun — im Burgtheater
169 1551 373 1620 and mit¬
2354 1546 3301 1645 So wie Bassermann ohne gleichen ist als
1339 1579 2314 1649 Dichtung nicht so meertief und schön, hätte
370 1587 1349 1658 können sie besser sprechen, in Rußland besser
165 1600 322 1661 Wien —
2307 1608 3305 1692 Sche#spieler des Geistes. Alles an ihm spricht
1340 1626 2323 1695 Schnitzler wohl schwerlich so alenzend gegen
374 1641 1350 1706 schweigen. Die Pausen in „Rosmersholm“ oder
175 1657 376 1715 ftsunter¬
2306 1679 3308 1748 von Redeuiung: der tiefe leidende Zug um den
1344 1687 2062 1751 seinen Schauspieler siegen können.
362 1689 1353 1770 im „Einsamen Weg“ unterstreichen vernünftig,
165 1696 379 1765 lich ist.
1374 1717 3292 1787 Herr Sauer hatte während dieses Gastspielsmmner zuckenden Mund, die flackernden Augen,
364 1740 1358 1815 allein sie haben keine ungeheure Beredsam¬
171 1744 369 1814 wäre ver¬
1345 1761 3307 1839 erst eine Gelegenheit. Allerdings eine feine. Im hinier denen Abgründ= von Stolz und Ver¬
365 1786 1341 1848 keit... Schule überall, und Brahm hat tüchtig
179 1805 375 1856 von den
2313 1816 3303 1882 sonnenheit liegen. Er ist der einzige, dem #an
1343 1811 2326 1890 Trauerspiel des Wiences war er der unechte
375 1837 1348 1907 gedrillt. Aber man fühlt: der preußische Schul¬
177 1849 370 1907 reicht die
2310 1869 3311 1931 das Genie glaubt — nicht deshalb, wei##r###s
1339 1876 2326 1948 Vater, dessen Treue sich die Seelen erobert Seine
363 1882 1343 1957 meister hat bei Sadowa gesiegt, allein er wird
185 1892 377 1960 wie ihr
2306 1894 3307 1984 schauspielerisch ist, sondern weil er dafür einen
1340 1916 2319 1997 Art zu spielen ist eine fast peinlich diskrete. Seine
360 1938 1355 2010 kaum noch in den großen Entscheidungsschlachten
165 1930 377 2006 en unter
2306 1969 3296 2033 unsäglich bezaubernden Rhythmus der ganzen
1345 1980 2317 2036 Secle lispelt sozusagen... An diese stille, müde
364 1988 920 2058 unseres Theaters siegen.
182 1994 386 2057 als bei
2314 2012 3305 2088 Persönlichkeit hat. Das ist einer, dem man die
413 2017 2313 2109 Glücklicherweise hat Brahm einige vortreffliche Kunst muß man sich wohl erst gewöhnen, allein es
182 2039 376 2107 sind die
365 2060 3303 2149 und drei große Schauspieler. Sie bringen zu dürste die Mühe lohnen. Frau Triesch, die dies-apartesten Qualen, die distingniertesten Schilk¬
190 2075 378 2154 he ist zu
2316 2114 3306 2175 sale zutraut, Einer, der in der hochmütigen Ein¬
1335 2129 2329 2181 mal so sehr im Vordergrund stand, ist ganz un¬
178 2132 382 2207 keit, sein
372 2133 1348 2207 seiner Klarheit ihre Phantasie, zu seiner Nüch¬
2310 2157 3308 2229 samkeit einer odeligen Seele lebt und zwischen
1352 2160 2321 2232 heimlich gescheit. Ein schauspielerisches Gegen¬
373 2180 1349 2247 ternheit ihren Rausch. Man mag die Grenzen
170 2188 384 2250 ude am
2314 2220 3315 2272 sich und die Plebs Welten legt. Wie er als Sala
1338 2212 2324 2281 stück zu Brahm: sie versteht alles. Kann wohl
373 2226 1346 2298 der Berline noch so deutlich erkennen, es war
166 2226 366 2302 Verwand¬
2313 2256 3317 2334 im „Einsamen Weg“ sol Entfernungen
373 2258 2317 2341 doch in jede Abend ein Ton, den wir nicht an= auch alles. Sogar die Verführung, obwohl die
181 2282 378 2350 heiß und
1350 2297 3312 2374 Grazien leider ausgeblieben sind. Es läßt sich zwischen sich und den andere hält in seiner
176 2336 380 2401 liger be¬
381 2312 1357 2402 schlagen können, eine Kraft, um die wir sie be¬
1342 2370 3318 2428 wirklich gegen sie nichts einwenden — außer die Einsamkeit erschauert und doch die Haltung des
364 2370 1359 2449 neiden. Vom Burgtheater ist hier natürlich nicht
171 2380 382 2455 t er der
2319 2397 3313 2481 großen und kalten Geistes bewahrt, dessen ver¬
1345 2420 2317 2490 Kleinigkeit, daß sie kein Genie ist. Was man ja
375 2423 1355 2497 die Rede, das ist eine Klasse für sich, ist sui
188 2433 377 2499 dort an,
2319 2443 3313 2516 borgene Flammen niemand gewürdigt wird zu
1346 2470 2231 2538 nicht sein muß. Aber es wäre doch besser.
166 2478 371 2548 Hir haben
378 2477 1343 2543 generis. Allein, und dies ist vielleicht die selt¬
2321 2500 3319 2564 sehen — das ist von einer so eisigen und schmerz¬
1394 2501 2334 2575 Bei Bassermann, Rittner und der Lehmann
367 2526 1358 2594 samste aller Wahrnehmungen! — mit den Stücken
170 2517 389 2600 . Allein
2325 2549 3326 2613 lichen Erhabenheit, daß jeder kunstliebende
1354 2564 2322 2632 spürt man das Genie. Sie berühren unmittelbar,
371 2581 1350 2633 und den Erfolgen der Berliner hat sich auch die
183 2578 376 2651 sitzen. Ein
2314 2593 3322 2671 Wiener es sehen sollte. Daß er gelegentlich
1355 2592 2327 2680 müssen nicht erst den Umweg durch den Intellekt
373 2624 1356 2685 Art ihrer Wirkung geändert. Sicherlich sind sie
180 2623 381 2691 so groß
1357 2655 3312 2725 nehmen. Und kommen weiter, viel weiter. Gleich Mannheimer Dialekt spricht, ist sehr gut. Denn
370 2668 1346 2729 noch ein Ensembletheater; aber als solches haben
200 2674 384 2757 unseren
1351 2681 3317 2781 sind sie mit unseren Seelen auf „du“. Die Leh= so hängt auch das Genie mit den anderen zu¬
180 2714 1358 2787 schtlich... sie uns nichts Neues mehr zu sagen. Was an
1350 2742 3316 2820 mann gest auf die Bühne, ihr rundes Gesichtchen sammen, so fügt er sich in die Berliner ein.
176 2760 1359 2841 kiner sind ihnen — besonders in Wien — noch immer und
1347 2800 2979 2883 leuchtet, ihre Augen schwimmen, ihre Stimme Allerdings in seinem Fehler.
188 2820 1349 2892 Charakte= immer wieder interessiert, das sind ihre führen¬
2808 2831 3328 2944 Dr. Ludwig Bauer#
195 2856 2382 2943 aber sie l den Persönlichkeiten, ihre — wagen wir das ver¬ streichelt das Gemüt. und sofort hat nian diesen!“
