3436 4352
1397 220 1846 309 box 23/2
233 242 1238 333 18. Der einsane Neg
1671 1181 1821 1258 1
666 1215 2766 1339 mehr: so bequem mit etwas feierlichen Apercus um=sameren Aufgabe. Nicht zu seinem Vorteil ruft er Ver¬
1722 1245 2778 1342 gleiche mit dem alten Ibsen hervor, und vollbringt am
656 1296 1726 1366 schrieben, daß sich davon garnichts Genaueres melden läßt.
1737 1281 2799 1377 Ende gar mit seinen redenden statt handelnden Menschen
661 1341 1723 1412 Soviel nur scheint festzustehen: Johanna, ein Mädchen
1726 1338 2771 1414 doch eine Art Wiedereinführung des Feuilletonismus ins
666 1375 1724 1444 mit holdverschrobenem Drang ins Weite, liebt den gepflegten
1732 1375 2778 1459 Drama der Gegenwart. So brachte die jüngste Premiere
676 1413 1727 1502 Freund des Hauses, und sie ist ihm soweit sympathisch, daß
668 1425 2781 1527 er ihre Hingabe dankbar annimmt. Er ist unheilbar herz=eine unrettbare Bühnendichtung, trotzdem aber keinen ver¬
1731 1453 2776 1538 lorenen Abend. Den Empfänglicheren wenigstens konnte
671 1489 1731 1574 krank; von der Forschungreise nach Ekbatana, die er plaut,
1737 1489 2779 1573 manche nachdenksame Gedankenprägung, manche lyrische
680 1532 1723 1608 wird er nicht wiederkehren. Dies oder irgend etwas anderes
1743 1531 2793 1615 Schwingung etwas bringen — mehr als ganze Abendfüller
668 1569 1728 1645 treibt das seltsame Mädchen, im Gartenteich von Salas
1739 1588 2791 1651 mit dummem Zeitverderb. Man könnte zuguterletzt die
672 1610 1730 1692 Villa den Tod zu suchen. Kein Mensch kann diesen Schritt
1744 1608 2783 1687 Wahl der „Novität“ recht loben, wenn es nicht klar wäre,
686 1652 1735 1725 vom Hören=Sehen ganz verstehen. Das ist jedoch weniger
1737 1649 2783 1728 daß für die Annahme nur der wohleingeführte Name des
685 1684 1746 1772 ein Fahrlässigkeitschnitzer des Dichters als vielmehr ein
1751 1692 2790 1767 Autors bestimmend war, nicht ein produktiver Wagemut der
675 1730 1729 1833 Zug, der der ganzen Anlage der Arbeit entspricht. „Der
1749 1730 2788 1803 Bühnenleitung. — Von der Aufführung kann man sagen,
1753 1769 2795 1844 daß das Schauspielhaus mit Ehren bestand, obwohl das
690 1764 1740 1850 einsame Weg“ ist ein Experiment. Bewußt verläßt Schnitzler
686 1802 1738 1884 hier die gangbare Straße des Dramatikers. Dabei aber
1744 1810 2789 1884 äußere Ergeonin eine wrwerdentige Ablehnung war. Die
699 1845 1742 1919 verrät er, daß er die notwendigen dramatischen Wege
1746 1844 2791 1919 Regie des Herrn Oberregisseurs Aniucke tat ihr Bestes,
700 1877 1743 1953 nicht kennt oder verkennt. Er will eine vornehme, leise
1755 1877 2801 1966 wenn sie auch nichts Hervorragendes zu bieten hatte; eine
691 1919 1737 1991 Seelen und Nervenkunst geben; er irrt nur, wenn er glaubt,
1761 1931 2795 2006 entschiedenere Abstimmung der Dialoge auf einen einheitlichen,
688 1960 1745 2047 zu diesem Behuf die Grundgesetze des Dramas beiseite
1755 1963 2793 2040 vernehmlichen Ton, eine zwanglosere Gruppenbewegung,
693 1995 1752 2080 stoßen zu müssen oder zu können. Der Grundzug des
1746 2002 2801 2097 z. B. im ersten Akt, wäre noch zu wünschen. Auch hat das
700 2037 1739 2116 Kampfes — seies mit noch so sanften Wassen — die Grund¬
1749 2037 2806 2112 Szenenbild im ersten und letzten Aufzug ein
700 2068 1753 2144 forderung, daß jede Szene ihre Steigung und ihr Ergebnis
1758 2082 2803 2170 bißchen was Zusammengestoppeltes, und rechts vom
706 2100 1754 2201 habe, sind hier verhängnisvoll mißachtet. Alles lungert neben¬
1756 2128 2737 2194 Zuschauer scheinen da Aeste aus dem, Haus
712 2147 1756 2229 einander, während das Wesen des dramatischen Prozesses
1770 2154 2770 2244 wachsen. Von den Darstellern zeichneten sich vo
708 2188 1760 2275 ein ursächlich entwickelndes Nacheinander, ein Auf= und
1762 2198 2808 2274 allem Herr Bolz als Sala und Fräulein Lange als
718 2224 1766 2306 Aus=Einanderfolgen ist. Aus abstratten Einfällen sind
1772 2231 2820 2319 Irene aus; es soll kein Mäkeln an diesen gleichermaßen
707 2264 1760 2344 keine Menschencharaktere zusammenzustellen. Dann erst sind
1766 2265 2827 2348 von Intelligenz und Empfinden getragenen Leistungen be¬
710 2306 1760 2402 dichterische Gestalten fertig, wenn sie aus sich selber leben
1774 2313 2818 2390 deuten, wenn hinzugefügt wird, daß die beiden Rollen die
713 2344 1771 2432 und laufen, wenn sie sich jeder Nachprüfung gegenüber als
1768 2351 2818 2433 dankbarsten des Stückes sind und den beiden Künstlerper¬
722 2383 1781 2462 selbständige Organismen erweisen, wenn sie gewissermaßen
1771 2383 2818 2456 sönlichkeiten wohl auch besonders günstig liegen. Den ein¬
716 2417 1779 2520 auch in den „Zwischenakten“ lebendig sind. Hier aber ist
1774 2430 2819 2507 samen Wegrath verkörperte Herr Bauer, die leidende
723 2453 1787 2541 noch fast uirgends die Absicht verwischt, verarbeitet; die
1780 2461 2830 2544 Frau Gabriele Fräulein Boch mit sicherem Takt. Bei
721 2496 1774 2579 Drähte und die Hände des Puvpenspielers sind fast beständig
1785 2507 2759 2586 Herrn Fricke muß wieder anerkannt werden, daß er
724 2530 1767 2630 sichtbar — feinnervige, aber diesmal wenig geschickte Hände.
1787 2547 2830 2629 schlichte Unmittelbarkeit, das intepsive Erfassen und Gestalten
734 2578 1784 2670 Offenbar drängte es den Wiener Poeten, das Problem der
1780 2585 2832 2677 von innen her, das ihm einmal nicht gegeben scheint,
728 2618 1786 2709 Lebenswende, des Alterns, und das heißt schließlich nichts
1797 2624 2833 2703 wenigstens anstrebt. Fräulein Pollner (Johannaz, Herr
723 2653 1784 2740 anderes als: das Problem vom Leben und vom Tode,
1790 2658 2844 2743 [Kirch (Fichtner) und Herr Pfeil (Arzt) können von
725 2695 1783 2775 wahrhaft dichterisch und ehrlich auf Grund vieler kleinen
1799 2700 2837 2781 ihren Rollen unmöglich entzückt gewesen sein; sie teten in¬
723 2732 1792 2809 Wahrnehmungen zu bebandeln. So hat er sich stofflich ver¬
1785 2731 2841 2814 dessen ihre Pflicht, ohne sich das Unbehagen erheblich an¬
733 2771 1780 2863 rannt, wie es immer leicht geschieht, wenn der Bühnendichter
1795 2804 2151 2870 merken zu lassen.
742 2808 1780 2908 nicht von einem Konflikt ausgeht. Arthur Schnitzler begnügte sich
1859 2804 2843 2898 = Mosaik. Aus München, 19. September, wird uns
740 2846 1790 2938 nicht damit, wie Oskar Blumenthal, den schweren Vorwurf
1803 2856 2848 2937 telegraphiert: Die Vandevill==Operette „Das gewisse
750 2886 1795 2992 in einem sauberen Versfeuilleton abzutun. Er wollte, wie
1806 2896 2860 2972 Etwas“ von Victor Leon und Leo Stein, Musik von Karlf
1797 2923 2858 3008 Weinberger, wurde bei ihrer Erstaufführung im Gärtnerplatz¬
743 2926 1786 3012 zuvor schon im „Schleier der Beatrice“ Höheres geben,
1802 2962 2850 3039 theater sehr beifällig ausgenommen. Nach dem zweiten und
752 2959 1789 3051 Tichtung von stärterem spezisischen Gewicht als die
1800 2986 2868 3080 dritten Akt wurde der Komponist wiederholt gerufen und ihms
751 3004 1791 3097 liebenswürdige sentimental=frivole donaufranzösische Genre¬
1800 3055 2299 3125 ein Lorbeerkranz überreicht.
754 3038 1797 3137 kunst, in der er Meister ist. Nirgends hat er denn auch
760 3080 1803 3176 geistig so den Anschluß aus Weltganze gefunden: leider
751 3114 1830 3224 nur versagt er im künstlerischen Bezwingen der bedeut¬
