3392 4352
826 259 970 314 S a
1327 228 1879 353 box 23/2
263 232 1269 347 18. Der ein#de Neg
1121 1063 2068 1148 Julian: ... auferzogen als meinen Sohn...
1139 1139 1680 1201 Felix: In Haß gegen Sie.
202 1154 411 1242 atten gleich
1137 1177 2474 1252 Julian: Zuerst. Später in Verzeihung, und endlich — vergiß es
1174 1235 2466 1292 in Freundschaft für mich. — Und an jenem letzten Abend, da
1021 1227 1146 1301 nicht
296 1248 410 1329 gessen,
1021 1276 2479 1340 du an ihrem Bette standest, woran hat sie sich erinnert?. . . wovon mit
320 1314 397 1376 Buß
1013 1324 2472 1401 dir gesprochen?... Von jenen Tagen, in denen sie das größte Glück
1016 1395 1876 1438 erlebte, das einer Frau beschieden sein kann.
1132 1432 1737 1490 Felix: Und das tiefste Elend.
1135 1476 2470 1533 Julian: Denkst du, es war Zufall, daß ihr am letzten Abend gerade
1009 1526 2465 1608 jene Tage wieder durch den Sinn gingen?... Glaubst du, sie wußte
1021 1576 2472 1626 nicht, daß du zu mir kommen und jenes Bild von mir verlangen würdest?
1069 1629 2471 1685 .. Und denkst du, dein Wunsch bedeutete etwas anderes als den letzten
1027 1671 2475 1735 Gruß deiner Mutter an mich? — Verstehst du es, Felix? ... Und in
1024 1720 2473 1788 dieser Sekunde — wehre dich nicht — steht es vor deinen Augen, — das
1021 1768 2480 1825 Bild, das du gestern in deiner Hand hieltest; und deine Mutter sieht dich
1022 1826 2478 1886 an. — Und der gleiche Blick ruht auf dir, Felix, der damals auf mir
1023 1868 2474 1928 geruht hat, an dem glühenden und heiligen Tag, da sie in meine Arme
1023 1917 2477 1977 sank und dich empfing. — Und was immer dich jetzt bewegt, Zweifel und
1028 1970 2477 2042 Verwirrung, du weißt nun einmal die Wahrheit, deine Mutter selbst hat
1027 2027 2489 2100 es gewollt, und es gibt für dich keine Möglichkeit mehr, zu vergessen, daß
1019 2070 1425 2143 du mein Sohn bist.
1142 2100 2488 2182 Felix: Ihr Sohn . .. — Es ist nichts als ein Wort. Es klingt
1026 2160 2316 2244 ins Leere. — Ich sehe Sie an, ich weiß es, aber ich erfaß' es nicht.
1134 2218 1488 2280 Julian: Felix! —
1146 2254 2481 2347 Felix: Sie sind mir fremder geworden, seit ich es weiß. (Er wendet
1024 2298 1214 2393 sich ab.)
1581 2386 1932 2470 Julian, Sala.
1144 2459 2488 2527 Julian: Sie halten es für zweifellos, daß Ihre Schritte beim Grafen
1019 2509 1614 2585 Ronsky Erfolg haben werden?
1140 2545 2488 2636 Sala: Ich habe schon vorher vom Grafen bestimmte Zusicherungen
1024 2604 2144 2674 erhalten, sonst hätte ich Felix keine Hoffnungen gemacht.
1148 2655 2043 2721 Julian: Warum haben Sie das getan, Sala?
1153 2695 2486 2775 Sala: Wahrscheinlich, weil mir Felix sehr sympathisch ist, und ich
1018 2750 1769 2827 gern in angenehmer Gesellschaft reise.
1148 2782 2483 2872 Julian: Und Sie haben gar nicht daran gedacht, daß mir der Ge¬
1017 2836 1773 2921 danke schmerzlich ist, ihn zu verlieren?
1141 2885 2485 2964 Sala: Was soll das, Julian! Verlieren kann man doch nur, was
1033 2956 2491 3014 man besessen hat. Und besitzen kann man nur, worauf man sich ein Recht
1030 3007 1820 3077 erwarb. Das wissen Sie so gut wie ich.
1152 3041 2481 3114 Julian: Verleiht es nicht schließlich auch ein gewisses Anrecht auf
1029 3104 2487 3169 jemanden, wenn man seiner bedarf? — Verstehen Sie es denn nicht, Sala,
1026 3140 2483 3204 daß er meine letzte Hoffnung ist? ... Daß ich überhaupt niemand und
1036 3195 2482 3257 nichts mehr habe außer ihm? . .. Daß ich nach allen Seiten ins Leere
1223 3241 2370 3309 .. Daß mir vor der Einsamkeit graut, die mich erwartet?
1025 3252 1216 3321 greife?.
1147 3278 2493 3349 Sala: Und was hülfe es Ihnen, wenn er bliebe? Was hülfe es
1031 3336 2484 3418 Ihnen selbst, wenn er irgend etwas wie kindliche Zärtlichkeit zu Ihnen
1033 3390 2472 3467 empfände? ... Was hülfe er Ihnen oder irgendein anderer als er? ...
1031 3450 2490 3498 Es graut Ihnen vor der Einsamkeit? ... Und wenn Sie eine Frau an
1030 3495 2491 3570 Ihrer Seite hätten, wären Sie heute nicht allein? ... Und wenn Kinder
2338 3554 2461 3645 545
1062 3570 1432 3668 2. Juliheft 1904
