3436 4256
1920 55 2046 125 W
936 65 1283 143 Peeenn
2088 93 3278 152 mann Fichtner. Trotzdem errang der „Einsame Weg“ einen
148 105 919 177 llängeren Gastspiele im Theater an der
929 117 1085 187 effekt.
1002 133 3267 214 Von der heimlichen Sehnsucht, die Kerr einmal als stürmischen Demonstrationserfolg, der aber mehr als dem
149 149 920 227 s war auch gar nicht anders möglich:
918 186 3265 255 den Grundzug aller Dramen seines Lieblingspoeten be= Werke und seinen Trägern dem anwesenden Dichter galt.
139 207 914 270 Elichen Begeisterung, die voriges Jahr
2094 249 3272 301 Man hatte den Eindruck, das Publikum wolle in vehementer
139 251 915 333 uen Theater aus Berlin und die vor
912 249 2096 319 zeichnet hat, ist in „Elga“ nichts zu verspüren. Es ist eine
2091 278 3269 354 Entladung eine lang aufgespeicherte Entrüstung darüber
149 300 911 373 n Moskauer Schauspielern entgegen¬
917 306 2100 371 recht gute Dramatisierung, die sich von ähnlichen Arbeiten
2091 332 3275 399 kundgeben und den Dichter dafür entschädigen, daß weder
143 344 922 408 Er, konnte man nicht gleich wieder die
929 361 2098 414 anderer Nutzdramatiker nur durch eine edlere Sprache,
2098 390 3279 446 der „Einsame Weg“, noch „Der Schleier der Beatrice“, noch
149 396 922 457 Esmus anzünden und in die Fanfaren
929 400 2096 461 durch gelegentlich aufleuchtende schönere Bilder und durch
2092 447 3282 503 „Der Ruf des Lebens“ bisher in Wien aufgeführt worden
148 438 928 519 toßen. Ein Augenblick der Erschöpfung
920 447 2098 502 Ansätze zu psychologischer Vertiefung unterscheidet. Der
2092 489 2302 550 waren.
156 494 929 556 ßte naturnotwendig dem übertriebenen
932 489 2099 553 Schluß bei Grillparzer (Oginski entspringt, Starschenski
2175 499 3283 597 Den stärksten, sogar zur Anderung des Spielplanes
147 542 915 623 Ruhepause unvermeidlich eintreten. Be¬
928 543 2100 609 töket Elgan) scheint mir abschließender und stilgemäßer
2099 568 3286 635 und zur Verdrängung von „Elga“ führenden Erfolg hatte
141 589 920 655 Ewesen, wenn das Lessingtheater unter
921 593 2091 669 als Hauptmanns Lösung, in der Elga mit einem: „Ich
2099 638 3289 697 die hier bekannte und draußen so berühmte Rosmers¬
145 638 933 702 iden gehabt hätte. Denn das zugunsten
922 640 1975 708 hasse dich! Ich speie dich an!“ das letzte Wort behält.
2086 672 3279 730 holm=Aufführung des Lessingtheaters. Es ist ein großer
143 684 922 756 otgesagte Theater Brahms zeigt dies¬
1002 681 2101 759 Elga war Irene Triesch: klug und fesselnd, wie
2101 723 3291 788 Fortschritt Otto Brahms über den konsequenten Naturalis¬
153 734 932 824 e die Vorzüge, die ihm einst seinen
923 739 2099 795 immer, aber nicht so einheitlich, wie sonst. Den Grafen gab
2100 777 3287 837 mus hinaus, daß er Ibsen mehr und mehr pflegt und
169 785 916 856 haben. Ihm gehören große Schau¬
918 797 2105 867 [Rittner mit seinem ziemlich unverändert durch die Jahre
2103 819 3270 888 fürs nächste Jahr statt der üblichen „Respektsvorstellungen“.
923 836 2104 907 gehenden Naturburschentum, dessen urwüchsige Naivität bei
168 837 927 898 n, wie Bassermann, Sauer, Rittner,
2111 872 3289 935 einen ganzen Ibsenzyklus ankündigt. „Rosmersholm“, das,
142 892 924 955 Else Lehmann, an, was man bei Rein¬
922 889 2100 952 dem leichtgläubigen polnischen Edelmanne gut am Platze
2105 913 3289 974 1886 geschrieben, heuer sein zwanzigstes Wiegenfest feiern
164 929 923 1005 ; seine Regie ist der Reinhardts ziem¬
928 934 2101 999 war. Auch Reichers trockene Art paßte trefflich zu dem wort¬
2115 970 3296 1034 kann, ergreift mit seinem urewigen Konflikt zwischen
142 978 921 1037 kr in der Ausstattung bleibt Brahm
929 980 2104 1052 kargen, treuen Hausverwalter. Wenn der starke Erfolg der
2106 1019 3284 1082 freiem Individualismus und opferfrohem Adelsmenschen¬
142 1029 927 1099 en Rivalen zurück, da ihm, wie er
926 1036 2107 1100 ersten Aufführung gleichwohl nicht anhielt, so lag das zu¬
2107 1074 3282 1132 tum die Gemüter wie am ersten Tag. Und Interpreten wie
158 1071 937 1152 t hat, das Wort des Dichters und das
924 1073 2103 1133 meist an den langen Pausen, die sich, des Dekorations¬
2115 1110 3298 1189 Bassermann oder Irene Triesch sind so recht geeignet, den
153 1124 926 1192 ers wichtiger seien. Nochmals: es wäre
928 1127 2109 1198 wechsels halber, zwischen die kurzen, heißatmigen Szenen
2113 1162 3297 1231 geweihten Ton leidenschaftlicher Sehnsucht nach einem
163 1174 936 1243 Brahm und seine Künstler durch den
932 1181 2107 1244 einschoben. Schlag=auf=Schlag=Stücke wie Elga kann man
2112 1218 3298 1277 höheren Dasein anzuschlagen. Dagegen ist es uns Wienern
177 1221 927 1297 iffentlichen Meinung gelitten hätten.
933 1219 2109 1293 nur auf der Drehbühne spielen. Und den Dramaturgen der
2119 1263 3286 1323 völlig unbegreiflich, wie der trockene Reicher, der den
171 1273 924 1342 t so. Die große Menge der Theater¬
930 1270 2108 1352 Zukunft bleibt es überhaupt vorbehalten, als wichtigste
2112 1311 3304 1385 Rosmer wie den Solneß kalt und leer hersagt, den Ruf
159 1320 933 1387 rch das Urteil der Presse viel weniger
929 1322 2107 1387 Bedingung so manches Erfolges die möglichste Abkürzung
2116 1364 3294 1416 eines „fast voll befriedigenden Ibsendarstellers“ und über¬
162 1367 933 1443 keiniglich angenomm wird. Während
934 1373 2112 1466 der Pausen mittels Geschwindigkeit und Drehbühne durch¬
2116 1405 3303 1473 haupt „des eigentlichen naturalistischen Meisterspielers der
166 1417 927 1483 k vor leeren Stühlen spielten, erziesen
932 1432 1154 1505 zusetzen.
2122 1472 3303 1523 Epoche“ erlangen konnte. So nennt ihn wenigstens als
159 1464 939 1542 Deutschen einen Tag wie den anderen
1023 1438 2116 1531 Zur Einleitung wurde vor Elga das erste der drei
2120 1499 3309 1580 Sprachrohr Deutschlands Max Martersteig in seiner
154 1512 945 1580 das Gastspiel bereits verlängert werden
943 1510 2121 1578 Schnitzlerschen Marionettenspiele, der nachdenkliche „Pup¬
943 1574 3304 1644 penspieler“ gegeben, ein Einakter, der für Wien fast umfangreichen Theatergeschichte, wo er bei Reicher „phan¬
159 1563 935 1632 t Brahm aus seinem letzten mißglück¬
948 1607 3306 1685 als Novität in Betracht kommen konnte, da er nur ein tastisch-bizarre Elemente“ konstatieren will. Und der aller¬
161 1614 931 1696 hjahr 1904) die richtigen Lehren abge¬
2118 1653 3311 1733 dings leicht entflammte Liliencron hat ihm gar zugesungen:
170 1668 940 1733 er nur drei Stücke mitgebracht, die bis
945 1659 2126 1730 einzigesmal — vor zwei Jahren in einer Wohltätigkeits¬
2292 1713 2959 1775 „Lieber Meister, großer Meister!
156 1713 941 1773 khorgelt wurden: die für Wien zu jener
948 1709 2117 1775 vorstellung des Carltheaters — von Jarno gespielt, aber
2283 1759 2880 1826 Gott mit uns — Emanuel!
941 1763 2126 1820 nicht ins Repertoire aufgenommen worden war. „Der
156 1758 941 1837 ber“, bei denen er auf das sozialistische,
2286 1800 2905 1872 Ich geh' selten ins Theater;
951 1806 2129 1871 Puppenspieler“ ist die Geschichte eines Dichters, der nach
154 1812 942 1895 Pebens“, bei dem er auf das sexuelle,
2286 1854 2945 1924 doch seh dich ich angekündigt,
941 1861 2151 1931 seinem ersten Bühnenerfolge das Theater zu verachten und
185 1851 934 1927 “bei dem er auf das Moment speku¬
2292 1902 2896 1972 laß ich alles andre liegen,
933 1910 2158 1969 mit wirklichen Menschen zu spielen beginnt. So führt er
161 1908 940 1985 fhr als vielumstrittener Autochthoner
2287 1940 2928 2028 stülpe meinen alten Filz auf.
169 1958 2151 2037 lehungskraft ausüben würde. Er hatte einen zaghaften jungen Freund und eine liebe junge
2285 1983 2961 2059 laufe schleunig an den Schalter
944 2007 2128 2071 Freundin bei einem fröhlichen Feste zusammen. Was er
2289 2047 2794 2109 und belege eine Loge.“
159 2039 944 2137 Dagegen ein abwechslungsreiches Reper¬
946 2042 2135 2121 spielend einleitet, führt jedoch das Leben zu fruchtbarem
2199 2067 3313 2153 Je ein einziges Mal legte das Ensemble drei seiner
947 2099 2128 2160 Ernste und Ende. Es vereinigt die beiden „Puppen“ zu
162 2097 947 2195 ken, die für Wien neu sind oder, weil
953 2146 3306 2224 einer glücklichen, mit einem Kinde gesegneten Ehe, während naturalistischen Paradestücke hin: Hauptmanns „Biberpelz“,
180 2140 953 2223 wie neu anmuten, teils von solchen
947 2201 3157 2259 es den Puppenspieler selber in Heimatlosigkeit, Armut und Hauptmanns „Weber“ und Holzens „Traumulus“.
166 2187 946 2274 spezifisch norddeutschen Charakters von
2196 2236 3310 2304 Der „Biberpelz“ wurde Else Lehmann zuliebe
956 2252 2134 2303 Einsamkeit stürzt. Erst nach vielen Jahren kreuzt die zu¬
172 2244 942 2333 fuble nie so vollkommen wiedergegeben
2130 2294 3314 2358 gegeben, damit sich die einstige Lustspielsoubrette des
952 2295 2121 2365 friedene Familie zufällig den einsamen Weg des Schöpfers
168 2299 487 2371 on Berlinern.
2136 2336 3305 2398 Wallnertheaters, deren Spezialität Weiber aus dem Volke
951 2348 2120 2405 ihres Glückes, der nun obendrein noch hören muß, daß die
157 2314 948 2411 kn für Wien bisher Gerhart Haupt¬
2129 2388 3308 2459 sind (Regine, Hanne, Anisja, Pauline), in der ihrem Tem¬
951 2393 2132 2469 junge Freundin damals ihn geliebt habe und ihm so
172 2393 939 2478 nd Schnitzlers „Einsamer Weg“
2121 2436 3314 2500 perament ziemlich kongruenten Rolle der Mutter Wolffen
949 2450 1792 2509 gern ein friedliches Heim bereitet hätte..
167 2417 944 2521 ihrer Verlinter Arefführung und bei
2135 2480 3315 2550 zeigen konnte. Gleicherzeit war damit für Oskar Sauer,
1027 2482 2129 2552 Albert Bassermann, nach wie vor seit Mitter¬
154 2493 951 2551 Buchhandel (Verlag S. Fischer)
2132 2522 3315 2595 dessen Domäne die schneidige Schärfe „norddeutscher offi¬
955 2546 2124 2601 wurzer der blutvollste und geistigste Schauspieler Deutsch¬
171 2537 956 2612 Tagesboten) gewürdigt worden sind.
2125 2593 3309 2652 zieller Konvention“ ist, Gelegenheit geboten, seinen klassi¬
957 2592 2132 2656 lands, vermochte aus diesem fragwürdigen Lebenskünstler
171 2592 947 2658 inte gelten, was seinerzeit von „Schluck
2129 2633 3307 2715 schen Amtsvorsteher Wehrhahn in die Erinnerung zurück¬
957 2639 2124 2711 eine vom schmerzlichen Zauber entsagender Einsamkeit
172 2642 943 2711 #irde: man hätte es höchstens in Haupt¬
2127 2683 2332 2771 zurufen.
961 2684 2028 2765 wundersam umwehte, unvergeßliche Gestalt zu bilden.
175 2691 948 2754 den dürfen. Freilich wird Brahm das
2222 2707 3309 2789 Hingegen wurde die tragische Komödie vom altidea¬
1040 2729 2133 2796 Wie eine Fortsetzung dieser Figur erschien Bassermanns
162 2739 958 2822 chter wohl abgenötigt haben. Denn seit
2134 2769 3318 2842 listischen, überhumanen Gymnasialdirektor Traumulus
954 2776 2138 2862 Sala in der zweiten Novität des Lessingtheaters, im „Ein¬
179 2792 955 2857 (1894) war das deutsche Theater ge¬
2140 2839 3318 2890 nur für und von Bassermann gespielt. Sie gewann aus¬
963 2828 2130 2901 samen Weg“, sowie dieses Drama selbst eine weitere
169 2837 954 2918 ereignis von „Hauptmann zu erhalten.
2139 2878 3320 2943 schließlich durch ihn reichstes, blühendstes Leben; denn
961 2883 2136 2947 Ausführung des Grundgedankens im Puppenspieler sein
153 2886 961 2962 aber stockte es plötzlich, und da werden
2142 2938 3326 2986 Bassermann, mit geringeren Sprechmitteln begabt als
956 2938 2128 2991 mag. Dieser Grundgedanke besagt, daß der Mensch, der sein
163 2935 957 3005 #nge gequält haben, bis er aus seinem
2139 2970 3328 3034 unser Kainz, stattet jede seiner Gestalten außer mit hellem
955 2984 2136 3059 Leben lang niemandem aus ganzem Herzen angehört und
174 2986 961 3056 lich seiner eigenen Angabe 1896 geschrie¬
2139 3028 3314 3090 Geist auch mit einem warmfühlenden Herzen aus, was
961 3030 2139 3091 mit dem Schicksal der andern immer nur gespielt hat, seinen
181 3028 954 3102 ft-rohe Dramatisierung der Grillparzer¬
2143 3071 3318 3147 der kühlere Kainz — der sonst vollkonnnen wäre — nicht
963 3079 2130 3135 verkehrten Egoismus mit schrecklicher Verlassenheit im Alt¬
185 3085 965 3154 kloster zu Sendomir hervorsuchte. (Daß
2148 3127 2425 3203 imstande ist.
959 3129 2134 3191 werden und Sterben büßen müsse, besagt, daß der einsame
188 3134 961 3212 früher erfolgte als die Aufführung,
2218 3148 3323 3238 Schon bei „Traumulus“ und „Biberpelz“ waren die
176 3176 2144 3246 scher Takt.) Es sind fünf mehr hinge= Weg ein Irrweg sei. Außer an Sala wird die These, daß
2148 3219 3323 3278 übrigen Mitwirkenden nicht auf der Höhe der Protagonisten.
966 3225 2133 3282 alle Lebensspieler bankrott werden, auch an dem zweiten
181 3238 963 3303 hrte Szenen, die wie „Hannele“ in den
2138 3272 3316 3336 Bös aber ist eine Vorstellung der „Weber“, die allerdings
970 3285 2133 3340 Helden des Stückes, Julian Fichtner, bewiesen. Von der
178 3282 569 3347 himes gesteckt sind.
2138 3319 3319 3383 nur anspruchsloseren Nachmittagsbesuchern versetzt wird.
973 3323 2133 3381 Schauspielerin Irene, die ihn geliebt hat, riß Julian sich
185 3308 967 3394 dem Grafen Starschenski wird durch
2138 3357 3330 3433 Martersteig rügt in der erwähnten Theatergeschichte „die
977 3375 2140 3433 einst los und verführte die Braut seines Freundes Wegrath.
167 3373 961 3464 er Timoska der Verdacht erweckt, daß
2150 3418 3319 3482 verwerfliche Praxis Brahms, einmal in Gang gebrachte
975 3432 2141 3479 Weil er sich aber nicht binden wollte, ließ er auch dieses
174 3430 386 3502 betrüge.
2147 3468 3327 3530 Stücke später mit Besetzungen erster und zweiter Reserve
968 3466 2143 3528 Glück im Stich. So geschah es, daß der ahnungslose Weg¬
186 3459 971 3551 und ihr Geliebter, der Vetter Oginski,
2142 3518 3331 3578 geschäftlich auszubeuten und so Serien von Vorstellungen
972 3523 2133 3590 rath die Verführte heiratete und den Sohn Julians für
189 3529 977 3605 enen Gatten beinahe überrascht; doch
2142 3565 3328 3629 zu biet n, in denen der Dilettantismus, von keinem Hauch
973 3568 2145 3641 sein eigenes Kind hielt. Jetzt, da Jplian alt geworden ist,
187 3584 435 3648 unerkannt.
2145 3610 3332 3674 eines rünstlerischen Gesamtgeistes mehr berührt, sich offen¬
968 3614 2146 3695 möchte er seinen Lebensabend durch einen liebenden Sohn
195 3600 973 3696 redet ihrem Mann ein, der nächtliche
2141 3666 3331 3728 bart“, und nennt diesen Vorgang eine Düpierung des vom
973 3667 2140 3726 verschönern und enthüllt dem jungen Wegrath das Geheim¬
177 3677 967 3747 Kammermädchen gegolten. Gleich darauf
2145 3718 3329 3772 Ruhn des Theaters und des Stückes angelockten Publi¬
982 3717 2142 3778 nis seiner Geburt. Der aber weist ihm die Tür. Und ebenso
203 3725 973 3791 im Schmuckkästchen seiner Frau ein
2310 3761 3330 3841 ugenscheinlich wollte uns Brahm nicht nur die
2146 3760 2324 3827 kums
976 3758 2143 3821 rücksichtslos handelt der Jüngling, als ihm bekannt wird,
187 3773 977 3858 nskis, dem sein (des Grafen) zwei¬
2143 3807 3327 3890 guten zenschaften seines Theaters weisen, sondern uns
971 3813 2143 3863 daß der andere Held, Sala, seine Schwester Johanna ver¬
186 3817 751 3891 verblüffend ähnlich sieht.
2145 3854 3326 3916 auch di schon literarhistorisch gewordene schlechte Seite
174 3857 2142 3922 krschenski ladet den Vetter aufs Schloßj führt und so indirekt ihren Selbstmord verursacht hat. Er
2148 3896 3326 3976 seiner T hnik nicht vorenthalten. Nun, mit der heurigen
196 3916 2152 3990 Geständnis und laßi ihn erdrosseln. Tetdeckt dem ahnungslosen Sala, daß er, Sala, schwer herz¬
2156 3957 3337 4036 Weberaufführung hat er uns auch davon eine genügende
207 3968 2096 4021 Ursprung und Zeitpunkt der ganzen leidend sei und nur mehr wenige Wochen zu leben habe.
1054 3979 2648 4090 Auf dem Theater zerflattert dieses typische Lesedrama, Vorstellung beigebracht.
187 4015 1007 4106 Elga, vom Grafen in das abgelegene!
