3484 4384
1371 268 1826 355 box 2375
220 291 1216 389 18. Der einsane Neg
343 1198 1494 1324 Schnitzlers „Einsamer Weg
786 1313 1067 1398 Tribüne.
364 1392 1534 1460 Nach zwanzig Jahren klingt nichts mehr, was in Arthur
327 1447 1540 1502 Schnitzlers Schauspiel gesprochen wird. Aber die Stimme, die
331 1515 1550 1559 spricht, hat den Zauber ihrer stillen Grazie behalten. Dieses
333 1537 1535 1589 Drama von den alternden Junggesellen, das nie gelebt hat, wirkt
342 1588 1542 1642 jetzt wie ein Gespenstertanz. Aber im Reigen tanzen der Herr
342 1647 1539 1687 v. Sala und die Schauspielerin Irene mit, Grund genug, um einen
344 1686 1547 1724 Abend des Schwelgens und Genießens zu erleben. Denn Sala
337 1715 1550 1769 ist wie einst auf Brahms Bühne Albert Bassermann, und Else
350 1763 1540 1817 Lehmanns Rolle der Irene hat als würdigste Erbin Lucie Höflich
344 1807 745 1866 in Besitz genommen.
368 1836 1537 1901 Der einsame Weg ist der Weg abwärts, der Weg ins Land des
352 1899 1551 1950 Alters. Schnitzlers Aesthet Sala schreitet ihn, ein Todeskandidat,
349 1934 1545 1993 der noch einmal einem überspannten Mädchen zum Schicksal werden
347 1977 1549 2035 kann. Der Maler Julian geht an seiner Seite im gleichen Schritt
356 2030 1544 2084 und Tritt, aber nicht in der gleichen Stimmung. Denn Sala
351 2061 1550 2122 packt die Welt ironisch an, Julian sentimental. Wenn er einen
350 2105 1538 2167 jungen Leutnant mit der Aufklärung überrascht, daß er sein Vater
351 2151 1551 2213 sei, so jammert er, weil der Sohn ihn abblitzen läßt. Sala aber
345 2216 1554 2258 jammert nicht, selbst als die Ueberspannte ins Wasser geht. Seine
345 2243 1554 2309 Ironie bleibt ihm noch auf dem letzten einsamen Wege zum Selbst¬
351 2295 584 2350 mord treu.
376 2341 1550 2387 Vielleicht ist dieses Schauspiel brüchiger gefügt als andere
345 2379 1550 2440 Theaterstücke Schnitzlers, weil so viel Fremdes Einlaß gefunden
349 2416 1547 2479 hat. Salas junges Mädchen, das mit erschreckten Augen in eine
350 2457 1562 2517 fremde Welt hineinblickt, kommt ohne Umwege von Sudermanns
351 2502 1552 2560 Landgütern, und die Schauspielerin Irene übersetzt, wenn sie
360 2547 1451 2632 ihr gemordetes Liebesleben beklagt, Ibsen ins Wienerische.
391 2590 1563 2648 Aber gerade diese Szene, da die Resolute, Uebermütige dem
354 2645 1542 2694 Kinde nachtrauert, das ihr versagt geblieben ist, läßt Schnitzlers
353 2688 1549 2744 Stimme in ihrer menschlichsten Wärme klingen. Es ist nicht
357 2710 1551 2779 bloß die Einsamkeit von Mensch zu Mensch, deren sich die Leute
354 2776 1553 2821 in Schnitzlers Welt stets so schmerzhaft bewußt werden. Hier
363 2806 1548 2871 klagt die Weiblichkeit in Person über die Verschiedenheit der
359 2859 1469 2915 Sprachen, in der Mann und Frau aneinander vorbeireden.
397 2898 1552 2952 Sie klagt, aber sie ist weder wehleidig wie Julian, noch geist¬
361 2945 1551 3008 reich wie Sala. Wollten die Männer ebenso sprechen, wäre der
358 2994 1552 3049 einsame Weg noch heute lebendig. In einer härter gewordenen
361 3045 1563 3091 Zeit ist es nun einmal nicht mehr möglich, zu hören, wie Mensch¬
355 3070 1570 3141 heitsprobleme ironisch belächelt oder sentimental beseufzt werden.
364 3113 1558 3205 Diese Verführer, die so viel Gedrucktes reden, bedeuten keine
366 3179 693 3236 Probleme mehr.
411 3197 1561 3263 Aber Probleme waren ja niemals unsere Erinnerung an dieses
358 3263 1558 3320 Werk. Der einsame Weg, das war der Herr von Sala, das war
366 3314 1553 3375 Albert Bassermann, wie er so hübsche Sentenzen sprach,
424 3391 1513 3578 Te Wauc
911 3549 1384 3665 1.K 20
1528 3541 1588 3597 00
2716 1070 2855 1150 —
1988 1136 3172 1217 etwa das Wort vom Todesgedanken, der jeden anständigen
1982 1200 3176 1273 Menschen in seinen besten Stunden beschäftige. Nach zwanzig
1994 1252 3171 1309 Jahren enttäuscht Bassermann unsere Erinnerungen nicht. Zwar
1993 1304 3180 1347 steht auch aus Respekt vor seinen fabelhaften Sportanzügen und
1996 1321 3176 1385 weißen Mänteln die Zeit vor ihm nicht still. Aber welcher Dar¬
1988 1378 3175 1450 steller kann es gleic ihm wagen, nach zwanzig Jahren eine Rolle
1994 1418 3179 1476 ohne Einbuße zu wiederholen? Gewiß reißt Herr von Sala auch
1987 1464 3177 1527 heute noch die jungen Mädchen hin, wenn er mit einem Sarkasmus
1990 1513 3179 1566 spricht, den die Höflichkeit entgiftet, mit einer nie versagenden
1998 1559 3183 1619 Ueberlegenheit und mit einer Kennermiene, als ob der Wein des
1993 1602 2657 1668 Lebens nach dem Pfropfen schmecke.
2035 1619 3178 1692 Für somnambule Mädchen hat die Natur bestimmt nicht Käthe
1989 1685 3187 1750 Haack geschaffen. Desto rühmlicher ihr tapfere Bemühung um
1992 1734 3177 1789 eine unmögliche Rolle. Winterstein suchte als Julian die
2001 1772 3192 1850 Weichheit seines Malers mit Trockenheit zu kurieren, Sauers
1999 1811 3196 1872 Erbe als der legitime Vater verwaltete Ernst Stahl¬
2001 1870 3194 1927 Nachbaur verdienstlich, und Werner Schott versäumte keine
2008 1906 2815 1963 Wirkung des Moralisten im Leutnantsock.
2036 1937 3182 2005 Die Wärme des Abends aber ging von Lucie Höflich aus.
1999 1993 3190 2054 Sie sicherte sich sofort beim Auftreten den Dank des Zuschauers
2008 2026 3189 2102 für einen frischen Frauenhumor, und sie steigert diese Dankbur¬
2005 2084 3197 2148 keit, wenn sie Not und Sehnsucht eines ganzen Lebens in dem
2004 2122 3189 2199 Gespräch über das Kind klingen läßt. Das berühmte Wort „Er
1998 2175 3182 2235 hat ein Kind“, sie sagt es leise, mit einem Neide ohne jede Miß¬
1999 2215 3147 2276 gunst und mit einer Wehmut, der sich niemand entzzehen #aen.
2046 2252 3196 2317 Georg Altman hat die druckreifen Dialage des Dramas in
2009 2309 3199 2359 Einer Bearbeitung kräftig zusammengestrichen. Wenn man sie
2011 2343 3190 2418 olle längst vergessen hat, behält man dieses Wort, das aus einem
2770 2385 3169 2459 Monty Jacohs.
2004 2404 2311 2478 Herzen kommt.
2046 2462 3200 2546 Karl Güntyers 70. Geburstag. Der langjährige Vorsteher
2007 2521 3195 2565 der Preußischen Landesanstalt für Wasserhygiene zu Dahlem,
2005 2562 3200 2610 Geheimer Medizinalrat Prof. Dr. Günther, vollendet am 21. Sep¬
2011 2602 3198 2664 tember sein 70. Lebensjahr. Günther, der zuerst als praktischer
2022 2647 3203 2698 Arzt in Berlin tätig war, habilitierte sich 1891 für Hygiene an
2008 2691 3207 2736 der Berliner Universität und wurde Assistent und spater Kustos
2020 2718 3201 2780 am hygienischen Institut in der Klosterstraße unter Robert Koch.
2019 2754 3207 2818 Von Wichtigkeit sind Günthers Untersuchungen über das Berliner
2010 2796 3203 2852 Leitungswasser und das Vorkommen von Cholera= und Typhus¬
2023 2831 3199 2892 bakterien im Stralauer Rohwasser. Außerdem befaßte sich
2027 2888 3214 2928 Günther mit der Mikrophotographie und mit der mikroskopischen
2025 2925 3210 2972 und färberischen Technik der Bakterien. Seine „Einführung in
2015 2953 3210 3006 das Studium der Bakterien“ hat zahlreiche Auflagen erfahren
2027 2994 3202 3046 und ist in verschiedene Sprachen übersetzt worden. Günther ist
2017 3026 3210 3078 der Herausgeber der „Hygienischen Rundschau“ und der „Mit¬
2029 3074 3019 3157 teilungen aus dem Landesinstitur für Wasserhygiene“.
2062 3123 3203 3194 Ludwig Thoma=Abend. Dei Andenken Ludwig Tho¬
2027 3168 3202 3230 mas galt ein Abend, den die Gesellschaft zur Erhaltung der
2017 3216 3213 3269 Lessing=Museums in ihrem Hause in der Brüderstraße ver¬
2021 3245 3209 3296 anstaltete. Dr. Hanns Martin Elster schilderte kurzweilig den
2032 3293 3220 3358 Entwicklungsgang Thomas und bezeichnete die Bauerndichtung
2023 3324 3223 3400 als Thomas höchste Leistung, während er die Komödien geringer
