3484 4384
-26 4311 39 4387 —
1437 388 1899 504 box 23/4
1090 406 1164 478 W
265 404 1292 509 18. Der einsane-zeg
2601 587 2966 705 für auswärks.
2617 675 2947 748 Bezugspreise:
2526 701 3035 815 bei täglich zweimaliger Zustellung
2684 757 2879 823 für Wien:
2845 781 3034 844 K 3.70
2533 796 2753 847 monatlich.
2542 814 2948 872 vierteljährlich..
2904 829 3038 915 21—
2525 854 2806 921 halbjährlich..
2593 886 2992 950 Für Oesterreich=Ungarn:
2910 905 3038 968 K 3.85
2537 919 2742 971 monatlich.
2538 940 3042 1003 vierteljährlich..... . 11.50
2898 984 3037 1024 23.—
2533 986 2792 1034 halbjährlich.
2536 990 3051 1064 Bei täglich einmaliger Zustellung
2534 995 3053 1092 (das Morgenblatt zugleich mit
2540 1082 3041 1127 der Nachmittagsausgabe des vor¬
2534 1100 3050 1155 herigen Tages) für auswärts:
2863 1120 3048 1179 K 3.50
2543 1132 2752 1183 monatlich.
2546 1141 3047 1215 vierteljährlich .. . . . . 10.50
2920 1178 3046 1253 21.—
2545 1191 2804 1263 halbjährlich.
2647 1199 2940 1278 Für Deutschland:
2537 1237 3061 1328 vierteljährlich Kreuzbandsendung
2746 1280 2867 1327 F 16.—
2164 1243 2480 1367 Ne
2544 1291 3060 1370 und durch die Postämter laut dort
2556 1343 3040 1390 aufliegender Postzeitungsliste.
2565 1376 3040 1429 Länder des Weltpostvereines:
2547 1403 3066 1479 vierteljährlich Kreuzbandsendung
2727 1438 2864 1484 Ne 22.—
2549 1455 3059 1518 und durch die Postämter laut dort
2570 1486 3043 1572 aufliegender Postzeitungsliste.
1838 1485 2325 1590 rreich=Angarns.
699 1581 1127 1694 Ausschnitt aus:
2413 1619 3013 1736 XXII. Jahrgang
1879 1632 2105 1738 1915
1041 1638 1669 1794 Zucisgoer. wien
704 1686 886 1763 vom:
1913 1778 3080 1894 deutscher Edelmann der Kreuzzugszeit wird durch die
1917 1847 3074 1949 Tochter des türkischen Fürsten, die ihn lieb gewonnen,
743 1830 1919 1963 Das Burgtheater in der
1915 1899 3082 1984 befreit. Dafür wird die Tochter die zweite Gattin
1917 1957 3082 2052 des Ritters. Die deutsche Frau in der Heimt
798 1926 1614 2108 Kriegszeit.
1922 2011 3096 2093 nimmt türkische Auffassungen so gerne hin, daß sie sich
1468 2020 1897 2109 Wien, 27. Jänner.
1927 2055 3087 2155 in der Folge in einem gemeinsamen Intrigenspiel mit
854 2070 1921 2178 Läßt der Krieg Interesse für das Theater auf¬
1933 2102 3094 2200 der Türkin gegen den Ehegemahl gefällt, so daß dieser,
761 2147 1927 2216 kommen? Hat das Kulissenspiel noch ein Recht, einen
1935 2167 3092 2253 der Frozzeleien müde, seine Liebe einer Dritten zuwendet.
768 2195 1928 2267 Zweck und Sinn neben dem ungeheuren Geschehen auf
1926 2216 3089 2310 Die Pointe des Stückes ist: Es ist das Unglück des
770 2249 1942 2343 der großen Weltenbühne, neben diesem Kampf der
1938 2274 3107 2360 Mannes, wenn seine Frauen sich zu gut vertragen. Da
781 2301 1933 2378 Menschen und Kulturen, neben diesem Seelenenthusias¬
1924 2331 3094 2405 kann es vorkommen, daß der, welcher die Freuden einer
782 2361 1937 2442 mus und Zerstörungswerk, neben diesem Verbluten und
774 2381 3105 2501 Verröcheln Ungezählter? Haben die Musen Thalia und Doppel=, beziehungsweise dreifachen Ehe wollte, schließlich
773 2439 3101 2570 Melpomene etwas zu sagen in einer Zeit, wo Völker als gesoppter Mann ohne Frau endet. — In Artur
1939 2483 3102 2594 Schnitzlers „Einsamem Weg“ sind die Hauptpersonen
777 2514 1943 2594 um Sein und Nichtsein ringen, wo die Wirk¬
1938 2533 3099 2620 ein Professor und Vater, der nicht der eigentliche Vater
788 2554 1949 2652 lichkeit Helden gebiert, wo an alle unterschiedslos der
1929 2593 3110 2699 seiner Tochter ist; eine Tochter, die sich aus
782 2621 1940 2708 Appell zum Opfern und Entsagen geht, wo hundert¬
790 2694 3106 2763 tausend Mütter ihre Söhne, wo tausend Bräute ihren Liebesgram im Teich vor dem Hause des Freundes
1940 2696 3106 2791 ertränkt; ein Maler, der die Frau des Professors ver¬
784 2755 1311 2828 Liebsten opfern müssen?
1086 2771 3104 2849 auch im Krieg behält die Kunst des fführte und sein Kind in den Tod trieb; eine Schau¬
878 2805 1033 2873 O ja
1941 2805 3101 2883 spielerin mit allerlei Verbindungen, die ihrem früheren
789 2833 1949 2924 Theaters ihr Recht und ihren Sinn. Die Kunst als
1941 2871 3105 2938 Freund, dem Maler das Wort Schuft“ ins Gesicht
785 2884 1943 2998 Prophetin und Trösterin. Die Kunst, welche uns die
1942 2915 3108 3002 schleudert! Schnitzlers „Einsamer Weg“ umschließt eine
790 2939 1944 3054 Ideale des Wahre, Schönen und Guten im Bilde
794 2963 3111 3087 zeint; die Kunst, welche uns Helden der Ehre und des Welt, in der die Worte Vater, Mutter, Kind, Ehe,
1941 3026 3112 3105 Liebe aufs schlimmste mißbraucht werden; eine Welt,
791 3052 1942 3134 V.erlandes vorstellt; die Kunst, welche uns die
794 3058 3118 3181 Heroenzeit der Heimat vergegenwärtigt und die Pflichten Iin der Laster und Gemeinheit triumphieren; eine Welt, #
795 3104 3132 3243 der Gegenwart klar macht; die Kunst, welche uns aus in der alle jene Ueberzeugungen, Werte, Gefühle mit
789 3202 3114 3295 Eigensucht und Eigendünkel emporhebt zu Gemeingefühl Füßen getreten werden, welche die geistig=sittliche
779 3235 3121 3354 und Nächstenliebe; die Kunst die dem Volk im Kriege Grundlage gesunden Volkstums bilden; eine Welt, von der
790 3293 3104 3410 sagt: „Nichtswürdig ist die ation, die nicht ihr alles Miasmen der Verführung, des Verderbens ausströmen. —
784 3339 3108 3483 setzt an ihre Ehre"; die angesichts der Heldengräber (Lessings „Nathan der Weise“ ist bekanntlich eine ins Drama¬
1951 3397 3137 3476 tische übersetzte theologische Streitschrift, eine Fortsetzung
794 3425 1952 3512 predigt: „Das Leben ist der Güter höchstes nicht; der
1952 3468 3115 3534 beziehungsweise Illustration der „Anti=Goeze“=Aufsätze;
799 3485 1538 3585 Uebel größtes aber ist die Schuld“.
1962 3500 3113 3590 nach des Dichters eigenem Geständnis ein „närrischer
882 3517 1953 3612 Lebt diese Kunst in unsern Theatern? Da ist das
1950 3542 3125 3634 Einfall“. So groß Lessing als Kritiker war, so klein
791 3573 1951 3680 k. k. Hof= und Burgtheater; das erste Schauhaus dieses
1956 3609 3122 3689 ist er als positiver Theologe. Befangen von einem ein¬
789 3637 1961 3717 Reiches; wie viele sagen: das erste Theater des deutschen
1950 3667 3118 3748 seitigen Rationalismus rennt er gegen den Begriff der
802 3688 1957 3771 Sprachgebietes. Welche Kunst bietet es? Wie erhebt,
1962 3729 3116 3794 göttlichen Offenbarung an. Sein Kampfruf heißt: Hinaus
805 3737 1960 3836 wie begeistert, wie tröstet es das Publikum zur
1959 3762 3124 3849 über die Bibel, los von der Tradition! Jeder Mensch
801 3820 1089 3894 Kriegszeit ?
1958 3821 3121 3912 soll sich seinen eigenen Glauben zimmern, jeder Mensch
897 3831 1957 3927 Der Spielplan der laufenden Woche — es wird
1959 3873 3124 3946 nach eigener Fasson selig werden. Nach dem Zeugnis
797 3892 1957 3995 nur jeden zweiten Tag eine Vorstellung gegeben — weist
1971 3928 3131 4002 des Literarhistorikers Scherr ist die Hauptidee in „Nathan
805 3960 1963 4038 folgende drei Stücke auf: „Schirin und Gertraude",
1959 3982 3139 4079 der Weise“ die: das Rein=Menschliche muß über alle
811 4015 1711 4104 „Der einsame Meg“, „Nathan der Weise“.
1965 4040 3137 4119 Satzungen und Fesseln des religiösen Vorurteils
894 4047 1965 4131 Das erste Stück ist eine Bearbeitung der Graf
816 4105 2292 4238 Gleichen=Fabel. Ein in türkische Gefangenschaft geratener triumphieren!
