3484 4352
675 2294 773 2359 ein
670 2350 771 2401 nen
671 2395 772 2460 tot¬
677 2492 777 2557 die
672 2544 773 2605 der
657 2584 774 2655 ürre
642 2689 781 2750 öscht.
634 2736 778 2794 Rück¬
624 2784 778 2843 einem
625 2827 777 2894 umge¬
611 2879 780 2937 er und
608 2926 779 2991 Wagen.
611 2972 780 3036 ung am
605 3024 778 3086 avonge¬
595 3072 776 3127 ihm die
636 3115 782 3172 Lehrer
626 3161 781 3214 Feuer¬
627 3206 780 3271 Pfeifen
619 3290 777 3366 Feuer¬
621 3348 794 3404 um an
624 3395 785 3454 id ge¬
634 3439 793 3498 #it die
642 3484 788 3556 rufen,
657 3538 789 3600 igeser
678 3662 802 3751 kurz
701 3735 796 3797 30.
679 3826 799 3882 ver¬
692 3878 807 3936 hen.
705 4047 804 4118 seit
704 4102 817 4168 igt
911 461 1665 531 Da huben andre Zeiten für uns an,
907 521 1726 564 Als Suitbert predigte, der Gottesmann.
903 556 1726 611 Damit sie fürder immer bei uns bliebe,
918 615 1752 681 Verkündet er die Botschaft ew'ger Liebe.
811 657 947 721 Und:
866 690 1798 753 Wer zwang die Stadt, nahm Gut und Geld?
876 744 1592 808 Der Arnold war's von Elverfeldt.
872 793 1646 853 Den warf Graf Adolf in den Sand
873 835 1683 899 Und machte frei dann Stadt und Land.
818 861 1918 947 Während der erste Vers noch der illustrierenden Künstler¬
744 934 1922 992 hand harrt, ist Roeber der Interpret des zweiten geworden.
836 967 1930 1054 Ein Reiterkampf. Graf Adolf von Berg hat den wilden
756 1031 1924 1083 Arnold vor den Toren seiner Burg, wo er sich dem Landes¬
759 1075 1930 1133 herrn widersetzen wollte, niedergeworfen. Wie ein Unge¬
762 1107 1933 1183 witter ist der Graf mit seinen Rittern in den Feind
764 1156 1938 1239 gefahren. Im ersten Ansturm ist sein Sieg entschieden:
756 1207 1935 1281 Arnold am Boden, seine Spießgesellen ein verschüchtert
765 1260 1707 1325 Häuflein Menschen, die des Unterganges harren.
832 1309 1932 1372 Die Episode hat Roeber meisterhaft in das Halbrund
775 1352 1939 1430 gebracht. Er hat sich der antiken Giebelgruppe erinnert,
768 1421 1939 1474 die sich ähnlichen räumlichen Verhältnissen anpassen mußten.
773 1462 1933 1515 In der Mitte die volle hohe Wölbung erwartete den Haupt¬
768 1500 1930 1567 moment mit der herrschenden Figur, während die spitz zu¬
776 1529 1941 1617 laufenden Seiten für geduckte oder gefallene Kämpfer geeignet
776 1598 1935 1661 waren. Aehnlich wie die Aeginetengruppe ist demnach hier
771 1651 1342 1713 das Ganze gestaltet worden.
842 1676 1941 1746 Doch darauf achtet man nicht, wenn man das Bild zum
770 1744 1936 1809 ersten Male sieht. Die Rosse fesseln zunächst den Blick.
790 1779 1943 1849 Hier hat ein Reiter, ein Pferdefreund den Pinsel geführt.
790 1831 1946 1895 Wie sie aus der linken Ecke herausstürmen, gespenstisch in
786 1898 1876 1944 den wallenden Decken, die auch den Kopf verhüllen,
787 1920 1943 1997 gleichen sie den apokalyntischen Tieren eines Dürer, Cor¬
785 1968 1957 2037 nelius oder Böcklin. Trotz der Vermummung, die nur die
783 2034 1947 2093 Augen aus großen Löchern hervorblitzen läßt, sind die Tiere
787 2084 1377 2139 als Einzelwesen charakterisiert.
856 2109 1943 2190 In wuchtigem Galopp saust Adolf in die Mitte hinein,
792 2166 1955 2231 die Lanze gesenkt, die eben den Gegner zu Boden gerannt.
793 2210 1955 2282 Ritter Arnold liegt im Vordergrunde, den Lanzenstumpf in
798 2255 1960 2329 der Faust; sein Pferd neben ihm niedergeworfen, reißt
789 2313 1955 2371 entsetzt den Kopf zurück, und ebenso entsetzt schaut
793 2352 1957 2420 über den auf den Boden gestemmten Schilden die
796 2393 1956 2464 Schar seiner Getreuen dem Feind entgegen. Ihre
798 2448 1963 2511 Spieße heben sich wie Tangenten von der runden
799 2509 1964 2562 Türumrahmung, die hier ebenso wie bei manch anderem
793 2550 1961 2618 Wandgemälde störend wirken konnte. Roeber hat die
807 2590 1961 2653 Störung aber geschickt abgelenkt. Seinen Humor, der die
802 2655 1967 2713 Unterhaltung so gern würzt, hat er in dem Kopf neben
1315 2684 1965 2763 Dieses von Schrecken erfüllte
802 2697 1310 2763 Arnold walten lassen.
809 2749 1633 2819 Galgengesicht wirkt unwiderstehlich komisch.
870 2767 1973 2839 Ueber den Gefallenen weg erblicken wir die Burg im
803 2833 1966 2891 Hintergrunde und eine kämpfende Reitergruppe davor. Der
808 2878 1969 2946 Himmel ist bewölkt, Roeber hat dem bekannten Wuppertaler
802 2932 1699 2988 Wetter nebenher ein Denkmal setzen wollen.
880 2959 1977 3040 Immer wieder bewundert man die sichere Zeichnung,
810 3022 1975 3085 die jedes Ding, jede Bewegung scharf und treu wiedergibt.
812 3072 1985 3130 Dazu kommt die Kraft der Plastik. Scheint nicht der derbe
806 3128 1972 3177 Brabanter Gaul vorn in der heranstürmenden Ritterschar
807 3159 1967 3228 mit seinen breiten Hufen aus demGemälde herauszuspringen? —
873 3203 1975 3267 Helle Farbenfreude spricht aus dem mit stumpfen Caséin¬
810 3250 1984 3320 farben gemalten Bilde. Die Siegergestalt des Grafen
813 3295 1983 3371 leuchtet samt dem Roß in Rot, das damit der herrschende
814 3348 1988 3423 Akzent geworden. Blau und Gelb bringen wirksamen, wenn
818 3388 1989 3471 auch schwachen Kontrast zu der Hauptfarbe. Das feine
814 3444 1990 3506 Empfinden Roebers hat ihn davor bewahrt, das Grausige
817 3498 1991 3565 zu sehr zü betonen. In der Charakteristik jeder einzelnen
827 3542 1651 3604 Gestalt wetteifert er mit Meister Janssen.
893 3587 1995 3658 Hoffentlich wird das Suitbertusbild ein würdiges Ge¬
1753 3633 1920 3699 Fr. K.
825 3645 1002 3709 genstück.
1178 3730 1639 3822 Stadttheater.
1129 3807 1686 3890 „Der einsame Weg“.
861 3869 1952 3956 Schauspiel von fünf Akten von Arthur Schnitzler.
1295 3941 1924 4017 * Elberfeld, 13. Sept. 1904.
886 3993 2004 4072 Was von diesem Schauspiel dem Besucher im Gedächtnis
827 4062 2005 4124 haften bleibt, ist nicht etwa die Handlung, das Geschehen,
847 4110 2011 4167 sondern es sind die Sentenzen, die ernsten Wahrheiten, die
1931 421 3115 484 und ihre großen Augen scheinen ständig enträtselte Geheim¬
1942 484 3121 542 nisse zu sehen. Daneben läßt sie ein ganz natürlicher
1954 537 3116 600 Trieb aufjauchzen, als ihr die Gelegenheit zu einer
1942 571 3122 634 weiten Reise geboten wird. Aber auch in ihr steckt¬
1952 637 3123 693 etwas von jener Kraft, deren Wirken im Menschen
1952 664 3118 731 von Schnitzler in diesem Schauspiel gezeigt wird.
1948 722 3123 782 Die Helden des Stückes stehen im Banne des Egoismus,
1951 760 3120 819 nicht der Selbstsucht schlechthin, sondern der mehrgestaltigen.
1951 814 3125 869 Da ist Stephan von Sala, ein hochbegabter, begüterter
1946 867 3123 919 Mensch, der echten und falschen Lebensgenuß wohl zuünter¬
1955 910 3129 969 scheiden weiß, aber keinen Freund besitzt, sondern die
1941 967 3131 1023 Menschen nur soweit schätzt, als er sie benützen kann.
1953 990 3134 1078 Zwischen ihm und dem fast gleichwertigen, nur aus härterem
1956 1044 3142 1122 Holz geschnitzten Julian Fichtner, dem ruhelosen Maler, der
1949 1117 3148 1158 ihm von allen am nächsten steht, besteht doch im Grunde
1949 1138 3143 1199 die Basis gegenseitigen Verstehens nur darin, daß sie sich
1968 1190 3118 1259 „zur rechten Zeit die richtigen Stichwörter zu geben wissen“.
1963 1243 3131 1307 Aber am Lebensschluß, wenn alle Bronnen ausgeschöpft
1963 1284 3142 1348 sind, müssen sie sich bankrott erklären: ihr Egoismus, der
1954 1327 3139 1410 sie einsam gemacht hat, hält nicht vorz sie sehnen sich
1961 1371 3132 1444 nach einem geliebten Wesen, dem sie alles sein möchten.
1957 1424 3134 1502 Jedoch Fichtners natürlicher Sohn wendet sich von ihm, der
1961 1467 3141 1539 einst egoistisch die Mutter verlassen, ab und dem Pflege¬
1952 1518 3168 1587 vater zu, der auf dem Punkte stand, einsam zu werden.
1966 1589 3158 1635 Er, der mit treuem liebevollen Herzen als alltäglicher¬
1969 1619 3139 1682 Mensch und als ein Betrogener durch die Welt geschritten!
1967 1663 3125 1729 ist nun unverhofft der Reiche. Und Sala hat unverdienter
1967 1713 3078 1783 maßen kurz vor dem Fallen seines Lebensvorhangs
1962 1755 3082 1825 weibliches Herz gefunden, jene rätselhafte Johanna, die #'
1958 1799 3060 1870 den Tod sucht und ihn einsam macht, so daß er verzwe
1980 1840 3057 1929 (freilich als unheilbar Kranker) ihr ins dunkle Reich
1969 1915 2271 1980 Schatten folgt.
2034 1919 3094 2007 Vom Inhalt erwähnen wir noch soviel, daß Fich¬
1970 1985 3143 2061 in dem angedeuteten Verhältnis, dem er seinen Sohn ver
1974 2042 3163 2109 dankt, seinen Freund Wegrath, den erwähnten Pflegvater,
1973 2100 3154 2155 betrog, und daß dessen Tochter jene Johanna ist. Die
1976 2132 3156 2214 Handlung tritt in dem Stück sehr zurück, dafür die Stimmungs¬
1978 2176 3156 2254 malerei hervor, um das Wesen der Menschen und ihrer
1986 2248 3160 2306 Gespräche deutlicher zu machen.Mit Interesse folgt man
1981 2296 3161 2356 der eingehenden und vielseitigen psychologischen Zeichnung,
1977 2331 3153 2406 die ganz eigenartige Menschen schafft. Für die Darsteller
1973 2371 3161 2455 waren es schwierige, aber auch dankbare Rollen. Herr
1975 2422 3158 2483 Brahm gab den Sala sehr glaubwürdig mit wohl¬
1975 2462 3156 2548 berechneter Verwertung aller Nebensächlichkeiten, die schließ¬
1986 2532 3173 2581 lich der Figur das eigentliche Leben gaben. Das Schau¬
1984 2556 3166 2635 spiel hat an ihm eine vielseitige gute Kraft gewonnen. Auch
1977 2608 3173 2685 der Fichtner des Herrn Ruhbeck war voll echten Lebens;
1979 2659 3173 2725 der Uebergang vom Egoisten zum Liebespender gelang ihm
1992 2715 3171 2785 so gut, wie der Ausdruck seines seelischen Schmerzes, als
1984 2748 3167 2836 er sich zurückgestoßen fühlt. Bewundernswert war Frl.
1987 2786 3182 2877 Gertrud Jacobi als Johanna, deren Rätselwesen sie
1990 2844 3180 2919 in Spiel und Sprache (gleich gerecht wurde. Mit dem
1993 2905 3180 2969 Leutnant Felix (Fichtners natürlichem Sohne), verkörpert.
1987 2938 3188 3030 durch Herrn Althauser, konnte man sehr wohl zufrieden
2000 2991 3187 3067 sein. Er und sein Pflegevater Wegrath (Herr Max
2001 3052 3212 3113 Büttner) sind die einfachen gesunden Menschen im Gegen¬
2000 3082 3183 3157 satz zu den übrigen mit dem überfeinen Empfinden.
2833 3132 3181 3199 Frau Gabriele,
1994 3138 2829 3199 Beide Darsteller trafen das Richtige.
1995 3189 3181 3249 die schuldbewußte, todkranke Gattin Wegraths, fand
1996 3250 3187 3298 in Frl. Klara Geldner eine verständige Interpretin.
2001 3273 3173 3352 Ebenfalls war Herr Grunwald in der Darstellung des
2013 3318 3179 3395 schweigsamen, auch auf seine Art einsamen Arztes Neumann
2012 3371 3179 3444 glücklich. Besondere Anerkennung verdient Frl. Fanny
2000 3419 3185 3489 Wolff, die Allverwertbare, die für die plötzlich vor Beginn
2005 3465 3191 3526 absagende Darstellerin der interessanten Irene Herms mit
2013 3504 3189 3571 dem Buch in der Hand einsprang, aber so im Geist ihrer
2008 3565 3182 3629 Rolle spielte; daß jeder peinliche Eindruck vermieden wurde.
2010 3607 3185 3669 Die Regie Herrn Büttners verdient ebenso Anerkennung.
2075 3653 3187 3718 Das Stück wurde verschieden aufgenommen. Der effekt¬
2015 3698 3194 3766 lose Schluß des ersten Aktes verwirrte fast. Abersein tiefer
2024 3745 3189 3815 Eindruck mancher Stellen, wo Schnitzler in schöner Sprache
2017 3786 3202 3863 Bedeutungsvolles sprechen läßt, war unverkennbat. Daß
2023 3847 3197 3934 gewisse Dinge unverhüllt beim wahren Namen genannt
2019 3902 3194 3960 werden, ist bei einem modernen Stück nicht verwunderlich.
2035 3961 3195 4012 Vielleicht wäre es besser für eine Matinee geeignet gewesen.
2392 4037 2816 4133 Vermischtes.
