3436 4448
183 242 1798 332 18. Der einsane Neg box 23/1
1391 1101 1692 1173 Kunstberichte.
837 1103 976 1179 796
837 1190 2247 1242 Bild der Vergangenheit zu zerstören, das Gefühl der Gegenwart zu trüben
843 1250 2247 1310 und die Betrachtung der Zukunft zu verwirren.“ Fichtner ist vom Leben
839 1298 2245 1358 doppelt enttäuscht worden: sein Traum von Künstlerruhm ist ausgeträumt,
837 1351 2246 1402 er kam nicht auf die Höhe des Erfolgs, und mitten im Lebensgenuß, der
836 1407 2241 1471 ihn von einem Sinnenrausch zum andern führte, verschmachtet er vor Be¬
838 1458 2242 1508 gierde. Nach langen Jahren ruhelosen Wanderns kehrt er nach Wien zurück,
840 1496 2240 1552 nachdem er Felix schon in dessen Garnison in Salzburg aufgesucht hatte.
846 1548 2246 1608 Er will ein dauerndes Glück sein eigen nennen, das er ohne Pein genießen
848 1597 2246 1650 kann, er will in Reinheit geliebt sein. Nach Gabrieles Tode eröffnet er dem
848 1646 2249 1714 jungen Offizier, daß er sein Vater ist; Felix, dem die sterbende Mutter
841 1691 2247 1744 eine leise Andeutung gemacht, wehrt sich gegen diese brutale Neuigkeit,
843 1742 2259 1800 die über ihn herfallen will, mit dem richtigen Instinkt des anständigen
843 1786 2241 1844 Menschen: „Ihr Sohn — es ist nichts als ein Wort. Es klingt ins Leere.
846 1840 2250 1908 Sie sind mir fremder geworden, seit ich es weiß.“ Denn, mit einer anderen
851 1895 2252 1951 Stelle des Stücks zu reden, Fritz hat den Sinn für das Wesentliche und
852 1942 2252 2002 er fühlt es, daß man sehr wenig für einen Menschen getan hat, wenn man
849 1989 2251 2035 nichts tat, als ihn in die Welt setzen. Das dauerhafteste von Fichtners
851 2034 2247 2087 übrigen Verhältnissen, die frühere Schauspielerin Irene, die sich jetzt ins
856 2105 2257 2149 Landleben zurückgezogen, hat sich ein Stück Naturfrische bewahrt; auch sie
855 2150 2248 2196 geht einen einsamen Weg, da ihre Sehnsucht nach einem Kinde infolge eines
851 2189 2257 2239 Abenteuers während ihres Engagements ungestillt bleibt, und Fichtner
854 2240 2254 2294 bekommt die Note von ihr: „Ach, das kann kein Mann verstehen; der beste
852 2274 2260 2352 von euch ist in diesen Dingen noch immer eine Art von Schuft.“ An ihm
846 2342 2262 2393 hat sie sich noch tiefer verloren, als mit ihm. Fichtners Seitenstück ist
850 2392 2256 2434 Stefan von Sala, der Frau und Kind begraben hat, ein eingebildeter
851 2430 2255 2493 Dichter, aber ein unabhängiger Lebekünstler. Ein überlegener Europäer,
861 2481 2261 2533 klug und kühl. Er will sich einer Expedition nach Asien anschließen, um die
860 2525 2246 2582 Wunder der baktrischen und medischen Grabungen mitzuerleben; die Ver¬
855 2573 2257 2640 gangenheit aus der Tiefe ans Licht ziehen, daß sie seine Gegenwart werde
850 2622 2256 2684 wie der heutige Tag und das Leben ihm nichts verberge. Ein raffinierter
858 2673 2264 2722 Genüßling. Felix soll ihn begleiten als militärischer Beistand der Truppe,
859 2728 2262 2780 und dessen Schwester Johanna bietet Sala an, als seine Frau ihm gleich¬
852 2776 2248 2827 falls in die Ferne zu folgen. Dieses hysterische Mädchen mit einer hell¬
865 2834 2264 2880 seherischen Anlage ist eine Ibsensche Figur; sie kostet das kommende Anheil
857 2876 2257 2929 durch, ehe es da ist. Sie haßt die kranke Mutter, weil sie es nicht ertragen
865 2932 2255 2972 kann, jemanden auf ihr Mitleid angewiesen zu sehen; sie wirft sich an Sala
855 2962 2251 3021 weg, nachdem ihr der Arzt seinen nahen Tod gewiß gemacht hat — sie
867 3026 2263 3078 ertränkt sich im Teich seines Darks am Morgen vor der verabredeten Reise.
866 3069 2262 3123 Ein widerspruchsvolles, rätselhaftes Geschöpf, das in Schuld und Schicksal
865 3111 2259 3171 seinen einsamen Weg wandelt. Ihr Verführer setzt eine Stunde später
867 3159 2263 3226 eisig klar ebenfalls den Strich unter die Rechnung seines Lebens, er, der
871 3208 1998 3278 durch sein Herzleiden ohnehin ein Todgeweihter gewesen ist.
960 3259 2257 3332 Kurz zuvor hat er zwischen sich und Fichtner das Konto mit rücksichts¬
857 3323 2259 3384 losem Cynismus dahin beglichen: „Wir haben niemandem gehört. Lieben
867 3365 2271 3432 heißt für jemand andern auf der Welt sein. Ich sage nicht, daß es ein
853 3415 2273 3464 wünschenswerter Zustand sei, aber wir waren beide sehr fern davon. Es
869 3475 2264 3529 mag allerlei Lustiges, Verlogenes, Zärtliches, Gemeines, Leidenschaftliches
867 3527 2277 3583 sein, das unsereiner als Liebe ausgibt, aber Liebe ist es doch nicht. Haben
858 3568 2275 3639 wir jemals ein Opfer gebracht, von dem nicht unsere Sinnlichkeit oder unsere
