<?xml version="1.0" encoding="UTF-8" standalone="yes"?>
<PcGts xmlns="http://schema.primaresearch.org/PAGE/gts/pagecontent/2013-07-15" xmlns:xsi="http://www.w3.org/2001/XMLSchema-instance" xsi:schemaLocation="http://schema.primaresearch.org/PAGE/gts/pagecontent/2013-07-15 http://schema.primaresearch.org/PAGE/gts/pagecontent/2013-07-15/pagecontent.xsd">
    <Metadata>
        <Creator>prov=University of Rostock/Institute of Mathematics/CITlab/Gundram Leifert/gundram.leifert@uni-rostock.de:name=ONB_Newseye_GT_M1+(htr_id=10810)::::v=2.4.2
prov=University of Rostock/Institute of Mathematics/CITlab/Tobias Gruening/tobias.gruening@uni-rostock.de:name=de.uros.citlab.module.baseline2polygon.B2PSeamMultiOriented:v=2.4.2
prov=University of Rostock/Institute of Mathematics/CITlab/Tobias Gruening/tobias.gruening@uni-rostock.de:name=/mnt/transkribus/LA/DEA/URO/LA_news_onb_att.pb:de.uros.citlab.segmentation.CITlab_LA_ML:v=2.4.2
Transkribus</Creator>
        <Created>2019-10-07T11:31:01.790+02:00</Created>
        <LastChange>2019-10-08T13:47:42.275+02:00</LastChange>
        <TranskribusMetadata docId="223970" pageId="9501837" pageNr="547" tsid="16582546" status="IN_PROGRESS" userId="40391" imgUrl="https://files.transkribus.eu/Get?id=IAASQVEUTYUBZWPOKUARVHAX&amp;fileType=view" xmlUrl="https://files.transkribus.eu/Get?id=HSHXPZSGGLQHNJJBSOQJBRJT" imageId="6192059"/>
    </Metadata>
    <Page imageFilename="223970_0547.jpeg" imageWidth="3436" imageHeight="4384">
        <ReadingOrder>
            <OrderedGroup id="ro_1711450913590" caption="Regions reading order">
                <RegionRefIndexed index="0" regionRef="r1"/>
                <RegionRefIndexed index="1" regionRef="r2"/>
            </OrderedGroup>
        </ReadingOrder>
        <TextRegion orientation="0.0" id="r1" custom="readingOrder {index:0;}">
            <Coords points="571,0 571,3970 3076,3970 3076,0"/>
            <TextLine id="r1l1" custom="readingOrder {index:0;}">
                <Coords points="969,10 976,12 985,10 987,13 989,12 996,15 1001,14 1006,19 1014,21 1023,-8 1015,-10 1006,-5 1005,-7 999,-5 992,-19 989,-18 986,-21 979,-23"/>
                <Baseline points="980,0 1010,9"/>
                <TextEquiv>
                    <Unicode>*</Unicode>
                </TextEquiv>
            </TextLine>
            <TextLine id="r1l2" custom="readingOrder {index:1;}">
                <Coords points="2205,43 2219,41 2221,37 2233,39 2247,19 2258,26 2264,18 2272,18 2278,9 2298,12 2289,-31 2279,-27 2244,-43 2227,-18 2213,-24 2204,-10 2195,-6"/>
                <Baseline points="2208,18 2234,12 2261,8 2288,0"/>
                <TextEquiv>
                    <Unicode></Unicode>
                </TextEquiv>
            </TextLine>
            <TextLine id="r1l3" custom="readingOrder {index:2;}">
                <Coords points="2641,28 2652,30 2656,35 2659,34 2662,40 2672,48 2684,50 2699,-24 2687,-26 2676,-20 2673,-26 2669,-23 2660,-32 2654,-33"/>
                <Baseline points="2650,21 2680,27"/>
                <TextEquiv>
                    <Unicode></Unicode>
                </TextEquiv>
            </TextLine>
            <TextLine id="r1l4" custom="readingOrder {index:3;}">
                <Coords points="2386,37 2404,38 2417,45 2429,38 2446,39 2466,55 2474,51 2481,56 2502,54 2507,-22 2499,-23 2489,-35 2463,-16 2455,-26 2434,-11 2425,-21 2409,-6 2389,-11"/>
                <Baseline points="2394,23 2419,24 2445,24 2470,27 2496,31"/>
                <TextEquiv>
                    <Unicode>571</Unicode>
                </TextEquiv>
            </TextLine>
            <TextLine id="r1l5" custom="readingOrder {index:4;}">
                <Coords points="790,53 809,56 823,44 843,53 851,44 869,46 878,38 897,46 914,36 885,-127 876,-126 850,-96 800,-26 779,-13"/>
                <Baseline points="796,38 823,32 850,27 877,22 904,20"/>
                <TextEquiv>
                    <Unicode></Unicode>
                </TextEquiv>
            </TextLine>
            <TextLine id="r1l6" custom="readingOrder {index:5;}">
                <Coords points="929,68 995,44 1065,26 1059,0 1048,7 1028,2 1004,6 998,14 981,8 961,14 953,27 923,38"/>
                <Baseline points="933,49 964,44 995,37 1026,29 1057,23"/>
                <TextEquiv>
                    <Unicode></Unicode>
                </TextEquiv>
            </TextLine>
            <TextLine id="r1l7" custom="readingOrder {index:6;}">
                <Coords points="1001,67 1011,66 1039,56 1050,55 1054,52 1065,51 1061,26 1047,27 1042,33 1027,37 1020,31 1012,41 997,45"/>
                <Baseline points="1006,54 1031,49 1056,46"/>
                <TextEquiv>
                    <Unicode>G</Unicode>
                </TextEquiv>
            </TextLine>
            <TextLine id="r1l8" custom="readingOrder {index:7;}">
                <Coords points="855,95 873,92 926,120 953,104 975,117 1109,64 1137,69 1131,29 1036,49 1011,66 980,50 906,75 853,81"/>
                <Baseline points="863,99 889,97 916,94 942,90 969,84 996,78 1022,74 1049,69 1075,66 1102,64 1129,63"/>
                <TextEquiv>
                    <Unicode></Unicode>
                </TextEquiv>
            </TextLine>
            <TextLine id="r1l9" custom="readingOrder {index:8;}">
                <Coords points="1248,133 1273,125 1280,130 1292,130 1304,123 1310,124 1313,120 1320,119 1312,70 1304,71 1283,85 1278,84 1268,97 1243,104"/>
                <Baseline points="1254,124 1283,117 1312,114"/>
                <TextEquiv>
                    <Unicode></Unicode>
                </TextEquiv>
            </TextLine>
            <TextLine id="r1l10" custom="readingOrder {index:9;}">
                <Coords points="2025,119 2054,129 2070,120 2099,137 2107,132 2120,141 2162,123 2187,123 2188,75 2169,70 2157,79 2138,76 2114,90 2085,67 2069,65 2042,89 2026,84"/>
                <Baseline points="2033,121 2062,123 2091,125 2120,126 2149,126 2179,125"/>
                <TextEquiv>
                    <Unicode></Unicode>
                </TextEquiv>
            </TextLine>
            <TextLine id="r1l11" custom="readingOrder {index:10;}">
                <Coords points="854,204 901,175 1042,137 1097,135 1156,107 1186,115 1227,96 1222,71 1178,90 1113,63 1015,112 905,136 846,170"/>
                <Baseline points="857,183 883,175 909,168 935,160 961,153 987,145 1013,138 1039,132 1065,127 1091,121 1117,116 1143,112 1169,109 1195,107 1221,106"/>
                <TextEquiv>
                    <Unicode></Unicode>
                </TextEquiv>
            </TextLine>
            <TextLine id="r1l12" custom="readingOrder {index:11;}">
                <Coords points="2085,154 2094,154 2121,171 2135,164 2145,172 2158,171 2172,164 2178,171 2209,172 2212,104 2200,104 2174,123 2165,122 2132,136 2097,111 2087,111"/>
                <Baseline points="2093,148 2120,155 2147,157 2174,156 2202,155"/>
                <TextEquiv>
                    <Unicode></Unicode>
                </TextEquiv>
            </TextLine>
            <TextLine id="r1l13" custom="readingOrder {index:12;}">
                <Coords points="928,193 1117,160 1149,184 1278,179 1423,150 1422,116 1372,106 1256,132 1216,99 927,173"/>
                <Baseline points="936,193 961,184 986,177 1011,171 1036,168 1062,165 1087,163 1112,162 1137,162 1162,161 1188,162 1213,162 1238,163 1263,163 1288,163 1314,162 1339,160 1364,158 1389,154 1415,149"/>
                <TextEquiv>
                    <Unicode></Unicode>
                </TextEquiv>
            </TextLine>
            <TextLine id="r1l14" custom="readingOrder {index:13;}">
                <Coords points="1952,171 1977,171 1981,175 1989,170 2004,189 2027,191 2032,152 2018,151 2007,146 1993,146 1974,124 1958,124"/>
                <Baseline points="1960,171 1990,173 2020,179"/>
                <TextEquiv>
                    <Unicode></Unicode>
                </TextEquiv>
            </TextLine>
            <TextLine id="r1l15" custom="readingOrder {index:14;}">
                <Coords points="994,200 1012,200 1025,215 1072,207 1081,216 1099,216 1131,207 1135,155 1094,167 996,175"/>
                <Baseline points="1002,192 1032,199 1063,204 1093,205 1124,200"/>
                <TextEquiv>
                    <Unicode></Unicode>
                </TextEquiv>
            </TextLine>
            <TextLine id="r1l16" custom="readingOrder {index:15;}">
                <Coords points="2336,229 2351,223 2385,240 2409,220 2427,214 2466,217 2477,206 2490,206 2482,145 2460,143 2447,153 2434,145 2428,151 2417,144 2391,151 2378,145 2368,152 2348,138 2325,141"/>
                <Baseline points="2341,211 2369,212 2397,210 2425,206 2453,200 2481,195"/>
                <TextEquiv>
                    <Unicode>W</Unicode>
                </TextEquiv>
            </TextLine>
            <TextLine id="r1l17" custom="readingOrder {index:16;}">
                <Coords points="865,227 882,224 897,235 915,226 945,251 1020,248 1018,199 1006,198 993,186 932,192 880,206 865,204"/>
                <Baseline points="873,217 900,220 928,221 955,220 983,217 1011,211"/>
                <TextEquiv>
                    <Unicode>—</Unicode>
                </TextEquiv>
            </TextLine>
            <TextLine id="r1l18" custom="readingOrder {index:17;}">
                <Coords points="1891,210 1908,222 1967,202 1995,233 2026,226 2062,242 2087,224 2172,249 2207,241 2269,267 2324,258 2334,191 2306,192 2286,170 2122,172 2063,152 2006,181 1961,172 1905,116"/>
                <Baseline points="1902,191 1928,193 1954,195 1980,199 2006,203 2032,207 2058,212 2084,217 2110,222 2136,227 2162,231 2188,235 2214,238 2240,241 2266,241 2292,241 2319,240"/>
                <TextEquiv>
                    <Unicode>G</Unicode>
                </TextEquiv>
            </TextLine>
            <TextLine id="r1l19" custom="readingOrder {index:18;}">
                <Coords points="1007,251 1021,252 1077,236 1093,251 1121,253 1120,202 1112,202 1097,215 1081,215 1072,206 1006,214"/>
                <Baseline points="1015,235 1047,233 1080,234 1113,231"/>
                <TextEquiv>
                    <Unicode></Unicode>
                </TextEquiv>
            </TextLine>
            <TextLine id="r1l20" custom="readingOrder {index:19;}">
                <Coords points="1039,285 1060,291 1069,298 1086,290 1092,293 1124,277 1137,279 1138,246 1119,246 1110,252 1099,249 1086,235 1039,243"/>
                <Baseline points="1046,273 1074,269 1102,271 1130,273"/>
                <TextEquiv>
                    <Unicode></Unicode>
                </TextEquiv>
            </TextLine>
            <TextLine id="r1l21" custom="readingOrder {index:20;}">
                <Coords points="1759,269 1804,278 1832,304 1877,292 1885,305 1898,302 1915,317 1944,323 1960,256 1943,252 1933,240 1880,236 1872,223 1859,221 1810,248 1790,223 1770,220"/>
                <Baseline points="1769,260 1797,267 1826,273 1855,279 1883,284 1912,293 1941,303"/>
                <TextEquiv>
                    <Unicode>14</Unicode>
                </TextEquiv>
            </TextLine>
            <TextLine id="r1l22" custom="readingOrder {index:21;}">
                <Coords points="746,296 791,302 822,288 859,303 916,295 935,308 997,288 1029,265 1029,253 964,248 947,256 912,236 866,255 855,244 830,253 797,246 747,267"/>
                <Baseline points="754,279 780,281 807,282 834,283 860,284 887,285 914,286 940,286 967,286 994,285 1021,284"/>
                <TextEquiv>
                    <Unicode>L0</Unicode>
                </TextEquiv>
            </TextLine>
            <TextLine id="r1l23" custom="readingOrder {index:22;}">
                <Coords points="1409,373 1578,405 2156,395 2229,383 2229,357 2058,314 2004,346 1927,323 1882,345 1578,352 1524,326 1408,346"/>
                <Baseline points="1416,382 1456,381 1496,380 1536,379 1577,379 1617,379 1657,379 1697,379 1738,379 1778,379 1818,379 1858,380 1899,380 1939,380 1979,380 2019,380 2060,380 2100,379 2140,379 2180,378 2221,377"/>
                <TextEquiv>
                    <Unicode>Käthe Haack und Albert Bassermann.</Unicode>
                </TextEquiv>
            </TextLine>
            <TextLine id="r1l24" custom="readingOrder {index:23;}">
                <Coords points="1814,479 2874,480 3017,459 3017,420 2893,390 2689,435 2239,398 2169,440 2042,401 1813,420"/>
                <Baseline points="1821,471 1880,471 1939,471 1999,470 2058,470 2118,470 2177,469 2236,469 2296,468 2355,468 2415,467 2474,466 2533,465 2593,464 2652,463 2712,462 2771,460 2830,458 2890,456 2949,454 3009,451"/>
                <TextEquiv>
                    <Unicode>fortzublasen, um aus den sichtbaren Konturen das Wesentliche</Unicode>
                </TextEquiv>
            </TextLine>
            <TextLine id="r1l25" custom="readingOrder {index:24;}">
                <Coords points="1807,518 3013,507 2986,458 1806,477"/>
                <Baseline points="1815,511 1874,513 1934,515 1993,515 2053,516 2112,515 2172,514 2231,513 2291,512 2350,510 2410,508 2470,506 2529,504 2589,502 2648,500 2708,499 2767,497 2827,496 2886,496 2946,495 3006,496"/>
                <TextEquiv>
                    <Unicode>dieses Dramatikers festzustellen: Seine Aermlichkeit und seinen</Unicode>
                </TextEquiv>
            </TextLine>
            <TextLine id="r1l26" custom="readingOrder {index:25;}">
                <Coords points="622,523 872,568 1654,543 1653,443 1602,427 1431,460 1273,461 1226,418 1094,463 851,432 622,452"/>
                <Baseline points="630,534 680,538 731,540 782,542 833,543 884,544 934,543 985,542 1036,541 1087,539 1138,538 1188,536 1239,535 1290,533 1341,532 1392,531 1442,531 1493,532 1544,533 1595,536 1646,539"/>
                <TextEquiv>
                    <Unicode>Schnitzlers „Einsamer Weg.“</Unicode>
                </TextEquiv>
            </TextLine>
            <TextLine id="r1l27" custom="readingOrder {index:26;}">
                <Coords points="1818,557 1865,568 1893,558 1914,570 1942,558 1965,568 1996,557 2025,564 2026,536 1998,542 1958,517 1927,520 1920,512 1909,523 1896,516 1887,526 1879,521 1861,531 1846,521 1818,519"/>
                <Baseline points="1825,554 1852,553 1880,553 1907,552 1935,552 1962,552 1990,554 2018,557"/>
                <TextEquiv>
                    <Unicode>Reichtum.</Unicode>
                </TextEquiv>
            </TextLine>
            <TextLine id="r1l28" custom="readingOrder {index:27;}">
                <Coords points="1871,600 3011,579 3010,542 2898,554 2815,515 1870,562"/>
                <Baseline points="1878,591 1934,592 1990,593 2046,593 2103,593 2159,594 2215,593 2271,593 2328,593 2384,592 2440,591 2496,590 2553,589 2609,587 2665,586 2721,585 2778,583 2834,581 2890,579 2946,578 3003,576"/>
                <TextEquiv>
                    <Unicode>Er holt seine Säfte von Maupassant bis zu Ibsen. Der eine</Unicode>
                </TextEquiv>
            </TextLine>
            <TextLine id="r1l29" custom="readingOrder {index:28;}">
                <Coords points="1123,608 1132,608 1138,615 1147,612 1164,619 1172,613 1183,621 1200,615 1216,621 1217,572 1202,569 1186,573 1174,581 1158,569 1140,570 1137,567 1123,571"/>
                <Baseline points="1131,607 1157,604 1183,605 1209,607"/>
                <TextEquiv>
                    <Unicode>Von</Unicode>
                </TextEquiv>
            </TextLine>
            <TextLine id="r1l30" custom="readingOrder {index:29;}">
                <Coords points="1819,644 3007,635 3007,595 1818,584"/>
                <Baseline points="1827,634 1885,635 1944,636 2002,637 2061,637 2120,637 2178,637 2237,636 2295,635 2354,635 2413,634 2471,633 2530,631 2588,630 2647,629 2706,628 2764,627 2823,626 2881,625 2940,624 2999,623"/>
                <TextEquiv>
                    <Unicode>ist ihm geistiger Ahnherr, der andere stärkster Anreger und Weg¬</Unicode>
                </TextEquiv>
            </TextLine>
            <TextLine id="r1l31" custom="readingOrder {index:30;}">
                <Coords points="972,685 1005,672 1098,694 1177,663 1262,678 1365,664 1364,622 1340,626 1312,607 1228,632 1192,618 1108,636 1035,603 971,632"/>
                <Baseline points="979,665 1004,664 1029,664 1054,664 1079,664 1105,663 1130,663 1155,662 1180,661 1205,661 1231,660 1256,659 1281,659 1306,658 1331,658 1357,658"/>
                <TextEquiv>
                    <Unicode>Felix Hollaender.</Unicode>
                </TextEquiv>
            </TextLine>
            <TextLine id="r1l32" custom="readingOrder {index:31;}">
                <Coords points="1820,684 3010,691 3009,629 2950,625 1819,645"/>
                <Baseline points="1827,674 1885,675 1944,677 2003,678 2061,679 2120,680 2179,680 2237,680 2296,679 2355,679 2414,678 2472,677 2531,675 2590,674 2648,672 2707,670 2766,668 2824,665 2883,663 2942,661 3001,658"/>
                <TextEquiv>
                    <Unicode>weiser. Und als eigene Ingredienz gibt er eine Dialektik östlicher</Unicode>
                </TextEquiv>
            </TextLine>
            <TextLine id="r1l33" custom="readingOrder {index:32;}">
                <Coords points="1814,746 2856,727 2877,671 1813,684"/>
                <Baseline points="1821,717 1873,717 1925,717 1978,718 2030,718 2083,718 2135,718 2187,718 2240,718 2292,718 2345,718 2397,718 2449,718 2502,717 2554,716 2607,715 2659,714 2711,712 2764,710 2816,709 2869,706"/>
                <TextEquiv>
                    <Unicode>Herkunft und eine Sentimentalität wienerischen Ursprungs.</Unicode>
                </TextEquiv>
            </TextLine>
            <TextLine id="r1l34" custom="readingOrder {index:33;}">
                <Coords points="623,742 1702,751 1774,736 1773,687 622,707"/>
                <Baseline points="630,740 686,741 743,742 800,742 857,742 914,742 970,742 1027,741 1084,740 1141,739 1198,738 1254,737 1311,736 1368,735 1425,734 1482,733 1538,732 1595,730 1652,729 1709,729 1766,728"/>
                <TextEquiv>
                    <Unicode>Am Schlusse war es ein Erfolg der Darstellung, aus der zwei</Unicode>
                </TextEquiv>
            </TextLine>
            <TextLine id="r1l35" custom="readingOrder {index:34;}">
                <Coords points="1865,773 3013,766 3013,696 2838,732 1865,735"/>
                <Baseline points="1873,763 1929,764 1986,765 2042,765 2099,766 2156,766 2212,767 2269,767 2325,766 2382,766 2439,766 2495,765 2552,764 2608,763 2665,762 2722,760 2778,759 2835,757 2891,755 2948,754 3005,751"/>
                <TextEquiv>
                    <Unicode>Seine Gestalten, nicht organisch gewachsen, kommen aus der</Unicode>
                </TextEquiv>
            </TextLine>
            <TextLine id="r1l36" custom="readingOrder {index:35;}">
                <Coords points="563,797 1779,779 1746,734 563,757"/>
                <Baseline points="571,781 631,783 691,785 751,785 811,786 871,786 931,786 991,785 1051,784 1111,783 1171,782 1231,781 1291,780 1351,778 1411,777 1471,775 1531,774 1591,773 1651,772 1711,771 1771,771"/>
                <TextEquiv>
                    <Unicode>meisterliche Leistungen heransragten. Immer wieder — und mit</Unicode>
                </TextEquiv>
            </TextLine>
            <TextLine id="r1l37" custom="readingOrder {index:36;}">
                <Coords points="1809,821 3006,810 3015,768 1809,773"/>
                <Baseline points="1817,809 1876,809 1936,810 1995,810 2055,810 2114,810 2174,810 2233,810 2293,810 2352,809 2412,809 2471,808 2531,807 2590,806 2650,805 2709,804 2769,802 2828,801 2888,800 2947,798 3007,796"/>
                <TextEquiv>
                    <Unicode>Werkstatt eines geschmäcklerischen Literaten, dessen Kunstgewerbe bei¬</Unicode>
                </TextEquiv>
            </TextLine>
            <TextLine id="r1l38" custom="readingOrder {index:37;}">
                <Coords points="573,834 1581,836 1776,819 1776,787 573,792"/>
                <Baseline points="581,823 640,825 699,826 759,827 818,828 878,828 937,828 996,828 1056,827 1115,826 1175,825 1234,824 1293,822 1353,821 1412,819 1472,818 1531,817 1590,815 1650,814 1709,812 1769,811"/>
                <TextEquiv>
                    <Unicode>Fug und Rocht rief man Bassermann und die Höflich, die</Unicode>
                </TextEquiv>
            </TextLine>
            <TextLine id="r1l39" custom="readingOrder {index:38;}">
                <Coords points="1815,868 2989,866 3014,810 1814,829"/>
                <Baseline points="1823,853 1882,852 1941,852 2000,852 2059,852 2119,852 2178,851 2237,851 2296,851 2355,851 2415,850 2474,850 2533,850 2592,849 2651,848 2711,847 2770,846 2829,845 2888,843 2947,841 3007,839"/>
                <TextEquiv>
                    <Unicode>nahe schon Kunst — dessen Literatur fast wieder Leben geworden ist.</Unicode>
                </TextEquiv>
            </TextLine>
            <TextLine id="r1l40" custom="readingOrder {index:39;}">
                <Coords points="572,865 1782,868 1781,823 1709,813 572,838"/>
                <Baseline points="580,866 639,868 699,868 759,869 818,869 878,869 938,869 997,869 1057,868 1117,868 1177,867 1236,866 1296,864 1356,863 1415,862 1475,860 1535,858 1594,857 1654,855 1714,853 1774,852"/>
                <TextEquiv>
                    <Unicode>über alle Schlagworte von neuer Schauspielerei hinweg die Rein¬</Unicode>
                </TextEquiv>
            </TextLine>
            <TextLine id="r1l41" custom="readingOrder {index:40;}">
                <Coords points="1866,905 2798,909 2883,903 2927,853 1865,869"/>
                <Baseline points="1873,894 1925,894 1977,895 2029,895 2082,896 2134,896 2186,896 2239,896 2291,896 2343,895 2396,894 2448,894 2500,893 2552,892 2605,891 2657,890 2709,889 2762,887 2814,886 2866,885 2919,883"/>
                <TextEquiv>
                    <Unicode>Damit ist der „Kunstwert“ seiner Arbeiten gekennzeichnet.</Unicode>
                </TextEquiv>
            </TextLine>
            <TextLine id="r1l42" custom="readingOrder {index:41;}">
                <Coords points="576,917 1789,911 1765,860 575,869"/>
                <Baseline points="583,911 642,911 702,911 762,911 822,911 882,910 942,910 1002,909 1062,909 1122,908 1182,907 1241,906 1301,905 1361,904 1421,903 1481,902 1541,900 1601,899 1661,898 1721,896 1781,895"/>
                <TextEquiv>
                    <Unicode>heit und Schlichtkeit ihrer Natur — die Vornehmheit ihrer Mittel</Unicode>
                </TextEquiv>
            </TextLine>
            <TextLine id="r1l43" custom="readingOrder {index:42;}">
                <Coords points="1882,959 3022,950 3021,888 2912,882 1882,928"/>
                <Baseline points="1889,946 1945,946 2001,947 2057,947 2114,947 2170,947 2226,947 2283,947 2339,946 2395,946 2452,945 2508,944 2564,944 2620,942 2677,942 2733,941 2789,939 2846,938 2902,937 2958,935 3015,934"/>
                <TextEquiv>
                    <Unicode>„ Der einsame Weg“ mit seinem Herbstruch und seinem</Unicode>
                </TextEquiv>
            </TextLine>
            <TextLine id="r1l44" custom="readingOrder {index:43;}">
                <Coords points="569,952 623,975 655,954 675,966 763,968 818,953 872,965 951,941 950,922 927,915 900,928 836,915 769,925 747,913 730,925 569,923"/>
                <Baseline points="577,953 603,954 629,954 655,954 681,954 707,954 733,954 760,953 786,952 812,952 838,951 864,951 890,950 916,950 943,949"/>
                <TextEquiv>
                    <Unicode>sich gewahrt haben.</Unicode>
                </TextEquiv>
            </TextLine>
            <TextLine id="r1l45" custom="readingOrder {index:44;}">
                <Coords points="1818,1002 3015,993 3014,954 2951,941 1817,959"/>
                <Baseline points="1825,991 1884,992 1943,992 2002,992 2061,992 2120,992 2179,991 2238,991 2297,990 2356,989 2416,988 2475,987 2534,986 2593,984 2652,984 2711,983 2770,982 2829,981 2888,980 2947,980 3007,980"/>
                <TextEquiv>
                    <Unicode>Lavendelduft, mit seinen Melancholien und geistreichen Wortspielen,</Unicode>
                </TextEquiv>
            </TextLine>
            <TextLine id="r1l46" custom="readingOrder {index:45;}">
                <Coords points="634,995 1779,993 1778,939 1579,964 1387,931 634,970"/>
                <Baseline points="642,997 698,996 754,996 811,996 867,995 924,995 980,994 1037,993 1093,993 1150,992 1206,991 1262,990 1319,989 1375,988 1432,987 1488,986 1545,985 1601,983 1658,982 1714,981 1771,979"/>
                <TextEquiv>
                    <Unicode>Und das Stück selbst? Konnte es der Kraftentfaltung zweier un¬</Unicode>
                </TextEquiv>
            </TextLine>
            <TextLine id="r1l47" custom="readingOrder {index:46;}">
                <Coords points="1814,1053 2907,1039 3022,1031 3022,990 1814,1002"/>
                <Baseline points="1821,1034 1880,1035 1940,1036 1999,1036 2059,1036 2119,1036 2178,1035 2238,1035 2298,1034 2357,1033 2417,1032 2477,1031 2536,1030 2596,1029 2656,1027 2715,1027 2775,1026 2835,1025 2894,1025 2954,1025 3014,1025"/>
                <TextEquiv>
                    <Unicode>mit seinem feingesch'ffenen, von weltmännischen Ironien durchsetzten</Unicode>
                </TextEquiv>
            </TextLine>
            <TextLine id="r1l48" custom="readingOrder {index:47;}">
                <Coords points="576,1060 659,1038 1367,1043 1411,1004 575,1004"/>
                <Baseline points="583,1038 624,1038 665,1037 706,1037 747,1037 788,1037 829,1037 870,1036 911,1036 952,1036 993,1036 1034,1036 1075,1036 1116,1036 1157,1036 1198,1035 1239,1035 1280,1034 1321,1033 1362,1032 1403,1031"/>
                <TextEquiv>
                    <Unicode>gewöhnlicher Temperamente die Wage halten?</Unicode>
                </TextEquiv>
            </TextLine>
            <TextLine id="r1l49" custom="readingOrder {index:48;}">
                <Coords points="1824,1086 2821,1075 2811,1028 1824,1050"/>
                <Baseline points="1831,1077 1880,1077 1929,1077 1978,1077 2027,1077 2076,1077 2125,1077 2174,1077 2223,1077 2272,1076 2322,1076 2371,1075 2420,1074 2469,1073 2518,1072 2567,1071 2616,1070 2665,1068 2714,1067 2763,1065 2813,1063"/>
                <TextEquiv>
                    <Unicode>Dialog, zeigt alle Stärken und Schwächen dieses Poeten.</Unicode>
                </TextEquiv>
            </TextLine>
            <TextLine id="r1l50" custom="readingOrder {index:49;}">
                <Coords points="623,1085 1779,1069 1744,1019 1565,1015 623,1053"/>
                <Baseline points="631,1077 688,1077 745,1078 802,1078 859,1078 916,1078 973,1078 1030,1077 1087,1077 1144,1076 1201,1075 1258,1075 1315,1074 1372,1073 1429,1071 1486,1070 1543,1068 1600,1067 1657,1065 1714,1063 1771,1061"/>
                <TextEquiv>
                    <Unicode>1903 hat Arthur Schnitzler dies Wer geschrieben. Er war da¬</Unicode>
                </TextEquiv>
            </TextLine>
            <TextLine id="r1l51" custom="readingOrder {index:50;}">
                <Coords points="1871,1124 2994,1126 3021,1073 1870,1093"/>
                <Baseline points="1878,1119 1934,1119 1991,1119 2048,1119 2105,1119 2162,1119 2218,1118 2275,1118 2332,1117 2389,1117 2446,1116 2502,1115 2559,1114 2616,1113 2673,1112 2730,1111 2786,1110 2843,1109 2900,1107 2957,1106 3014,1105"/>
                <TextEquiv>
                    <Unicode>Ein wenig blutleer und anämisch — etwas verstaubt und ver¬</Unicode>
                </TextEquiv>
            </TextLine>
            <TextLine id="r1l52" custom="readingOrder {index:51;}">
                <Coords points="576,1127 1736,1140 1779,1076 575,1096"/>
                <Baseline points="583,1123 642,1122 701,1121 761,1120 820,1120 880,1119 939,1119 998,1119 1058,1118 1117,1118 1177,1118 1236,1117 1295,1117 1355,1116 1414,1115 1474,1114 1533,1112 1592,1111 1652,1109 1711,1106 1771,1104"/>
                <TextEquiv>
                    <Unicode>mals 40 Jahre alt und stand auf der Mittagshöhe seines Daseins</Unicode>
                </TextEquiv>
            </TextLine>
            <TextLine id="r1l53" custom="readingOrder {index:52;}">
                <Coords points="1823,1168 3028,1154 3027,1120 2950,1112 1823,1136"/>
                <Baseline points="1831,1163 1890,1163 1949,1163 2009,1163 2068,1163 2128,1163 2187,1163 2247,1163 2306,1162 2366,1161 2425,1161 2484,1160 2544,1159 2603,1158 2663,1157 2722,1155 2782,1154 2841,1153 2901,1151 2960,1149 3020,1148"/>
                <TextEquiv>
                    <Unicode>modert — strömt doch aus dem Werke noch die Kraft einer Persön¬</Unicode>
                </TextEquiv>
            </TextLine>
            <TextLine id="r1l54" custom="readingOrder {index:53;}">
                <Coords points="565,1166 590,1161 634,1179 657,1165 730,1177 751,1168 777,1177 796,1165 831,1180 862,1169 862,1137 828,1128 565,1129"/>
                <Baseline points="573,1164 598,1163 624,1163 649,1162 675,1162 701,1162 726,1162 752,1163 778,1163 803,1162 829,1162 855,1161"/>
                <TextEquiv>
                    <Unicode>und Schaffens.</Unicode>
                </TextEquiv>
            </TextLine>
            <TextLine id="r1l55" custom="readingOrder {index:54;}">
                <Coords points="635,1207 1532,1216 1754,1201 1773,1149 634,1173"/>
                <Baseline points="642,1204 698,1204 754,1205 810,1205 866,1205 922,1205 978,1205 1035,1205 1091,1204 1147,1204 1203,1203 1259,1202 1315,1201 1371,1200 1428,1199 1484,1197 1540,1194 1596,1192 1652,1190 1708,1188 1765,1185"/>
                <TextEquiv>
                    <Unicode>Sein Schauspiel könnte ebenso gut den Titel „Einsame Menschen“</Unicode>
                </TextEquiv>
            </TextLine>
            <TextLine id="r1l56" custom="readingOrder {index:55;}">
                <Coords points="1818,1210 2474,1229 3006,1201 3030,1159 1818,1184"/>
                <Baseline points="1825,1208 1884,1208 1944,1208 2004,1208 2064,1208 2124,1207 2184,1207 2244,1206 2304,1206 2364,1205 2424,1204 2483,1203 2543,1202 2603,1201 2663,1200 2723,1199 2783,1198 2843,1197 2903,1196 2963,1194 3023,1193"/>
                <TextEquiv>
                    <Unicode>lichkeit, die Grazie eines Meisters, der hinter das Geheimnis der</Unicode>
                </TextEquiv>
            </TextLine>
            <TextLine id="r1l57" custom="readingOrder {index:56;}">
                <Coords points="580,1259 1751,1246 1783,1198 579,1205"/>
                <Baseline points="587,1250 646,1248 705,1246 765,1245 824,1244 884,1243 943,1243 1002,1242 1062,1242 1121,1242 1181,1242 1240,1242 1299,1241 1359,1241 1418,1240 1478,1239 1537,1237 1596,1236 1656,1233 1715,1230 1775,1226"/>
                <TextEquiv>
                    <Unicode>führen. Es ist gearbeitet mit der Technik Ibsens. Ein Tragödie hat</Unicode>
                </TextEquiv>
            </TextLine>
            <TextLine id="r1l58" custom="readingOrder {index:57;}">
                <Coords points="1817,1265 1859,1275 1912,1255 1937,1267 1991,1257 2052,1267 2126,1251 2169,1266 2201,1251 2201,1216 2173,1201 2135,1223 2055,1224 2032,1209 2010,1221 1996,1209 1941,1233 1910,1213 1872,1226 1816,1213"/>
                <Baseline points="1825,1251 1851,1250 1877,1249 1903,1249 1930,1248 1956,1248 1982,1248 2009,1248 2035,1248 2061,1248 2087,1247 2114,1247 2140,1246 2166,1246 2193,1245"/>
                <TextEquiv>
                    <Unicode>Form gedrungen ist.</Unicode>
                </TextEquiv>
            </TextLine>
            <TextLine id="r1l59" custom="readingOrder {index:58;}">
                <Coords points="579,1298 1786,1282 1785,1240 1694,1238 579,1261"/>
                <Baseline points="587,1292 646,1290 706,1288 765,1287 825,1286 884,1286 944,1285 1003,1285 1063,1285 1122,1285 1182,1285 1241,1284 1301,1284 1360,1283 1420,1282 1479,1281 1539,1279 1598,1277 1658,1273 1717,1270 1777,1266"/>
                <TextEquiv>
                    <Unicode>sich abgerollt, ehe noch der Vorhang die Höhe geht. Und wenn</Unicode>
                </TextEquiv>
            </TextLine>
            <TextLine id="r1l60" custom="readingOrder {index:59;}">
                <Coords points="1869,1296 2951,1306 3032,1278 3031,1207 2947,1246 1869,1263"/>
                <Baseline points="1877,1290 1934,1290 1991,1291 2049,1291 2106,1291 2163,1290 2221,1289 2278,1289 2335,1288 2393,1287 2450,1285 2507,1284 2565,1283 2622,1282 2679,1281 2737,1280 2794,1279 2851,1278 2909,1277 2966,1277 3024,1277"/>
                <TextEquiv>
                    <Unicode>Was konnte die Bearbeitung — was konnte die Darstellung für</Unicode>
                </TextEquiv>
            </TextLine>
            <TextLine id="r1l61" custom="readingOrder {index:60;}">
                <Coords points="576,1340 1790,1325 1789,1279 1747,1276 575,1297"/>
                <Baseline points="583,1334 642,1331 702,1329 762,1328 822,1327 882,1326 942,1325 1002,1325 1062,1325 1122,1325 1182,1325 1241,1324 1301,1324 1361,1324 1421,1323 1481,1321 1541,1320 1601,1318 1661,1316 1721,1312 1781,1308"/>
                <TextEquiv>
                    <Unicode>gegen den Schluß ein Viveur und Weltmann den Sinn der Liebe in</Unicode>
                </TextEquiv>
            </TextLine>
            <TextLine id="r1l62" custom="readingOrder {index:61;}">
                <Coords points="1814,1337 2290,1359 2356,1326 2659,1343 2706,1310 2661,1284 1814,1311"/>
                <Baseline points="1822,1336 1865,1335 1909,1335 1953,1334 1997,1334 2041,1333 2084,1333 2128,1332 2172,1332 2216,1332 2260,1332 2303,1331 2347,1331 2391,1331 2435,1331 2479,1331 2522,1330 2566,1330 2610,1330 2654,1330 2698,1329"/>
                <TextEquiv>
                    <Unicode>das gealterte Werk leisten — dies ist die Frage.</Unicode>
                </TextEquiv>
            </TextLine>
            <TextLine id="r1l63" custom="readingOrder {index:62;}">
                <Coords points="566,1364 1787,1364 1752,1318 566,1348"/>
                <Baseline points="574,1373 634,1371 694,1370 754,1370 815,1369 875,1369 935,1368 995,1368 1056,1367 1116,1367 1176,1367 1236,1366 1297,1365 1357,1365 1417,1363 1477,1363 1538,1361 1598,1359 1658,1357 1718,1355 1779,1352"/>
                <TextEquiv>
                    <Unicode>die Worte faßt: Lieben heißt, für jemand Anderen auf der Welt sein</Unicode>
                </TextEquiv>
            </TextLine>
            <TextLine id="r1l64" custom="readingOrder {index:63;}">
                <Coords points="1876,1394 2955,1385 3041,1370 3041,1335 1876,1348"/>
                <Baseline points="1884,1386 1941,1386 1999,1386 2056,1386 2114,1386 2171,1386 2229,1385 2286,1385 2344,1385 2401,1384 2459,1384 2516,1383 2574,1382 2631,1381 2689,1380 2746,1379 2804,1378 2861,1376 2919,1374 2976,1373 3034,1371"/>
                <TextEquiv>
                    <Unicode>Schnitzler hat glücklicherweise nicht zu tief in den Organismus</Unicode>
                </TextEquiv>
            </TextLine>
            <TextLine id="r1l65" custom="readingOrder {index:64;}">
                <Coords points="627,1413 1636,1417 1782,1410 1782,1364 626,1382"/>
                <Baseline points="634,1415 691,1414 748,1413 805,1412 862,1411 919,1410 976,1410 1033,1409 1090,1409 1147,1409 1204,1408 1261,1408 1318,1407 1375,1407 1432,1406 1489,1404 1546,1403 1603,1401 1660,1399 1717,1397 1775,1394"/>
                <TextEquiv>
                    <Unicode>so spricht er über die eigene Lebensführung und die des Freundes.</Unicode>
                </TextEquiv>
            </TextLine>
            <TextLine id="r1l66" custom="readingOrder {index:65;}">
                <Coords points="1825,1438 2947,1402 3034,1436 3033,1370 1824,1401"/>
                <Baseline points="1832,1430 1891,1430 1951,1430 2011,1430 2070,1429 2130,1428 2190,1428 2249,1427 2309,1426 2369,1425 2429,1424 2488,1423 2548,1422 2608,1421 2667,1420 2727,1418 2787,1417 2846,1416 2906,1415 2966,1414 3026,1414"/>
                <TextEquiv>
                    <Unicode>eingegriffen. Das Kind ist bei der Operation leben geblieben. Er</Unicode>
                </TextEquiv>
            </TextLine>
            <TextLine id="r1l67" custom="readingOrder {index:66;}">
                <Coords points="570,1460 1800,1448 1759,1404 569,1423"/>
                <Baseline points="577,1456 637,1457 698,1457 759,1456 819,1456 880,1456 941,1455 1001,1455 1062,1454 1123,1453 1184,1452 1244,1451 1305,1449 1366,1448 1426,1447 1487,1445 1548,1443 1608,1442 1669,1440 1730,1438 1791,1436"/>
                <TextEquiv>
                    <Unicode>mit dem er sich über letzte Dinge auseinandersetzt, ohne Sentiment</Unicode>
                </TextEquiv>
            </TextLine>
            <TextLine id="r1l68" custom="readingOrder {index:67;}">
                <Coords points="1821,1483 2987,1471 3030,1429 1820,1437"/>
                <Baseline points="1829,1474 1888,1473 1948,1472 2007,1471 2067,1471 2127,1470 2186,1469 2246,1469 2306,1468 2365,1468 2425,1467 2485,1467 2544,1466 2604,1465 2664,1464 2723,1464 2783,1462 2843,1461 2902,1460 2962,1458 3022,1456"/>
                <TextEquiv>
                    <Unicode>hat sich im wesentlichen darauf beschränkt, den zweiten und dritten</Unicode>
                </TextEquiv>
            </TextLine>
            <TextLine id="r1l69" custom="readingOrder {index:68;}">
                <Coords points="580,1507 619,1523 808,1500 835,1520 877,1498 958,1505 981,1497 981,1472 953,1474 932,1454 903,1470 762,1454 740,1467 667,1455 615,1470 598,1454 579,1458"/>
                <Baseline points="587,1497 612,1497 638,1497 664,1497 689,1497 715,1497 741,1497 767,1497 792,1497 818,1497 844,1497 870,1496 895,1496 921,1494 947,1493 973,1491"/>
                <TextEquiv>
                    <Unicode>das Todesurteil aus.</Unicode>
                </TextEquiv>
            </TextLine>
            <TextLine id="r1l70" custom="readingOrder {index:69;}">
                <Coords points="1819,1524 3004,1514 3027,1467 1819,1490"/>
                <Baseline points="1827,1514 1886,1514 1946,1514 2005,1513 2065,1513 2125,1513 2184,1513 2244,1512 2304,1512 2363,1511 2423,1510 2483,1510 2542,1509 2602,1508 2662,1507 2721,1506 2781,1505 2841,1504 2900,1503 2960,1502 3020,1500"/>
                <TextEquiv>
                    <Unicode>Alt derartig zusammenzuziehen, daß die Hauptszene des dritten</Unicode>
                </TextEquiv>
            </TextLine>
            <TextLine id="r1l71" custom="readingOrder {index:70;}">
                <Coords points="640,1543 1797,1540 1796,1495 1556,1484 639,1517"/>
                <Baseline points="647,1545 704,1547 761,1549 818,1550 875,1550 932,1550 989,1550 1046,1549 1103,1548 1160,1547 1218,1546 1275,1544 1332,1542 1389,1541 1446,1540 1503,1538 1560,1537 1617,1536 1674,1535 1731,1534 1789,1534"/>
                <TextEquiv>
                    <Unicode>Sie werden beide einsam sterben — weil sie ihr Leben nur auf</Unicode>
                </TextEquiv>
            </TextLine>
            <TextLine id="r1l72" custom="readingOrder {index:71;}">
                <Coords points="1827,1565 2664,1578 2955,1543 3032,1573 3031,1510 2951,1505 1827,1526"/>
                <Baseline points="1835,1557 1894,1557 1953,1558 2013,1558 2072,1558 2132,1558 2191,1558 2251,1557 2310,1557 2370,1556 2429,1555 2488,1554 2548,1553 2607,1552 2667,1551 2726,1550 2786,1549 2845,1547 2905,1546 2964,1546 3024,1545"/>
                <TextEquiv>
                    <Unicode>Aufzuges, in der Julian dem Sohne seine Vaterschaft gesteht, in den</Unicode>
                </TextEquiv>
            </TextLine>
            <TextLine id="r1l73" custom="readingOrder {index:72;}">
                <Coords points="578,1593 1434,1605 1767,1591 1767,1547 577,1559"/>
                <Baseline points="585,1592 643,1592 702,1591 761,1591 819,1591 878,1590 937,1590 995,1590 1054,1589 1113,1589 1172,1588 1230,1588 1289,1587 1348,1586 1406,1585 1465,1584 1524,1582 1582,1581 1641,1579 1700,1577 1759,1574"/>
                <TextEquiv>
                    <Unicode>sich — nur auf die Erfüllung ihrer selbstischen Triebe gestellt haben.</Unicode>
                </TextEquiv>
            </TextLine>
            <TextLine id="r1l74" custom="readingOrder {index:73;}">
                <Coords points="1833,1617 2028,1613 2053,1596 2347,1620 2469,1583 2444,1561 1833,1565"/>
                <Baseline points="1841,1597 1872,1598 1903,1598 1934,1598 1965,1599 1996,1599 2027,1599 2058,1600 2089,1600 2120,1600 2151,1600 2182,1600 2213,1600 2244,1600 2275,1600 2306,1600 2337,1600 2368,1599 2399,1599 2430,1598 2461,1598"/>
                <TextEquiv>
                    <Unicode>zweiten Akt hinübergerettet wird.</Unicode>
                </TextEquiv>
            </TextLine>
            <TextLine id="r1l75" custom="readingOrder {index:74;}">
                <Coords points="623,1640 1742,1641 1786,1634 1786,1588 623,1614"/>
                <Baseline points="631,1637 688,1639 745,1640 803,1641 860,1642 918,1642 975,1642 1032,1642 1090,1642 1147,1642 1205,1641 1262,1640 1319,1639 1377,1637 1434,1636 1492,1634 1549,1631 1606,1629 1664,1626 1721,1624 1779,1620"/>
                <TextEquiv>
                    <Unicode>Aber während der alternde Herr Stefan von Sala. Offizier und</Unicode>
                </TextEquiv>
            </TextLine>
            <TextLine id="r1l76" custom="readingOrder {index:75;}">
                <Coords points="1874,1641 2947,1660 3031,1642 3031,1592 1874,1620"/>
                <Baseline points="1882,1648 1939,1648 1996,1649 2053,1649 2110,1649 2167,1649 2224,1649 2281,1649 2338,1649 2395,1648 2453,1648 2510,1647 2567,1646 2624,1646 2681,1645 2738,1643 2795,1642 2852,1641 2909,1639 2966,1638 3024,1636"/>
                <TextEquiv>
                    <Unicode>Verzichtet hat er leider darauf, die peinlichen Anklänge an Ibsen</Unicode>
                </TextEquiv>
            </TextLine>
            <TextLine id="r1l77" custom="readingOrder {index:76;}">
                <Coords points="584,1689 1715,1683 1788,1673 1788,1634 583,1647"/>
                <Baseline points="592,1684 651,1683 710,1683 770,1683 829,1683 889,1683 948,1683 1008,1683 1067,1683 1127,1683 1186,1682 1245,1682 1305,1681 1364,1680 1424,1678 1483,1676 1543,1674 1602,1672 1662,1669 1721,1665 1781,1661"/>
                <TextEquiv>
                    <Unicode>Dichter, Forscher und Ironiker, vom Tode gezeichnet, nach ein blut¬</Unicode>
                </TextEquiv>
            </TextLine>
            <TextLine id="r1l78" custom="readingOrder {index:77;}">
                <Coords points="1826,1705 2886,1698 3038,1648 1825,1664"/>
                <Baseline points="1833,1696 1892,1696 1952,1696 2012,1695 2072,1695 2132,1694 2192,1694 2251,1693 2311,1692 2371,1691 2431,1690 2491,1689 2551,1688 2611,1687 2670,1686 2730,1684 2790,1683 2850,1681 2910,1680 2970,1678 3030,1676"/>
                <TextEquiv>
                    <Unicode>zu entfernen und die geschwätzigen Bekenntnisse seiner Menschen ein¬</Unicode>
                </TextEquiv>
            </TextLine>
            <TextLine id="r1l79" custom="readingOrder {index:78;}">
                <Coords points="572,1735 1643,1731 1790,1688 571,1695"/>
                <Baseline points="579,1729 639,1729 699,1728 759,1728 819,1727 879,1727 939,1726 1000,1726 1060,1725 1120,1724 1180,1723 1240,1722 1300,1721 1360,1720 1421,1718 1481,1716 1541,1714 1601,1713 1661,1711 1721,1709 1782,1706"/>
                <TextEquiv>
                    <Unicode>junges Ding brünstig umarmt und tiefer Einsamkeit sich dennoch be¬</Unicode>
                </TextEquiv>
            </TextLine>
            <TextLine id="r1l80" custom="readingOrder {index:79;}">
                <Coords points="1830,1749 2984,1744 3028,1734 3028,1687 1829,1709"/>
                <Baseline points="1837,1742 1896,1740 1955,1738 2014,1737 2073,1736 2132,1735 2191,1735 2251,1735 2310,1734 2369,1734 2428,1733 2487,1733 2546,1733 2605,1732 2665,1731 2724,1730 2783,1729 2842,1727 2901,1726 2960,1723 3020,1720"/>
                <TextEquiv>
                    <Unicode>zudeimmen, deren Romantik und Sentimentalität auf die Dauer un¬</Unicode>
                </TextEquiv>
            </TextLine>
            <TextLine id="r1l81" custom="readingOrder {index:80;}">
                <Coords points="586,1769 1800,1745 1779,1705 586,1739"/>
                <Baseline points="593,1769 653,1769 713,1769 773,1769 833,1768 893,1768 953,1767 1013,1766 1073,1766 1133,1765 1193,1764 1253,1763 1313,1761 1373,1760 1433,1759 1493,1758 1553,1756 1613,1755 1673,1753 1733,1752 1793,1750"/>
                <TextEquiv>
                    <Unicode>wußt bleibt — ja als Naturnotwendigkeit sie hinnimmt — wird der</Unicode>
                </TextEquiv>
            </TextLine>
            <TextLine id="r1l82" custom="readingOrder {index:81;}">
                <Coords points="1829,1790 1866,1799 1920,1786 1941,1807 1986,1790 2031,1798 2050,1786 2088,1802 2115,1788 2134,1794 2133,1751 2081,1742 2018,1751 1958,1745 1921,1760 1885,1743 1829,1764"/>
                <Baseline points="1837,1781 1863,1781 1889,1781 1915,1780 1941,1780 1967,1780 1994,1780 2020,1780 2046,1779 2072,1779 2098,1778 2125,1777"/>
                <TextEquiv>
                    <Unicode>ertt glich wird.</Unicode>
                </TextEquiv>
            </TextLine>
            <TextLine id="r1l83" custom="readingOrder {index:82;}">
                <Coords points="582,1811 1797,1800 1751,1756 582,1780"/>
                <Baseline points="590,1810 653,1810 716,1810 779,1809 842,1809 905,1808 968,1808 1031,1807 1094,1806 1157,1805 1221,1805 1284,1803 1347,1802 1410,1801 1473,1799 1536,1798 1599,1796 1662,1794 1725,1792 1789,1789"/>
                <TextEquiv>
                    <Unicode>andere Charmeur des Stückes, der verkrachte Maler Fichtner, weh¬</Unicode>
                </TextEquiv>
            </TextLine>
            <TextLine id="r1l84" custom="readingOrder {index:83;}">
                <Coords points="1889,1836 2986,1824 3046,1812 3045,1758 1888,1791"/>
                <Baseline points="1897,1820 1954,1823 2011,1825 2068,1827 2125,1828 2182,1828 2239,1828 2296,1827 2353,1826 2410,1824 2467,1823 2524,1821 2581,1819 2638,1817 2695,1816 2752,1814 2809,1813 2866,1812 2923,1811 2980,1811 3038,1811"/>
                <TextEquiv>
                    <Unicode>Er findet nicht den einfachen und selbstverständlichen Ausdruck</Unicode>
                </TextEquiv>
            </TextLine>
            <TextLine id="r1l85" custom="readingOrder {index:84;}">
                <Coords points="571,1854 1793,1844 1792,1801 1694,1795 570,1816"/>
                <Baseline points="579,1850 639,1850 699,1850 759,1850 820,1850 880,1850 940,1850 1001,1849 1061,1849 1121,1848 1182,1847 1242,1846 1302,1845 1362,1844 1423,1842 1483,1841 1543,1840 1604,1838 1664,1837 1724,1835 1785,1833"/>
                <TextEquiv>
                    <Unicode>leidig und empfindsam. Möchte am Schluß eines Lebenskomödie, in</Unicode>
                </TextEquiv>
            </TextLine>
            <TextLine id="r1l86" custom="readingOrder {index:85;}">
                <Coords points="1842,1882 2907,1889 3048,1851 3004,1816 1841,1822"/>
                <Baseline points="1849,1868 1908,1867 1968,1866 2027,1866 2087,1866 2146,1865 2206,1865 2265,1865 2325,1865 2384,1864 2444,1864 2504,1863 2563,1862 2623,1861 2682,1860 2742,1858 2801,1856 2861,1854 2920,1852 2980,1849 3040,1845"/>
                <TextEquiv>
                    <Unicode>für das seelische Erlebnis — seine Figuren gehen auf Stelzen und¬</Unicode>
                </TextEquiv>
            </TextLine>
            <TextLine id="r1l87" custom="readingOrder {index:86;}">
                <Coords points="579,1906 1682,1896 1791,1887 1791,1845 578,1866"/>
                <Baseline points="587,1889 646,1890 706,1891 766,1892 826,1892 886,1892 945,1892 1005,1891 1065,1891 1125,1890 1185,1888 1244,1887 1304,1886 1364,1885 1424,1883 1484,1882 1543,1881 1603,1880 1663,1878 1723,1877 1783,1876"/>
                <TextEquiv>
                    <Unicode>der er moussierendes Genie verspritzt, Ruhm und Geld i alle Winde</Unicode>
                </TextEquiv>
            </TextLine>
            <TextLine id="r1l88" custom="readingOrder {index:87;}">
                <Coords points="1842,1917 2608,1914 2662,1910 2662,1870 1842,1882"/>
                <Baseline points="1849,1909 1889,1908 1929,1907 1969,1907 2010,1907 2050,1907 2090,1908 2131,1908 2171,1909 2211,1909 2252,1910 2292,1910 2332,1911 2372,1911 2413,1911 2453,1910 2493,1909 2534,1909 2574,1907 2614,1905 2655,1901"/>
                <TextEquiv>
                    <Unicode>reden in Aphorismen und Gedankensplittern.</Unicode>
                </TextEquiv>
            </TextLine>
            <TextLine id="r1l89" custom="readingOrder {index:88;}">
                <Coords points="584,1930 1692,1939 1790,1887 583,1901"/>
                <Baseline points="591,1933 650,1934 710,1934 769,1934 829,1934 888,1934 948,1934 1007,1933 1067,1933 1126,1932 1186,1931 1246,1930 1305,1929 1365,1928 1424,1927 1484,1925 1543,1924 1603,1922 1662,1920 1722,1918 1782,1916"/>
                <TextEquiv>
                    <Unicode>verstreut, Frauen genommen und weggeworfen hat, in wärmen¬</Unicode>
                </TextEquiv>
            </TextLine>
            <TextLine id="r1l90" custom="readingOrder {index:89;}">
                <Coords points="1880,1957 2658,1954 2704,1933 2704,1896 1880,1921"/>
                <Baseline points="1888,1952 1928,1950 1968,1950 2009,1949 2049,1949 2090,1950 2130,1951 2171,1952 2211,1953 2252,1954 2292,1956 2332,1956 2373,1957 2413,1957 2454,1956 2494,1955 2535,1953 2575,1951 2616,1947 2656,1943 2697,1937"/>
                <TextEquiv>
                    <Unicode>Letzten Endes bleitt ein übler Nachgeschmack.</Unicode>
                </TextEquiv>
            </TextLine>
            <TextLine id="r1l91" custom="readingOrder {index:90;}">
                <Coords points="580,1990 1805,1965 1787,1925 579,1945"/>
                <Baseline points="587,1976 647,1977 708,1977 768,1978 829,1978 889,1978 950,1977 1010,1977 1071,1976 1131,1975 1192,1974 1252,1973 1313,1972 1373,1971 1434,1969 1494,1967 1555,1966 1615,1964 1676,1963 1736,1961 1797,1959"/>
                <TextEquiv>
                    <Unicode>des Feuerchen finden Seiner Sehnsucht Ziel: Den Sohn, #en er in</Unicode>
                </TextEquiv>
            </TextLine>
            <TextLine id="r1l92" custom="readingOrder {index:91;}">
                <Coords points="1893,2005 2971,1991 3043,1939 1892,1965"/>
                <Baseline points="1901,1989 1957,1992 2014,1994 2071,1995 2128,1996 2184,1996 2241,1996 2298,1995 2355,1994 2411,1992 2468,1991 2525,1989 2582,1987 2638,1985 2695,1983 2752,1981 2809,1980 2865,1977 2922,1976 2979,1976 3036,1975"/>
                <TextEquiv>
                    <Unicode>Den Darstellern ist nachzurühmen, daß sie alles taten, diesen</Unicode>
                </TextEquiv>
            </TextLine>
            <TextLine id="r1l93" custom="readingOrder {index:92;}">
                <Coords points="593,2037 1110,2010 1361,2037 1561,2017 1574,1988 592,1992"/>
                <Baseline points="601,2018 649,2018 697,2019 745,2019 794,2019 842,2019 890,2020 939,2020 987,2019 1035,2019 1084,2019 1132,2018 1180,2018 1228,2017 1277,2015 1325,2014 1373,2012 1422,2010 1470,2008 1518,2005 1567,2002"/>
                <TextEquiv>
                    <Unicode>fremdes Nest gelegt, an das liebende Herz zu ziehen.</Unicode>
                </TextEquiv>
            </TextLine>
            <TextLine id="r1l94" custom="readingOrder {index:93;}">
                <Coords points="1828,2050 2690,2026 2750,2058 3047,2015 2921,1974 2271,2019 1827,1994"/>
                <Baseline points="1835,2036 1895,2038 1955,2039 2015,2039 2075,2039 2136,2039 2196,2038 2256,2037 2316,2036 2376,2035 2437,2033 2497,2031 2557,2029 2617,2028 2677,2025 2738,2023 2798,2022 2858,2020 2918,2018 2978,2017 3039,2015"/>
                <TextEquiv>
                    <Unicode>Wortprunk zu dämpfen, und an die Stell. redseligen, nicht immer</Unicode>
                </TextEquiv>
            </TextLine>
            <TextLine id="r1l95" custom="readingOrder {index:94;}">
                <Coords points="634,2078 1546,2079 1649,2068 1686,2020 633,2031"/>
                <Baseline points="641,2070 692,2070 744,2069 796,2069 848,2069 900,2069 952,2068 1004,2068 1056,2068 1108,2068 1160,2067 1211,2066 1263,2066 1315,2065 1367,2064 1419,2063 1471,2062 1523,2060 1575,2058 1627,2056 1679,2054"/>
                <TextEquiv>
                    <Unicode>Indessen, so glatt geht bei beiden die Rechnung nicht auf.</Unicode>
                </TextEquiv>
            </TextLine>
            <TextLine id="r1l96" custom="readingOrder {index:95;}">
                <Coords points="1836,2101 2739,2082 2753,2048 1836,2052"/>
                <Baseline points="1843,2079 1888,2079 1933,2079 1978,2079 2023,2079 2068,2079 2113,2079 2158,2079 2203,2078 2248,2078 2294,2077 2339,2077 2384,2076 2429,2075 2474,2074 2519,2073 2564,2071 2609,2071 2654,2069 2699,2067 2745,2066"/>
                <TextEquiv>
                    <Unicode>echten Gefühls Bescheidenheit der Natur zu setzen.</Unicode>
                </TextEquiv>
            </TextLine>
            <TextLine id="r1l97" custom="readingOrder {index:96;}">
                <Coords points="650,2121 1644,2122 1802,2109 1801,2058 649,2084"/>
                <Baseline points="657,2112 713,2112 770,2113 827,2113 884,2113 941,2112 998,2112 1055,2112 1112,2111 1169,2111 1226,2110 1282,2109 1339,2108 1396,2107 1453,2106 1510,2105 1567,2103 1624,2102 1681,2101 1738,2099 1795,2098"/>
                <TextEquiv>
                    <Unicode>Herr Stephan v. Sala macht sich durch korrekten Schuß aus</Unicode>
                </TextEquiv>
            </TextLine>
            <TextLine id="r1l98" custom="readingOrder {index:97;}">
                <Coords points="1880,2126 2983,2122 3046,2114 3045,2067 1879,2097"/>
                <Baseline points="1887,2122 1944,2122 2002,2121 2059,2120 2117,2120 2175,2119 2232,2118 2290,2118 2347,2117 2405,2116 2463,2115 2520,2114 2578,2113 2635,2112 2693,2110 2751,2109 2808,2108 2866,2106 2923,2105 2981,2103 3039,2101"/>
                <TextEquiv>
                    <Unicode>Es war erschütternd, wie Bassermann, der nobelst# nter</Unicode>
                </TextEquiv>
            </TextLine>
            <TextLine id="r1l99" custom="readingOrder {index:98;}">
                <Coords points="577,2173 1805,2155 1804,2117 1707,2101 576,2122"/>
                <Baseline points="585,2157 645,2158 706,2158 766,2157 827,2157 888,2157 948,2156 1009,2155 1069,2155 1130,2154 1191,2153 1251,2152 1312,2151 1372,2150 1433,2149 1494,2147 1554,2147 1615,2146 1675,2145 1736,2144 1797,2143"/>
                <TextEquiv>
                    <Unicode>dem Staube, nachdem die kleine Freundin in seinem grünen Teich</Unicode>
                </TextEquiv>
            </TextLine>
            <TextLine id="r1l100" custom="readingOrder {index:99;}">
                <Coords points="1830,2183 3057,2158 3056,2101 1829,2130"/>
                <Baseline points="1837,2164 1897,2164 1958,2164 2018,2163 2079,2163 2140,2162 2200,2162 2261,2161 2322,2160 2382,2159 2443,2159 2504,2158 2564,2157 2625,2155 2686,2154 2746,2153 2807,2151 2868,2150 2928,2148 2989,2146 3050,2144"/>
                <TextEquiv>
                    <Unicode>allen seinen Kollegen, in dem konstruierten letzten Akt mit einer Ver¬</Unicode>
                </TextEquiv>
            </TextLine>
            <TextLine id="r1l101" custom="readingOrder {index:100;}">
                <Coords points="1846,2220 3040,2208 3046,2141 1845,2180"/>
                <Baseline points="1853,2207 1912,2207 1971,2207 2030,2207 2090,2206 2149,2206 2208,2205 2268,2205 2327,2204 2386,2203 2446,2202 2505,2202 2564,2200 2623,2199 2683,2198 2742,2197 2801,2196 2861,2194 2920,2192 2979,2190 3039,2189"/>
                <TextEquiv>
                    <Unicode>haltenheit ohnegleichen seinen Todesentschluß zum Ausdruck bringt.</Unicode>
                </TextEquiv>
            </TextLine>
            <TextLine id="r1l102" custom="readingOrder {index:101;}">
                <Coords points="590,2211 601,2208 637,2227 656,2212 676,2207 755,2217 754,2177 741,2179 727,2167 715,2175 704,2166 687,2165 661,2177 621,2168 589,2176"/>
                <Baseline points="598,2204 627,2202 657,2201 687,2199 717,2199 747,2201"/>
                <TextEquiv>
                    <Unicode>geendet.</Unicode>
                </TextEquiv>
            </TextLine>
            <TextLine id="r1l103" custom="readingOrder {index:102;}">
                <Coords points="642,2252 1775,2256 1798,2197 641,2214"/>
                <Baseline points="649,2245 706,2246 763,2247 820,2247 877,2246 934,2246 991,2245 1048,2244 1105,2243 1162,2242 1220,2240 1277,2239 1334,2237 1391,2236 1448,2235 1505,2233 1562,2232 1619,2231 1676,2230 1733,2229 1791,2229"/>
                <TextEquiv>
                    <Unicode>Der Dichter flüstert: Tröste dich, mein Zuschauer, herzkrank war</Unicode>
                </TextEquiv>
            </TextLine>
            <TextLine id="r1l104" custom="readingOrder {index:103;}">
                <Coords points="1884,2268 3036,2245 3023,2194 1883,2215"/>
                <Baseline points="1891,2259 1947,2260 2004,2260 2061,2260 2118,2260 2175,2260 2232,2259 2289,2259 2346,2258 2403,2257 2460,2256 2516,2255 2573,2253 2630,2252 2687,2250 2744,2249 2801,2247 2858,2245 2915,2243 2972,2242 3029,2240"/>
                <TextEquiv>
                    <Unicode>Und wenn die Höflich in ihrer großen Szene, die beinanhe wie</Unicode>
                </TextEquiv>
            </TextLine>
            <TextLine id="r1l105" custom="readingOrder {index:104;}">
                <Coords points="588,2300 1332,2289 1316,2243 588,2259"/>
                <Baseline points="596,2288 632,2289 668,2289 705,2290 741,2290 778,2290 814,2291 850,2290 887,2290 923,2290 960,2289 996,2289 1032,2288 1069,2287 1105,2286 1142,2286 1178,2285 1214,2284 1251,2283 1287,2282 1324,2282"/>
                <TextEquiv>
                    <Unicode>er, und hätte ohnehin bald fort müssen.</Unicode>
                </TextEquiv>
            </TextLine>
            <TextLine id="r1l106" custom="readingOrder {index:105;}">
                <Coords points="1834,2297 3005,2301 3046,2246 1833,2278"/>
                <Baseline points="1842,2304 1901,2304 1961,2304 2021,2304 2081,2304 2141,2303 2200,2302 2260,2301 2320,2301 2380,2299 2440,2298 2499,2297 2559,2296 2619,2294 2679,2293 2739,2292 2798,2291 2858,2290 2918,2288 2978,2288 3038,2287"/>
                <TextEquiv>
                    <Unicode>eine Parodie auf Ella Rentheim wirkt, aufsteigende Tränen herzhaft</Unicode>
                </TextEquiv>
            </TextLine>
            <TextLine id="r1l107" custom="readingOrder {index:106;}">
                <Coords points="652,2341 1557,2343 1787,2331 1799,2283 651,2299"/>
                <Baseline points="659,2332 715,2333 772,2334 828,2335 885,2335 942,2335 998,2334 1055,2334 1111,2333 1168,2332 1225,2331 1281,2329 1338,2328 1394,2326 1451,2324 1508,2322 1564,2321 1621,2319 1677,2317 1734,2315 1791,2313"/>
                <TextEquiv>
                    <Unicode>Herr Julian Fichtner, des Stückes zweiter Held, steht mit ein¬</Unicode>
                </TextEquiv>
            </TextLine>
            <TextLine id="r1l108" custom="readingOrder {index:107;}">
                <Coords points="1830,2350 2718,2352 3020,2336 3054,2298 1829,2323"/>
                <Baseline points="1837,2349 1897,2348 1958,2347 2018,2346 2079,2345 2139,2344 2200,2343 2260,2342 2321,2341 2381,2340 2442,2339 2502,2338 2563,2337 2623,2336 2684,2335 2744,2334 2805,2332 2865,2331 2926,2330 2986,2329 3047,2327"/>
                <TextEquiv>
                    <Unicode>hinuterschluckt, so vergißt der bewegte Zuschauer für Momente das</Unicode>
                </TextEquiv>
            </TextLine>
            <TextLine id="r1l109" custom="readingOrder {index:108;}">
                <Coords points="591,2381 1805,2374 1804,2323 1753,2319 591,2349"/>
                <Baseline points="599,2379 658,2380 718,2380 778,2380 838,2380 898,2379 958,2378 1018,2377 1078,2376 1138,2375 1198,2374 1257,2372 1317,2370 1377,2369 1437,2367 1497,2366 1557,2364 1617,2362 1677,2361 1737,2360 1797,2358"/>
                <TextEquiv>
                    <Unicode>geknickten Beinen sehr besch-eiden da, denn der Sohn, mein</Unicode>
                </TextEquiv>
            </TextLine>
            <TextLine id="r1l110" custom="readingOrder {index:109;}">
                <Coords points="1837,2412 1863,2410 1874,2401 1895,2408 1908,2400 1934,2403 1951,2397 1974,2402 1988,2413 2006,2413 2005,2356 1953,2360 1944,2352 1925,2365 1906,2366 1885,2351 1873,2361 1836,2351"/>
                <Baseline points="1844,2395 1869,2393 1895,2391 1921,2389 1946,2389 1972,2390 1998,2395"/>
                <TextEquiv>
                    <Unicode>Theater.</Unicode>
                </TextEquiv>
            </TextLine>
            <TextLine id="r1l111" custom="readingOrder {index:110;}">
                <Coords points="598,2430 1678,2428 1787,2416 1805,2374 597,2385"/>
                <Baseline points="605,2417 664,2418 724,2418 783,2418 843,2418 903,2418 962,2418 1022,2417 1081,2417 1141,2416 1201,2416 1260,2415 1320,2414 1379,2413 1439,2412 1499,2410 1558,2409 1618,2407 1677,2406 1737,2404 1797,2401"/>
                <TextEquiv>
                    <Unicode>Namensvetter Felix, ist für verspätete Vaterliebe nicht zu haben.</Unicode>
                </TextEquiv>
            </TextLine>
            <TextLine id="r1l112" custom="readingOrder {index:111;}">
                <Coords points="1898,2445 3032,2447 3073,2438 3072,2378 1897,2404"/>
                <Baseline points="1905,2433 1963,2435 2021,2435 2079,2435 2137,2435 2195,2434 2253,2433 2311,2432 2369,2430 2427,2428 2485,2426 2543,2425 2601,2423 2659,2421 2717,2420 2775,2418 2833,2417 2891,2416 2949,2416 3007,2416 3066,2416"/>
                <TextEquiv>
                    <Unicode>Hier stehen zwei zauberhafte Menschen, die noch das Künstliche #</Unicode>
                </TextEquiv>
            </TextLine>
            <TextLine id="r1l113" custom="readingOrder {index:112;}">
                <Coords points="644,2477 1155,2466 1201,2498 1441,2462 1497,2496 1801,2466 1800,2418 643,2434"/>
                <Baseline points="651,2473 708,2473 765,2473 822,2472 879,2472 936,2472 993,2472 1050,2471 1107,2471 1164,2470 1222,2469 1279,2468 1336,2467 1393,2466 1450,2465 1507,2463 1564,2462 1621,2461 1678,2459 1735,2457 1793,2455"/>
                <TextEquiv>
                    <Unicode>Auch den anderen Figuren auf Schnitzlers Schachbrett geht es,</Unicode>
                </TextEquiv>
            </TextLine>
            <TextLine id="r1l114" custom="readingOrder {index:113;}">
                <Coords points="1838,2503 1923,2481 2552,2481 2616,2470 2615,2424 1837,2459"/>
                <Baseline points="1845,2483 1883,2482 1921,2481 1959,2480 1997,2480 2036,2479 2074,2478 2112,2478 2150,2477 2188,2476 2227,2476 2265,2475 2303,2475 2341,2474 2379,2473 2418,2472 2456,2471 2494,2470 2532,2468 2570,2467 2609,2465"/>
                <TextEquiv>
                    <Unicode>zu Kunst und Natur umzubiegen vermögen.</Unicode>
                </TextEquiv>
            </TextLine>
            <TextLine id="r1l115" custom="readingOrder {index:114;}">
                <Coords points="1885,2518 3007,2515 3071,2475 2911,2445 1884,2494"/>
                <Baseline points="1893,2519 1951,2521 2010,2522 2068,2523 2127,2523 2185,2523 2244,2522 2302,2521 2361,2519 2419,2517 2478,2515 2537,2513 2595,2511 2654,2509 2712,2507 2771,2505 2829,2503 2888,2502 2946,2501 3005,2500 3064,2500"/>
                <TextEquiv>
                    <Unicode>Aber auch Herr v. Winterstein, sehr leise und dabei sehr“</Unicode>
                </TextEquiv>
            </TextLine>
            <TextLine id="r1l116" custom="readingOrder {index:115;}">
                <Coords points="594,2527 965,2525 997,2520 997,2486 763,2475 743,2490 715,2478 677,2489 649,2478 594,2499"/>
                <Baseline points="601,2515 626,2516 652,2516 678,2516 704,2516 730,2516 756,2516 782,2516 807,2515 833,2515 859,2514 885,2513 911,2513 937,2512 963,2512 989,2511"/>
                <TextEquiv>
                    <Unicode>mit Verlaub, dreckig.</Unicode>
                </TextEquiv>
            </TextLine>
            <TextLine id="r1l117" custom="readingOrder {index:116;}">
                <Coords points="644,2559 1800,2556 1799,2513 1744,2497 643,2530"/>
                <Baseline points="651,2560 708,2560 765,2561 822,2561 879,2561 936,2560 993,2560 1050,2559 1107,2559 1164,2558 1221,2557 1278,2556 1335,2554 1392,2553 1449,2551 1506,2549 1563,2547 1620,2545 1677,2542 1734,2540 1791,2537"/>
                <TextEquiv>
                    <Unicode>Das junge Mädchen, das jedesmal fröstelt, wenn Tod und Krank¬</Unicode>
                </TextEquiv>
            </TextLine>
            <TextLine id="r1l118" custom="readingOrder {index:117;}">
                <Coords points="1836,2574 3068,2545 3053,2487 2394,2534 1835,2508"/>
                <Baseline points="1843,2564 1903,2565 1964,2566 2025,2566 2086,2565 2147,2565 2208,2564 2268,2563 2329,2561 2390,2560 2451,2558 2512,2557 2573,2555 2634,2553 2694,2552 2755,2550 2816,2549 2877,2548 2938,2547 2999,2546 3060,2546"/>
                <TextEquiv>
                    <Unicode>eindringlich — Herr Stahl=Nachbaur auffallend gut in Ton##</Unicode>
                </TextEquiv>
            </TextLine>
            <TextLine id="r1l119" custom="readingOrder {index:118;}">
                <Coords points="594,2603 1807,2605 1806,2555 1755,2546 593,2572"/>
                <Baseline points="602,2607 661,2606 721,2605 781,2604 841,2603 901,2602 960,2601 1020,2600 1080,2599 1140,2598 1200,2597 1259,2597 1319,2596 1379,2594 1439,2593 1499,2592 1558,2591 1618,2590 1678,2589 1738,2587 1798,2585"/>
                <TextEquiv>
                    <Unicode>heit nahen, läuft, wie schon angedeutet, in den naßen Teich. Die</Unicode>
                </TextEquiv>
            </TextLine>
            <TextLine id="r1l120" custom="readingOrder {index:119;}">
                <Coords points="1835,2621 3082,2616 3065,2536 1834,2572"/>
                <Baseline points="1843,2608 1904,2608 1966,2607 2027,2606 2089,2606 2150,2605 2212,2604 2273,2603 2335,2601 2396,2600 2458,2599 2519,2598 2581,2597 2642,2595 2704,2594 2765,2593 2827,2591 2888,2590 2950,2588 3011,2587 3073,2586"/>
                <TextEquiv>
                    <Unicode>und Haltung — Biensfeld, diskret in der undankbarsten Rolle#</Unicode>
                </TextEquiv>
            </TextLine>
            <TextLine id="r1l121" custom="readingOrder {index:120;}">
                <Coords points="598,2656 1811,2650 1810,2587 597,2619"/>
                <Baseline points="606,2652 665,2650 725,2649 785,2648 845,2647 905,2646 965,2646 1024,2645 1084,2644 1144,2644 1204,2643 1264,2642 1324,2641 1384,2640 1443,2638 1503,2637 1563,2635 1623,2633 1683,2631 1743,2628 1803,2624"/>
                <TextEquiv>
                    <Unicode>Mama, die an allem schuld ist — warum hat sie sich auch mit diesem</Unicode>
                </TextEquiv>
            </TextLine>
            <TextLine id="r1l122" custom="readingOrder {index:121;}">
                <Coords points="1839,2659 1896,2678 1922,2654 2110,2643 2418,2662 2621,2634 2620,2601 2497,2599 1839,2622"/>
                <Baseline points="1847,2651 1885,2650 1923,2650 1961,2649 2000,2648 2038,2648 2076,2648 2115,2648 2153,2647 2191,2647 2230,2647 2268,2647 2306,2646 2344,2646 2383,2645 2421,2644 2459,2643 2498,2641 2536,2639 2574,2637 2613,2634"/>
                <TextEquiv>
                    <Unicode>des Stückes — waren ebenbürtige Partner.</Unicode>
                </TextEquiv>
            </TextLine>
            <TextLine id="r1l123" custom="readingOrder {index:122;}">
                <Coords points="601,2703 1821,2690 1820,2640 600,2663"/>
                <Baseline points="608,2693 668,2692 728,2690 788,2690 849,2689 909,2688 969,2687 1029,2686 1090,2686 1150,2685 1210,2684 1270,2683 1331,2682 1391,2681 1451,2680 1511,2678 1572,2676 1632,2674 1692,2672 1752,2670 1813,2667"/>
                <TextEquiv>
                    <Unicode>Windhund Fichtner eingelassen —, verblüht in freudloser Ehe. Irene</Unicode>
                </TextEquiv>
            </TextLine>
            <TextLine id="r1l124" custom="readingOrder {index:123;}">
                <Coords points="1896,2700 2987,2688 3067,2673 3066,2611 2996,2645 1896,2667"/>
                <Baseline points="1903,2694 1960,2693 2018,2693 2076,2692 2134,2691 2192,2690 2249,2690 2307,2689 2365,2688 2423,2687 2481,2686 2538,2685 2596,2684 2654,2682 2712,2681 2770,2680 2827,2679 2885,2678 2943,2676 3001,2675 3059,2674"/>
                <TextEquiv>
                    <Unicode>Frau Pauly hatte den ergreifenden Ausdruck einer Sterbendent</Unicode>
                </TextEquiv>
            </TextLine>
            <TextLine id="r1l125" custom="readingOrder {index:124;}">
                <Coords points="602,2742 1802,2737 1817,2683 601,2704"/>
                <Baseline points="609,2736 669,2735 729,2734 789,2732 849,2731 909,2730 969,2729 1029,2728 1089,2727 1149,2726 1209,2725 1269,2724 1329,2723 1389,2722 1449,2721 1509,2720 1569,2718 1629,2717 1689,2716 1749,2714 1809,2712"/>
                <TextEquiv>
                    <Unicode>Herms, Schauspielerin a. D., ebenfalls von diesem Herrn Fichtner,</Unicode>
                </TextEquiv>
            </TextLine>
            <TextLine id="r1l126" custom="readingOrder {index:125;}">
                <Coords points="1842,2745 3066,2713 3047,2672 1841,2694"/>
                <Baseline points="1849,2737 1909,2738 1969,2738 2030,2738 2090,2737 2151,2736 2211,2735 2272,2733 2332,2732 2393,2730 2453,2729 2513,2726 2574,2724 2634,2723 2695,2721 2755,2720 2816,2718 2876,2718 2937,2717 2997,2717 3058,2717"/>
                <TextEquiv>
                    <Unicode>und Käthe Haack ist ganz nahe daran, eine Menschendarstellerin¬</Unicode>
                </TextEquiv>
            </TextLine>
            <TextLine id="r1l127" custom="readingOrder {index:126;}">
                <Coords points="660,2778 1692,2773 1809,2767 1809,2733 659,2744"/>
                <Baseline points="668,2777 724,2776 781,2776 837,2775 894,2774 951,2773 1007,2773 1064,2772 1121,2771 1177,2770 1234,2769 1291,2768 1347,2766 1404,2765 1461,2763 1517,2762 1574,2761 1631,2758 1687,2756 1744,2754 1801,2751"/>
                <TextEquiv>
                    <Unicode>der mir überhaupt ein übler Kusin zu sein scheint — nieder¬</Unicode>
                </TextEquiv>
            </TextLine>
            <TextLine id="r1l128" custom="readingOrder {index:127;}">
                <Coords points="629,2771 638,2773 639,2775 641,2774 642,2776 645,2775 652,2779 658,2780 665,2756 660,2755 655,2756 649,2754 646,2748 641,2749 635,2747"/>
                <Baseline points="637,2768 652,2772"/>
                <TextEquiv>
                    <Unicode>—</Unicode>
                </TextEquiv>
            </TextLine>
            <TextLine id="r1l129" custom="readingOrder {index:128;}">
                <Coords points="1848,2792 3045,2772 3078,2699 3027,2733 1847,2750"/>
                <Baseline points="1855,2788 1915,2786 1976,2784 2037,2782 2098,2780 2159,2778 2220,2777 2280,2775 2341,2774 2402,2773 2463,2772 2524,2771 2585,2770 2646,2769 2706,2768 2767,2767 2828,2766 2889,2765 2950,2764 3011,2763 3072,2762"/>
                <TextEquiv>
                    <Unicode>großen Stils zu werden. Noch ist alles, was sie tut und sagt, ein)</Unicode>
                </TextEquiv>
            </TextLine>
            <TextLine id="r1l130" custom="readingOrder {index:129;}">
                <Coords points="599,2830 1807,2811 1806,2768 1750,2757 598,2787"/>
                <Baseline points="606,2823 665,2822 725,2821 784,2820 844,2819 904,2818 963,2817 1023,2815 1083,2814 1142,2813 1202,2811 1262,2810 1321,2808 1381,2807 1441,2805 1500,2803 1560,2801 1620,2800 1679,2798 1739,2796 1799,2793"/>
                <TextEquiv>
                    <Unicode>trächtig behandelt, findet als gute Tante Unterschlupf. Ihre Be¬</Unicode>
                </TextEquiv>
            </TextLine>
            <TextLine id="r1l131" custom="readingOrder {index:130;}">
                <Coords points="1858,2835 2980,2833 3079,2786 3078,2749 1857,2795"/>
                <Baseline points="1866,2826 1926,2825 1986,2824 2046,2823 2107,2822 2167,2821 2227,2820 2288,2819 2348,2817 2408,2816 2469,2815 2529,2813 2589,2812 2649,2810 2710,2808 2770,2807 2830,2806 2891,2804 2951,2803 3011,2801 3072,2800"/>
                <TextEquiv>
                    <Unicode>wenig zu betont, aber die Wahrhaftigkeit und Grundehrlichteit ihres“</Unicode>
                </TextEquiv>
            </TextLine>
            <TextLine id="r1l132" custom="readingOrder {index:131;}">
                <Coords points="597,2874 1801,2860 1819,2807 596,2834"/>
                <Baseline points="604,2868 664,2866 724,2865 785,2863 845,2862 906,2860 966,2859 1026,2857 1087,2856 1147,2854 1208,2853 1268,2852 1328,2850 1389,2849 1449,2848 1510,2847 1570,2845 1630,2844 1691,2843 1751,2841 1812,2840"/>
                <TextEquiv>
                    <Unicode>hauptung, sich sehr wohl dabei zu fühlen, halte ich für glatten</Unicode>
                </TextEquiv>
            </TextLine>
            <TextLine id="r1l133" custom="readingOrder {index:132;}">
                <Coords points="1859,2881 2779,2861 2749,2810 1858,2835"/>
                <Baseline points="1867,2865 1912,2865 1957,2865 2002,2865 2047,2864 2093,2864 2138,2863 2183,2862 2228,2861 2273,2860 2319,2859 2364,2858 2409,2857 2454,2856 2499,2854 2545,2853 2590,2852 2635,2851 2680,2849 2725,2848 2771,2847"/>
                <TextEquiv>
                    <Unicode>Wesens bieten die Gewähr für künftige Entwicklung.</Unicode>
                </TextEquiv>
            </TextLine>
            <TextLine id="r1l134" custom="readingOrder {index:133;}">
                <Coords points="597,2914 1625,2916 1792,2903 1815,2863 596,2887"/>
                <Baseline points="604,2906 664,2906 724,2906 784,2905 844,2904 905,2903 965,2902 1025,2901 1085,2900 1145,2898 1206,2897 1266,2895 1326,2894 1386,2892 1446,2891 1507,2889 1567,2888 1627,2887 1687,2886 1747,2886 1808,2885"/>
                <TextEquiv>
                    <Unicode>Schwindel. Und Felix ist aus dem Gleichgewicht geworfen, da er</Unicode>
                </TextEquiv>
            </TextLine>
            <TextLine id="r1l135" custom="readingOrder {index:134;}">
                <Coords points="1900,2915 3085,2900 3083,2845 2937,2837 1899,2883"/>
                <Baseline points="1907,2912 1965,2910 2023,2909 2082,2908 2140,2907 2199,2906 2257,2904 2316,2903 2374,2901 2433,2900 2491,2898 2549,2897 2608,2896 2666,2895 2725,2894 2783,2893 2842,2892 2900,2891 2959,2890 3017,2890 3076,2890"/>
                <TextEquiv>
                    <Unicode>Ich bin leider nicht in der Lage von Herrn Werner SchottE</Unicode>
                </TextEquiv>
            </TextLine>
            <TextLine id="r1l136" custom="readingOrder {index:135;}">
                <Coords points="605,2960 1371,2943 1370,2904 1278,2895 604,2913"/>
                <Baseline points="613,2948 650,2948 688,2949 725,2948 763,2948 800,2948 838,2947 875,2947 913,2946 950,2945 988,2944 1025,2943 1063,2942 1100,2941 1138,2941 1175,2940 1213,2939 1250,2938 1288,2938 1325,2938 1363,2938"/>
                <TextEquiv>
                    <Unicode>plötzlich seine illegitime Herkunft erfährt.</Unicode>
                </TextEquiv>
            </TextLine>
            <TextLine id="r1l137" custom="readingOrder {index:136;}">
                <Coords points="1849,2963 1900,2977 2084,2954 2137,2969 2287,2944 2397,2963 2447,2934 2447,2911 1848,2925"/>
                <Baseline points="1856,2954 1885,2952 1914,2952 1943,2951 1972,2950 2001,2950 2030,2950 2060,2950 2089,2950 2118,2950 2147,2949 2176,2949 2205,2949 2234,2949 2264,2949 2293,2948 2322,2948 2351,2946 2380,2946 2409,2944 2439,2942"/>
                <TextEquiv>
                    <Unicode>Aehnliches behaupten zu können.</Unicode>
                </TextEquiv>
            </TextLine>
            <TextLine id="r1l138" custom="readingOrder {index:137;}">
                <Coords points="1901,3002 3059,2978 3058,2929 2728,2953 2660,2917 2497,2959 1901,2977"/>
                <Baseline points="1909,2997 1966,2996 2023,2995 2080,2994 2137,2993 2194,2992 2251,2992 2309,2991 2366,2989 2423,2989 2480,2987 2537,2986 2594,2985 2651,2984 2709,2983 2766,2981 2823,2980 2880,2978 2937,2976 2994,2974 3052,2972"/>
                <TextEquiv>
                    <Unicode>Zum Schluß noch eine Anmerkung: Stücke, so breit ausladend wie</Unicode>
                </TextEquiv>
            </TextLine>
            <TextLine id="r1l139" custom="readingOrder {index:138;}">
                <Coords points="657,3003 1754,2993 1812,2986 1811,2932 656,2962"/>
                <Baseline points="665,2998 722,2998 779,2998 836,2998 893,2997 950,2997 1007,2996 1064,2995 1121,2993 1178,2992 1235,2990 1292,2989 1349,2987 1406,2985 1463,2984 1520,2982 1577,2980 1634,2979 1691,2978 1748,2976 1805,2975"/>
                <TextEquiv>
                    <Unicode>Bleiben übrig die im bürgerlichen Sinne anständigen Menschen</Unicode>
                </TextEquiv>
            </TextLine>
            <TextLine id="r1l140" custom="readingOrder {index:139;}">
                <Coords points="1862,3054 3066,3017 3065,2977 1861,3002"/>
                <Baseline points="1870,3040 1929,3039 1988,3039 2048,3038 2107,3037 2167,3036 2226,3035 2286,3034 2345,3033 2405,3032 2464,3030 2523,3029 2583,3028 2642,3026 2702,3024 2761,3022 2821,3020 2880,3019 2940,3017 2999,3015 3059,3012"/>
                <TextEquiv>
                    <Unicode>Schnitzlers „Einsamer Weg“ sind für das Haus der Tribüne total</Unicode>
                </TextEquiv>
            </TextLine>
            <TextLine id="r1l141" custom="readingOrder {index:140;}">
                <Coords points="598,3054 1783,3045 1814,2992 597,3023"/>
                <Baseline points="605,3041 665,3043 725,3044 785,3044 845,3044 905,3043 965,3043 1025,3041 1085,3039 1145,3038 1206,3036 1266,3034 1326,3032 1386,3030 1446,3028 1506,3026 1566,3024 1626,3023 1686,3022 1746,3022 1807,3022"/>
                <TextEquiv>
                    <Unicode>des Stückes: der korrekte, gute Kunstprofessor und der selbstlose,</Unicode>
                </TextEquiv>
            </TextLine>
            <TextLine id="r1l142" custom="readingOrder {index:141;}">
                <Coords points="1843,3104 3058,3066 3011,3022 1842,3059"/>
                <Baseline points="1851,3087 1911,3085 1971,3083 2031,3080 2091,3079 2151,3078 2211,3076 2271,3075 2331,3074 2391,3074 2451,3073 2511,3072 2571,3071 2631,3070 2691,3069 2751,3068 2811,3066 2871,3064 2931,3062 2991,3059 3051,3056"/>
                <TextEquiv>
                    <Unicode>ungeeignet. In den Rahmen einer Bühne, die kaum größer als ein</Unicode>
                </TextEquiv>
            </TextLine>
            <TextLine id="r1l143" custom="readingOrder {index:142;}">
                <Coords points="612,3095 697,3088 765,3101 807,3086 878,3100 929,3084 1035,3082 1047,3062 928,3046 611,3056"/>
                <Baseline points="619,3087 645,3086 671,3086 697,3085 724,3084 750,3084 776,3083 802,3082 829,3082 855,3081 881,3080 907,3080 934,3079 960,3079 986,3078 1012,3078 1039,3078"/>
                <TextEquiv>
                    <Unicode>reinliche Medizinmann.</Unicode>
                </TextEquiv>
            </TextLine>
            <TextLine id="r1l144" custom="readingOrder {index:143;}">
                <Coords points="1858,3131 3000,3136 3062,3067 1857,3101"/>
                <Baseline points="1865,3125 1924,3124 1984,3124 2043,3123 2103,3122 2162,3121 2222,3120 2281,3120 2341,3119 2400,3118 2460,3117 2519,3116 2579,3115 2638,3113 2698,3112 2757,3111 2817,3109 2876,3107 2936,3105 2995,3103 3055,3100"/>
                <TextEquiv>
                    <Unicode>Nudelbrett ist, lassen sich nicht ohne Schädigung des Schauspielers</Unicode>
                </TextEquiv>
            </TextLine>
            <TextLine id="r1l145" custom="readingOrder {index:144;}">
                <Coords points="662,3143 1749,3111 1748,3077 1636,3066 661,3099"/>
                <Baseline points="669,3129 722,3128 776,3127 829,3126 883,3125 937,3124 990,3123 1044,3122 1097,3121 1151,3120 1205,3119 1258,3118 1312,3116 1365,3115 1419,3114 1473,3112 1526,3111 1580,3109 1633,3108 1687,3106 1741,3104"/>
                <TextEquiv>
                    <Unicode>Lieber Leser, die beiden haben nicht viel von ihrem Gutsein.</Unicode>
                </TextEquiv>
            </TextLine>
            <TextLine id="r1l146" custom="readingOrder {index:145;}">
                <Coords points="668,3175 1814,3159 1798,3105 668,3142"/>
                <Baseline points="676,3169 732,3168 789,3168 845,3168 902,3167 958,3167 1015,3166 1071,3165 1128,3164 1184,3163 1241,3161 1298,3160 1354,3159 1411,3158 1467,3157 1524,3155 1580,3154 1637,3152 1693,3151 1750,3150 1807,3149"/>
                <TextEquiv>
                    <Unicode>Der Professor ist ein Nebbich, der sich wie ein Berirrter durch</Unicode>
                </TextEquiv>
            </TextLine>
            <TextLine id="r1l147" custom="readingOrder {index:146;}">
                <Coords points="1844,3181 2709,3184 2726,3121 1843,3138"/>
                <Baseline points="1852,3170 1895,3169 1938,3168 1982,3167 2025,3166 2068,3165 2112,3165 2155,3164 2198,3164 2242,3164 2285,3163 2328,3163 2372,3162 2415,3162 2458,3161 2502,3160 2545,3159 2588,3158 2632,3156 2675,3154 2719,3152"/>
                <TextEquiv>
                    <Unicode>und Publikums Bilder großen Formats spannen.</Unicode>
                </TextEquiv>
            </TextLine>
            <TextLine id="r1l148" custom="readingOrder {index:147;}">
                <Coords points="600,3231 1824,3199 1823,3151 599,3182"/>
                <Baseline points="607,3213 667,3214 728,3214 788,3214 849,3213 909,3213 970,3212 1030,3211 1091,3210 1151,3209 1212,3208 1272,3207 1333,3205 1393,3204 1454,3202 1514,3201 1575,3199 1635,3197 1696,3196 1756,3194 1817,3192"/>
                <TextEquiv>
                    <Unicode>die Wände seines Hauses tastet, ohne zu ahnen, daß er fremde Brut</Unicode>
                </TextEquiv>
            </TextLine>
            <TextLine id="r1l149" custom="readingOrder {index:148;}">
                <Coords points="600,3264 617,3260 634,3273 748,3267 775,3284 802,3260 867,3270 895,3256 949,3256 948,3231 901,3216 772,3217 731,3229 691,3218 676,3231 661,3221 625,3243 599,3242"/>
                <Baseline points="607,3261 632,3261 658,3260 684,3259 709,3258 735,3256 761,3255 786,3254 812,3253 838,3251 863,3251 889,3250 915,3250 941,3250"/>
                <TextEquiv>
                    <Unicode>großgezogen hat.</Unicode>
                </TextEquiv>
            </TextLine>
            <TextLine id="r1l150" custom="readingOrder {index:149;}">
                <Coords points="1918,3282 2981,3269 3059,3261 3058,3208 1917,3239"/>
                <Baseline points="1925,3275 1981,3275 2037,3274 2094,3273 2150,3272 2206,3271 2263,3269 2319,3267 2375,3266 2432,3264 2488,3262 2544,3261 2601,3259 2657,3258 2713,3256 2770,3255 2826,3255 2882,3254 2939,3254 2995,3254 3052,3254"/>
                <TextEquiv>
                    <Unicode>Iwan Goll hat in Paris ein neues Theater gegründet,</Unicode>
                </TextEquiv>
            </TextLine>
            <TextLine id="r1l151" custom="readingOrder {index:150;}">
                <Coords points="674,3313 1786,3290 1820,3237 673,3268"/>
                <Baseline points="681,3301 737,3300 794,3299 850,3299 907,3298 964,3297 1020,3295 1077,3294 1133,3293 1190,3292 1247,3290 1303,3289 1360,3287 1416,3286 1473,3284 1530,3282 1586,3281 1643,3279 1699,3277 1756,3276 1813,3274"/>
                <TextEquiv>
                    <Unicode>Und der Doktor? Inbegriff der Honorigkeit, verzichtet aus</Unicode>
                </TextEquiv>
            </TextLine>
            <TextLine id="r1l152" custom="readingOrder {index:151;}">
                <Coords points="1857,3319 3071,3307 3070,3260 3020,3256 1857,3291"/>
                <Baseline points="1865,3317 1924,3316 1984,3316 2044,3315 2104,3314 2164,3313 2224,3312 2284,3311 2344,3309 2404,3307 2464,3306 2523,3304 2583,3303 2643,3301 2703,3299 2763,3298 2823,3297 2883,3296 2943,3295 3003,3294 3063,3294"/>
                <TextEquiv>
                    <Unicode>das unter dem Titel „Théätre Suréaliste noch unbekannte</Unicode>
                </TextEquiv>
            </TextLine>
            <TextLine id="r1l153" custom="readingOrder {index:152;}">
                <Coords points="617,3347 1642,3346 1827,3300 616,3311"/>
                <Baseline points="625,3344 684,3343 744,3342 804,3342 863,3340 923,3339 983,3337 1042,3336 1102,3334 1162,3333 1222,3331 1281,3329 1341,3328 1401,3326 1460,3325 1520,3323 1580,3322 1639,3321 1699,3319 1759,3318 1819,3318"/>
                <TextEquiv>
                    <Unicode>purem Anstand auf die Professur und auf das Mädchen, das ihn</Unicode>
                </TextEquiv>
            </TextLine>
            <TextLine id="r1l154" custom="readingOrder {index:153;}">
                <Coords points="1862,3371 3010,3353 3072,3307 1861,3334"/>
                <Baseline points="1869,3359 1928,3358 1988,3357 2048,3356 2108,3355 2167,3354 2227,3352 2287,3351 2347,3350 2406,3349 2466,3347 2526,3346 2586,3345 2645,3344 2705,3343 2765,3342 2825,3340 2884,3339 2944,3338 3004,3338 3064,3337"/>
                <TextEquiv>
                    <Unicode>und umstrittene moderne Bühnenwerke darbieten will. In der</Unicode>
                </TextEquiv>
            </TextLine>
            <TextLine id="r1l155" custom="readingOrder {index:154;}">
                <Coords points="612,3387 1318,3390 1369,3383 1399,3341 611,3366"/>
                <Baseline points="619,3385 657,3384 696,3384 734,3383 773,3383 812,3382 850,3382 889,3382 927,3381 966,3381 1005,3380 1043,3380 1082,3379 1120,3378 1159,3377 1198,3376 1236,3374 1275,3373 1313,3371 1352,3369 1391,3367"/>
                <TextEquiv>
                    <Unicode>nicht mag. Er ist der einsamste von allen.</Unicode>
                </TextEquiv>
            </TextLine>
            <TextLine id="r1l156" custom="readingOrder {index:155;}">
                <Coords points="1869,3404 3054,3392 3057,3345 1869,3374"/>
                <Baseline points="1877,3397 1935,3397 1994,3398 2052,3397 2111,3397 2170,3396 2228,3395 2287,3394 2346,3393 2404,3392 2463,3390 2522,3389 2580,3387 2639,3386 2698,3384 2756,3383 2815,3382 2874,3380 2932,3380 2991,3379 3050,3378"/>
                <TextEquiv>
                    <Unicode>nächsten Opielzeit finden die Aufführungen im Theater Albert I.</Unicode>
                </TextEquiv>
            </TextLine>
            <TextLine id="r1l157" custom="readingOrder {index:156;}">
                <Coords points="673,3444 1775,3424 1828,3410 1827,3370 672,3408"/>
                <Baseline points="681,3439 738,3438 795,3437 852,3435 909,3434 966,3432 1023,3431 1080,3429 1137,3428 1194,3427 1251,3425 1308,3424 1365,3422 1422,3421 1479,3419 1536,3417 1593,3416 1650,3413 1707,3412 1764,3409 1821,3407"/>
                <TextEquiv>
                    <Unicode>Der Dichter lächelt voll Melancholie: Die Sonne scheint über</Unicode>
                </TextEquiv>
            </TextLine>
            <TextLine id="r1l158" custom="readingOrder {index:157;}">
                <Coords points="1858,3459 3070,3424 3069,3382 1857,3407"/>
                <Baseline points="1866,3444 1925,3442 1985,3441 2045,3439 2105,3438 2165,3436 2224,3435 2284,3433 2344,3432 2404,3431 2464,3429 2523,3427 2583,3426 2643,3425 2703,3424 2763,3422 2822,3421 2882,3420 2942,3419 3002,3418 3062,3418"/>
                <TextEquiv>
                    <Unicode>statt. In dem internationalen Programm sind als deutsche Autoren</Unicode>
                </TextEquiv>
            </TextLine>
            <TextLine id="r1l159" custom="readingOrder {index:158;}">
                <Coords points="617,3493 1831,3476 1830,3410 616,3450"/>
                <Baseline points="624,3484 687,3482 750,3480 813,3479 876,3477 939,3475 1002,3474 1065,3473 1128,3471 1191,3470 1255,3468 1318,3467 1381,3465 1444,3463 1507,3462 1570,3460 1633,3458 1696,3456 1759,3453 1823,3450"/>
                <TextEquiv>
                    <Unicode>Gerechte und Ungerechte. C’est la vie. In der Quadratur des</Unicode>
                </TextEquiv>
            </TextLine>
            <TextLine id="r1l160" custom="readingOrder {index:159;}">
                <Coords points="1871,3487 3046,3475 3075,3431 1870,3455"/>
                <Baseline points="1878,3482 1937,3481 1996,3480 2056,3479 2115,3478 2175,3476 2234,3475 2294,3474 2353,3472 2413,3471 2472,3470 2531,3468 2591,3467 2650,3466 2710,3464 2769,3464 2829,3463 2888,3462 2948,3462 3007,3462 3067,3462"/>
                <TextEquiv>
                    <Unicode>Georg Kaiser, August Stramm und Arnold Bronnen</Unicode>
                </TextEquiv>
            </TextLine>
            <TextLine id="r1l161" custom="readingOrder {index:160;}">
                <Coords points="1869,3531 3074,3518 3021,3463 1869,3499"/>
                <Baseline points="1877,3526 1936,3526 1996,3525 2055,3524 2115,3523 2174,3522 2234,3520 2293,3519 2353,3518 2412,3517 2472,3515 2531,3514 2591,3513 2650,3511 2710,3510 2769,3509 2829,3508 2888,3507 2948,3507 3007,3506 3067,3506"/>
                <TextEquiv>
                    <Unicode>vertreten. Zur Inszenierung sind Regisseure aus Rom, Berlin und</Unicode>
                </TextEquiv>
            </TextLine>
            <TextLine id="r1l162" custom="readingOrder {index:161;}">
                <Coords points="623,3539 855,3523 906,3534 924,3517 1063,3531 1125,3510 1125,3489 621,3490"/>
                <Baseline points="631,3531 656,3529 682,3527 707,3525 733,3523 758,3522 784,3521 810,3520 835,3519 861,3518 886,3517 912,3517 937,3516 963,3516 989,3515 1014,3514 1040,3514 1065,3513 1091,3512 1117,3511"/>
                <TextEquiv>
                    <Unicode>Zirkels habe ich es gezeigt.</Unicode>
                </TextEquiv>
            </TextLine>
            <TextLine id="r1l163" custom="readingOrder {index:162;}">
                <Coords points="671,3571 1808,3552 1831,3496 670,3534"/>
                <Baseline points="679,3571 736,3569 793,3568 850,3566 908,3565 965,3563 1022,3563 1080,3561 1137,3560 1194,3558 1252,3557 1309,3556 1366,3555 1423,3553 1481,3551 1538,3550 1595,3548 1653,3547 1710,3545 1767,3543 1825,3540"/>
                <TextEquiv>
                    <Unicode>Abseits von diesem allzu konstruktiven Aufbau gibt es in dem</Unicode>
                </TextEquiv>
            </TextLine>
            <TextLine id="r1l164" custom="readingOrder {index:163;}">
                <Coords points="1861,3565 1894,3578 2229,3570 2228,3542 2169,3535 2147,3520 2080,3539 2048,3528 2019,3542 1918,3527 1860,3536"/>
                <Baseline points="1869,3567 1894,3567 1919,3568 1944,3567 1969,3567 1994,3566 2019,3565 2045,3564 2070,3563 2095,3562 2120,3561 2145,3560 2170,3560 2195,3559 2221,3559"/>
                <TextEquiv>
                    <Unicode>Moskau eingeladen.</Unicode>
                </TextEquiv>
            </TextLine>
            <TextLine id="r1l165" custom="readingOrder {index:164;}">
                <Coords points="624,3623 1824,3598 1830,3567 623,3590"/>
                <Baseline points="632,3619 691,3616 751,3613 810,3611 870,3609 929,3608 989,3606 1048,3604 1108,3603 1167,3601 1227,3600 1286,3599 1346,3597 1405,3596 1465,3594 1524,3593 1584,3590 1643,3588 1703,3586 1762,3583 1822,3580"/>
                <TextEquiv>
                    <Unicode>Stück eine wirklich gewachsene Szene. Der Sohn und der Lieb¬</Unicode>
                </TextEquiv>
            </TextLine>
            <TextLine id="r1l166" custom="readingOrder {index:165;}">
                <Coords points="622,3656 1830,3642 1829,3597 621,3629"/>
                <Baseline points="629,3660 688,3657 748,3654 807,3652 867,3650 927,3648 986,3647 1046,3645 1105,3645 1165,3644 1225,3643 1284,3642 1344,3641 1403,3639 1463,3638 1523,3636 1582,3634 1642,3632 1701,3629 1761,3625 1821,3621"/>
                <TextEquiv>
                    <Unicode>haber betrachten das Porträt der teuren Dahingeschiedenen. Und</Unicode>
                </TextEquiv>
            </TextLine>
            <TextLine id="r1l167" custom="readingOrder {index:166;}">
                <Coords points="2040,3689 2843,3670 2841,3584 2518,3611 2122,3599 2039,3644"/>
                <Baseline points="2047,3679 2086,3675 2125,3672 2165,3670 2204,3669 2244,3667 2283,3666 2322,3665 2362,3665 2401,3664 2441,3664 2480,3664 2519,3663 2559,3663 2598,3662 2638,3661 2677,3660 2716,3658 2756,3656 2795,3653 2835,3650"/>
                <TextEquiv>
                    <Unicode>„Der Junggeselle“</Unicode>
                </TextEquiv>
            </TextLine>
            <TextLine id="r1l168" custom="readingOrder {index:167;}">
                <Coords points="616,3708 1797,3677 1843,3669 1842,3626 615,3678"/>
                <Baseline points="623,3704 683,3701 744,3697 804,3695 865,3692 926,3690 986,3688 1047,3687 1107,3686 1168,3685 1229,3683 1289,3682 1350,3681 1410,3680 1471,3678 1532,3676 1592,3674 1653,3672 1713,3669 1774,3666 1835,3662"/>
                <TextEquiv>
                    <Unicode>plötzlich werden auf dem kleinen Aquarellbildchen die Augen der</Unicode>
                </TextEquiv>
            </TextLine>
            <TextLine id="r1l169" custom="readingOrder {index:168;}">
                <Coords points="1865,3729 3050,3722 3060,3655 1864,3693"/>
                <Baseline points="1873,3727 1932,3725 1991,3723 2050,3721 2109,3720 2168,3719 2227,3717 2286,3716 2345,3715 2404,3714 2463,3714 2522,3713 2581,3712 2640,3712 2699,3711 2758,3711 2817,3711 2876,3710 2935,3710 2994,3709 3053,3709"/>
                <TextEquiv>
                    <Unicode>hat Sammelwert! Heute neu — morgen vergriffen.</Unicode>
                </TextEquiv>
            </TextLine>
            <TextLine id="r1l170" custom="readingOrder {index:169;}">
                <Coords points="625,3747 1661,3743 1837,3704 1668,3673 625,3722"/>
                <Baseline points="633,3744 692,3741 752,3739 812,3737 872,3734 932,3732 991,3730 1051,3727 1111,3726 1171,3724 1231,3722 1290,3721 1350,3719 1410,3717 1470,3716 1530,3715 1589,3713 1649,3712 1709,3711 1769,3710 1829,3708"/>
                <TextEquiv>
                    <Unicode>Toten lebendig — und enthüllen sehr zart und sehr behutsam ein</Unicode>
                </TextEquiv>
            </TextLine>
            <TextLine id="r1l171" custom="readingOrder {index:170;}">
                <Coords points="635,3800 675,3797 695,3805 713,3788 737,3787 747,3794 763,3784 778,3794 805,3782 833,3794 831,3763 822,3764 793,3744 759,3740 744,3747 730,3744 724,3751 698,3743 632,3757"/>
                <Baseline points="641,3787 667,3785 693,3784 719,3782 746,3780 772,3779 798,3778 825,3777"/>
                <TextEquiv>
                    <Unicode>Schicksal.</Unicode>
                </TextEquiv>
            </TextLine>
            <TextLine id="r1l172" custom="readingOrder {index:171;}">
                <Coords points="692,3827 1839,3811 1817,3757 1508,3771 1424,3738 1340,3777 691,3797"/>
                <Baseline points="700,3824 756,3822 813,3821 869,3820 926,3818 982,3816 1039,3814 1095,3813 1152,3811 1208,3809 1265,3808 1322,3806 1378,3804 1435,3802 1491,3801 1548,3799 1604,3798 1661,3797 1717,3796 1774,3795 1831,3794"/>
                <TextEquiv>
                    <Unicode>Ueber zwanzig Jahre sind seit dem Entstehen des Werkes ins</Unicode>
                </TextEquiv>
            </TextLine>
            <TextLine id="r1l173" custom="readingOrder {index:172;}">
                <Coords points="2859,3827 2917,3816 2965,3833 2996,3822 3022,3836 3045,3815 3068,3809 3065,3758 3041,3767 3007,3765 2969,3748 2855,3753"/>
                <Baseline points="2867,3823 2894,3819 2922,3816 2949,3816 2977,3816 3004,3815 3032,3812 3060,3806"/>
                <TextEquiv>
                    <Unicode>5-Uhr¬</Unicode>
                </TextEquiv>
            </TextLine>
            <TextLine id="r1l174" custom="readingOrder {index:173;}">
                <Coords points="2363,3871 2384,3871 2395,3881 2497,3873 2523,3878 2521,3785 2454,3785 2431,3795 2412,3786 2362,3789"/>
                <Baseline points="2370,3852 2399,3852 2428,3852 2457,3852 2486,3851 2515,3849"/>
                <TextEquiv>
                    <Unicode>5u</Unicode>
                </TextEquiv>
            </TextLine>
            <TextLine id="r1l175" custom="readingOrder {index:174;}">
                <Coords points="2546,3854 2572,3851 2620,3873 2684,3861 2713,3874 2834,3871 2835,3776 2776,3779 2764,3770 2753,3781 2692,3781 2643,3742 2626,3742 2578,3774 2547,3771"/>
                <Baseline points="2554,3856 2581,3856 2608,3855 2635,3856 2662,3857 2690,3858 2717,3859 2744,3859 2771,3859 2798,3858 2826,3856"/>
                <TextEquiv>
                    <Unicode>Bar</Unicode>
                </TextEquiv>
            </TextLine>
            <TextLine id="r1l176" custom="readingOrder {index:175;}">
                <Coords points="619,3892 667,3878 686,3888 723,3872 767,3881 825,3868 941,3874 939,3833 917,3829 849,3827 831,3837 768,3827 742,3836 704,3825 617,3841"/>
                <Baseline points="627,3874 652,3872 678,3870 703,3869 729,3867 754,3866 780,3865 805,3864 831,3864 856,3863 882,3862 907,3861 933,3860"/>
                <TextEquiv>
                    <Unicode>Land gegangen.</Unicode>
                </TextEquiv>
            </TextLine>
            <TextLine id="r1l177" custom="readingOrder {index:176;}">
                <Coords points="1890,3882 2200,3877 2195,3762 2168,3759 2122,3788 2097,3790 2034,3785 1979,3762 1886,3771"/>
                <Baseline points="1898,3876 1924,3874 1951,3873 1977,3872 2004,3871 2031,3871 2057,3870 2084,3869 2111,3867 2137,3866 2164,3863 2191,3861"/>
                <TextEquiv>
                    <Unicode>Mon</Unicode>
                </TextEquiv>
            </TextLine>
            <TextLine id="r1l178" custom="readingOrder {index:177;}">
                <Coords points="695,3913 1840,3881 1820,3827 694,3873"/>
                <Baseline points="703,3909 759,3907 815,3906 872,3904 928,3902 985,3900 1041,3899 1097,3897 1154,3895 1210,3893 1267,3891 1323,3889 1379,3888 1436,3886 1492,3884 1549,3883 1605,3882 1661,3881 1718,3880 1774,3880 1831,3879"/>
                <TextEquiv>
                    <Unicode>Die blassen Farben in Schnitzlers Pastellgemälde sind noch</Unicode>
                </TextEquiv>
            </TextLine>
            <TextLine id="r1l179" custom="readingOrder {index:178;}">
                <Coords points="2864,3913 2917,3908 2944,3925 2990,3905 3049,3918 3054,3858 3028,3854 3005,3862 2983,3838 2952,3826 2913,3831 2906,3824 2872,3824"/>
                <Baseline points="2875,3886 2902,3891 2930,3894 2958,3896 2986,3897 3014,3899 3042,3903"/>
                <TextEquiv>
                    <Unicode>Tee</Unicode>
                </TextEquiv>
            </TextLine>
            <TextLine id="r1l180" custom="readingOrder {index:179;}">
                <Coords points="2118,3931 2244,3912 2429,3927 2472,3914 2523,3930 2643,3904 2642,3872 2554,3867 2330,3887 2237,3877 2213,3893 2174,3875 2117,3885"/>
                <Baseline points="2125,3906 2150,3907 2175,3907 2201,3908 2226,3908 2252,3909 2277,3909 2303,3909 2328,3909 2354,3909 2379,3909 2404,3908 2430,3908 2455,3907 2481,3907 2506,3906 2532,3905 2557,3903 2583,3902 2608,3900 2634,3898"/>
                <TextEquiv>
                    <Unicode>18 Jägerstrasse 18 —</Unicode>
                </TextEquiv>
            </TextLine>
            <TextLine id="r1l181" custom="readingOrder {index:180;}">
                <Coords points="636,3981 931,3943 1490,3965 1546,3931 1846,3927 1845,3877 635,3928"/>
                <Baseline points="643,3960 702,3958 762,3956 822,3954 882,3952 942,3950 1001,3948 1061,3946 1121,3943 1181,3941 1241,3939 1300,3937 1360,3935 1420,3933 1480,3931 1540,3929 1599,3928 1659,3926 1719,3925 1779,3924 1839,3924"/>
                <TextEquiv>
                    <Unicode>tiefer verblaßt. Und es bedarf wohl einiger Mühe, die Staubschicht</Unicode>
                </TextEquiv>
            </TextLine>
            <TextEquiv>
                <Unicode>*


571


G








W
—
G


14
L0
Käthe Haack und Albert Bassermann.
fortzublasen, um aus den sichtbaren Konturen das Wesentliche
dieses Dramatikers festzustellen: Seine Aermlichkeit und seinen
Schnitzlers „Einsamer Weg.“
Reichtum.
Er holt seine Säfte von Maupassant bis zu Ibsen. Der eine
Von
ist ihm geistiger Ahnherr, der andere stärkster Anreger und Weg¬
Felix Hollaender.
weiser. Und als eigene Ingredienz gibt er eine Dialektik östlicher
Herkunft und eine Sentimentalität wienerischen Ursprungs.
Am Schlusse war es ein Erfolg der Darstellung, aus der zwei
Seine Gestalten, nicht organisch gewachsen, kommen aus der
meisterliche Leistungen heransragten. Immer wieder — und mit
Werkstatt eines geschmäcklerischen Literaten, dessen Kunstgewerbe bei¬
Fug und Rocht rief man Bassermann und die Höflich, die
nahe schon Kunst — dessen Literatur fast wieder Leben geworden ist.
über alle Schlagworte von neuer Schauspielerei hinweg die Rein¬
Damit ist der „Kunstwert“ seiner Arbeiten gekennzeichnet.
heit und Schlichtkeit ihrer Natur — die Vornehmheit ihrer Mittel
„ Der einsame Weg“ mit seinem Herbstruch und seinem
sich gewahrt haben.
Lavendelduft, mit seinen Melancholien und geistreichen Wortspielen,
Und das Stück selbst? Konnte es der Kraftentfaltung zweier un¬
mit seinem feingesch'ffenen, von weltmännischen Ironien durchsetzten
gewöhnlicher Temperamente die Wage halten?
Dialog, zeigt alle Stärken und Schwächen dieses Poeten.
1903 hat Arthur Schnitzler dies Wer geschrieben. Er war da¬
Ein wenig blutleer und anämisch — etwas verstaubt und ver¬
mals 40 Jahre alt und stand auf der Mittagshöhe seines Daseins
modert — strömt doch aus dem Werke noch die Kraft einer Persön¬
und Schaffens.
Sein Schauspiel könnte ebenso gut den Titel „Einsame Menschen“
lichkeit, die Grazie eines Meisters, der hinter das Geheimnis der
führen. Es ist gearbeitet mit der Technik Ibsens. Ein Tragödie hat
Form gedrungen ist.
sich abgerollt, ehe noch der Vorhang die Höhe geht. Und wenn
Was konnte die Bearbeitung — was konnte die Darstellung für
gegen den Schluß ein Viveur und Weltmann den Sinn der Liebe in
das gealterte Werk leisten — dies ist die Frage.
die Worte faßt: Lieben heißt, für jemand Anderen auf der Welt sein
Schnitzler hat glücklicherweise nicht zu tief in den Organismus
so spricht er über die eigene Lebensführung und die des Freundes.
eingegriffen. Das Kind ist bei der Operation leben geblieben. Er
mit dem er sich über letzte Dinge auseinandersetzt, ohne Sentiment
hat sich im wesentlichen darauf beschränkt, den zweiten und dritten
das Todesurteil aus.
Alt derartig zusammenzuziehen, daß die Hauptszene des dritten
Sie werden beide einsam sterben — weil sie ihr Leben nur auf
Aufzuges, in der Julian dem Sohne seine Vaterschaft gesteht, in den
sich — nur auf die Erfüllung ihrer selbstischen Triebe gestellt haben.
zweiten Akt hinübergerettet wird.
Aber während der alternde Herr Stefan von Sala. Offizier und
Verzichtet hat er leider darauf, die peinlichen Anklänge an Ibsen
Dichter, Forscher und Ironiker, vom Tode gezeichnet, nach ein blut¬
zu entfernen und die geschwätzigen Bekenntnisse seiner Menschen ein¬
junges Ding brünstig umarmt und tiefer Einsamkeit sich dennoch be¬
zudeimmen, deren Romantik und Sentimentalität auf die Dauer un¬
wußt bleibt — ja als Naturnotwendigkeit sie hinnimmt — wird der
ertt glich wird.
andere Charmeur des Stückes, der verkrachte Maler Fichtner, weh¬
Er findet nicht den einfachen und selbstverständlichen Ausdruck
leidig und empfindsam. Möchte am Schluß eines Lebenskomödie, in
für das seelische Erlebnis — seine Figuren gehen auf Stelzen und¬
der er moussierendes Genie verspritzt, Ruhm und Geld i alle Winde
reden in Aphorismen und Gedankensplittern.
verstreut, Frauen genommen und weggeworfen hat, in wärmen¬
Letzten Endes bleitt ein übler Nachgeschmack.
des Feuerchen finden Seiner Sehnsucht Ziel: Den Sohn, #en er in
Den Darstellern ist nachzurühmen, daß sie alles taten, diesen
fremdes Nest gelegt, an das liebende Herz zu ziehen.
Wortprunk zu dämpfen, und an die Stell. redseligen, nicht immer
Indessen, so glatt geht bei beiden die Rechnung nicht auf.
echten Gefühls Bescheidenheit der Natur zu setzen.
Herr Stephan v. Sala macht sich durch korrekten Schuß aus
Es war erschütternd, wie Bassermann, der nobelst# nter
dem Staube, nachdem die kleine Freundin in seinem grünen Teich
allen seinen Kollegen, in dem konstruierten letzten Akt mit einer Ver¬
haltenheit ohnegleichen seinen Todesentschluß zum Ausdruck bringt.
geendet.
Der Dichter flüstert: Tröste dich, mein Zuschauer, herzkrank war
Und wenn die Höflich in ihrer großen Szene, die beinanhe wie
er, und hätte ohnehin bald fort müssen.
eine Parodie auf Ella Rentheim wirkt, aufsteigende Tränen herzhaft
Herr Julian Fichtner, des Stückes zweiter Held, steht mit ein¬
hinuterschluckt, so vergißt der bewegte Zuschauer für Momente das
geknickten Beinen sehr besch-eiden da, denn der Sohn, mein
Theater.
Namensvetter Felix, ist für verspätete Vaterliebe nicht zu haben.
Hier stehen zwei zauberhafte Menschen, die noch das Künstliche #
Auch den anderen Figuren auf Schnitzlers Schachbrett geht es,
zu Kunst und Natur umzubiegen vermögen.
Aber auch Herr v. Winterstein, sehr leise und dabei sehr“
mit Verlaub, dreckig.
Das junge Mädchen, das jedesmal fröstelt, wenn Tod und Krank¬
eindringlich — Herr Stahl=Nachbaur auffallend gut in Ton##
heit nahen, läuft, wie schon angedeutet, in den naßen Teich. Die
und Haltung — Biensfeld, diskret in der undankbarsten Rolle#
Mama, die an allem schuld ist — warum hat sie sich auch mit diesem
des Stückes — waren ebenbürtige Partner.
Windhund Fichtner eingelassen —, verblüht in freudloser Ehe. Irene
Frau Pauly hatte den ergreifenden Ausdruck einer Sterbendent
Herms, Schauspielerin a. D., ebenfalls von diesem Herrn Fichtner,
und Käthe Haack ist ganz nahe daran, eine Menschendarstellerin¬
der mir überhaupt ein übler Kusin zu sein scheint — nieder¬
—
großen Stils zu werden. Noch ist alles, was sie tut und sagt, ein)
trächtig behandelt, findet als gute Tante Unterschlupf. Ihre Be¬
wenig zu betont, aber die Wahrhaftigkeit und Grundehrlichteit ihres“
hauptung, sich sehr wohl dabei zu fühlen, halte ich für glatten
Wesens bieten die Gewähr für künftige Entwicklung.
Schwindel. Und Felix ist aus dem Gleichgewicht geworfen, da er
Ich bin leider nicht in der Lage von Herrn Werner SchottE
plötzlich seine illegitime Herkunft erfährt.
Aehnliches behaupten zu können.
Zum Schluß noch eine Anmerkung: Stücke, so breit ausladend wie
Bleiben übrig die im bürgerlichen Sinne anständigen Menschen
Schnitzlers „Einsamer Weg“ sind für das Haus der Tribüne total
des Stückes: der korrekte, gute Kunstprofessor und der selbstlose,
ungeeignet. In den Rahmen einer Bühne, die kaum größer als ein
reinliche Medizinmann.
Nudelbrett ist, lassen sich nicht ohne Schädigung des Schauspielers
Lieber Leser, die beiden haben nicht viel von ihrem Gutsein.
Der Professor ist ein Nebbich, der sich wie ein Berirrter durch
und Publikums Bilder großen Formats spannen.
die Wände seines Hauses tastet, ohne zu ahnen, daß er fremde Brut
großgezogen hat.
Iwan Goll hat in Paris ein neues Theater gegründet,
Und der Doktor? Inbegriff der Honorigkeit, verzichtet aus
das unter dem Titel „Théätre Suréaliste noch unbekannte
purem Anstand auf die Professur und auf das Mädchen, das ihn
und umstrittene moderne Bühnenwerke darbieten will. In der
nicht mag. Er ist der einsamste von allen.
nächsten Opielzeit finden die Aufführungen im Theater Albert I.
Der Dichter lächelt voll Melancholie: Die Sonne scheint über
statt. In dem internationalen Programm sind als deutsche Autoren
Gerechte und Ungerechte. C’est la vie. In der Quadratur des
Georg Kaiser, August Stramm und Arnold Bronnen
vertreten. Zur Inszenierung sind Regisseure aus Rom, Berlin und
Zirkels habe ich es gezeigt.
Abseits von diesem allzu konstruktiven Aufbau gibt es in dem
Moskau eingeladen.
Stück eine wirklich gewachsene Szene. Der Sohn und der Lieb¬
haber betrachten das Porträt der teuren Dahingeschiedenen. Und
„Der Junggeselle“
plötzlich werden auf dem kleinen Aquarellbildchen die Augen der
hat Sammelwert! Heute neu — morgen vergriffen.
Toten lebendig — und enthüllen sehr zart und sehr behutsam ein
Schicksal.
Ueber zwanzig Jahre sind seit dem Entstehen des Werkes ins
5-Uhr¬
5u
Bar
Land gegangen.
Mon
Die blassen Farben in Schnitzlers Pastellgemälde sind noch
Tee
18 Jägerstrasse 18 —
tiefer verblaßt. Und es bedarf wohl einiger Mühe, die Staubschicht</Unicode>
            </TextEquiv>
        </TextRegion>
        <TextRegion orientation="0.0" id="r2" custom="readingOrder {index:1;}">
            <Coords points="3046,0 3046,644 3132,644 3132,0"/>
            <TextLine id="r2l1" custom="readingOrder {index:0;}">
                <Coords points="3040,21 3051,23 3087,46 3102,43 3111,53 3139,52 3141,8 3104,5 3096,11 3075,-10 3067,-6 3058,-9 3053,-4 3041,-5"/>
                <Baseline points="3048,19 3076,20 3104,22 3132,21"/>
                <TextEquiv>
                    <Unicode>Ae</Unicode>
                </TextEquiv>
            </TextLine>
            <TextLine id="r2l2" custom="readingOrder {index:1;}">
                <Coords points="3045,465 3057,461 3076,462 3089,456 3093,459 3108,458 3104,412 3095,413 3089,418 3077,419 3068,429 3060,423 3056,427 3042,427"/>
                <Baseline points="3052,456 3100,452"/>
                <TextEquiv>
                    <Unicode>r</Unicode>
                </TextEquiv>
            </TextLine>
            <TextLine id="r2l3" custom="readingOrder {index:2;}">
                <Coords points="3040,522 3051,524 3076,505 3085,507 3101,499 3106,502 3114,501 3110,458 3100,458 3096,463 3088,456 3065,464 3053,462 3043,454 3033,455"/>
                <Baseline points="3046,502 3076,496 3106,496"/>
                <TextEquiv>
                    <Unicode>so</Unicode>
                </TextEquiv>
            </TextLine>
            <TextLine id="r2l4" custom="readingOrder {index:3;}">
                <Coords points="3046,545 3055,543 3061,548 3069,549 3074,545 3086,549 3090,546 3095,548 3110,544 3109,515 3099,516 3086,506 3077,506 3053,522 3044,522"/>
                <Baseline points="3054,542 3103,539"/>
                <TextEquiv>
                    <Unicode>en</Unicode>
                </TextEquiv>
            </TextLine>
            <TextLine id="r2l5" custom="readingOrder {index:4;}">
                <Coords points="3058,650 3068,653 3076,646 3089,642 3110,652 3120,646 3132,648 3134,592 3112,593 3108,590 3101,596 3094,592 3084,598 3080,593 3060,593"/>
                <Baseline points="3066,629 3095,629 3124,631"/>
                <TextEquiv>
                    <Unicode>La</Unicode>
                </TextEquiv>
            </TextLine>
            <TextEquiv>
                <Unicode>Ae
r
so
en
La</Unicode>
            </TextEquiv>
        </TextRegion>
    </Page>
</PcGts>
