3392 4352
1025 227 1111 299 W
207 230 1822 341 18. Der einsaneg box 23/1
1265 757 2224 864 Stimmen der Presse
1748 849 3032 926 allem Frl. Neumeyer als sehr wirksame Mutter. Frl. v. Artner
879 857 1330 958 über: „Kobold.“
1767 916 3033 974 mit einer ihrer reizenden, lebensprudelnden Zofen, Pennarini als
596 935 1736 988 Siegfried Wagner knüpfte im „Kobold“ ganz unverkennbar
1762 966 3033 1024 Friedrich, die Herren Dawison und Mohwinkel in den Baryton¬
467 987 1741 1041 an Wagnersche Ideen und Probleme jenseits des rein Musikalischen
1756 992 3028 1062 rollen, Frl. Schloß als Gräfin, Herr Lohsing als Eckhart und
476 1031 1747 1089 an, der Geundgedanke ist so durchaus Wagnerisch, daß eingehende
1760 1036 3031 1102 die Streiter für Siegfried, die im zweiten Gliede standen, müssen
472 1089 1746 1150 Betrachtungen diesem „Kobold“ gegenüber nicht ausbleiben können.
1769 1092 3037 1144 sich heute in ein Kollektivlob teilen. Der Erfolg war groß und
565 1120 1735 1179 Der „Kobold“ greift den Erlösungsgedanken, in dem natürlich
1758 1139 3038 1197 bewegte sich in einem mächtigen crescendo. Nach dem ersten Akte
469 1175 1739 1225 auch eine mächtige dramatische Treibkraft liegt, wieder auf und
1760 1175 3034 1238 wurde Siegfried fünfmal gerufen, nach dem zweiten ebenso oft.
470 1209 1742 1269 verarbeitet ihn auf eine Weise, die, man denke über die Technik
1764 1216 3030 1281 Der letzte beste Akt besiegelte das glückliche Schicksal des „Kobold“:
466 1256 1740 1305 des Buches, wie man wolle, der Eindringlichkeit und der poetischen
1768 1265 3038 1322 ein Viertelhundert Hervorrufe Wagners und der Mitwirkenden,
472 1306 1746 1359 Form nicht entbehrt. Unter „Kobolden, deren Seelen unerhört sich
1763 1298 3053 1365 auch Gilles und des um die Regie sehr verdienten Herrn Ehrl,
475 1352 1735 1408 und andere quälen“ versteht Siegfried Wagner die „Seelen von
1753 1356 2147 1431 ist knapp berechnet.
476 1395 1746 1449 Kindern, die kein rechtes Sterben mußte allzufrüh verderben“ und
473 1443 1741 1493 die Erlösung der Kobolde wird abhängig gemacht davon, daß ein
1941 1443 2836 1547 Ueber „Resemanns Rheinfahrt“.
465 1493 1747 1549 „schuldlos Schuldiger“, der zugleich des Hauses letztes Glied sein
463 1537 1515 1586 muß, willig für den Kobold aus dem Leben scheidet.
1845 1525 3035 1595 Das Stück beginnt mit zwei und endigt mit fünf Verlobungen,
557 1581 1751 1637 Es unterliegt keinem Zweifel, daß in der Dichtung zu dieser
1760 1590 3060 1646 das ist ein Rekord, ich gestehe es zu. Der Schwank ist recht lustig.
475 1615 1737 1685 Oper Keime von eminenter psychologischer Hellsichtigkeit liegen,
1760 1620 3044 1686 Vater Resemann geht auf die Brautfahrt nach dem Rhein. Not¬
478 1672 1740 1718 Vorstellungen von höchster poetischer Potenz, Gedanken, die den
1763 1676 3037 1732 gedrungen muß er seine beiden Töchter und seine Nichte Elli mit¬
474 1713 1744 1773 Hebel an die Wurzel der Dinge ansetzen. Die Dichtung, weit aus¬
1772 1721 3038 1773 nehmen, die Papa Staatsanwalt durchaus dem Bannkreise des
474 1757 1734 1813 holend und nach innen gefällig ausgebaut, schließt in ihren Kreis
1760 1759 3042 1817 Rechtsanwalts Emmerling entziehen will. Aber die Alten machen
479 1800 1741 1858 die denkbar heterogensten äußeren und seelischen Vorgänge, stellte
1763 1802 3025 1872 die Rechnung ohne die Jungen. Da unten im „Weißen Rößl“,
477 1843 1739 1898 den Musiker mithin vor eine große und komplizierte Aufgabe, sie
1772 1846 3040 1916 wollte sagen im Gasthaus „Zur Krone“, treffen sich die Beteiligten.
475 1886 1743 1950 verlangte von ihm den charakteristischer Ton für die ganze Skala,
1761 1898 3031 1949 Emmerling erhält unter dem Namen Tettenborn die Elli, Tetten¬
472 1936 1734 1993 welche die Pole der musikalischen Ausdrucksmöglichkeiten verbindet.
1767 1940 3039 1990 born unter Emmerlings Flagge das [Trudchen. Architekt Thomas
472 1975 1748 2037 Siegfried Wagner ist diesen Anforderungen gerecht geworden, ohne
1759 1984 3035 2033 verlobt sich im Handumdrehen mit Hertha. Annuschka, das Dienst¬
475 2020 1745 2067 irgendwo Reste zu lassen; man kann nicht von einer einzigen Seene
1760 2023 3050 2101 mädchen angelt sich den Gerichtsdiener Pieper. Und Vater Rese¬
476 2067 1741 2113 behaupten, die Kongruenz von Wort und Ton sei ihr versagt.
1764 2074 3044 2119 mann wird von dem Wirtstöchterlein Dorchen genasführt, das ihn
1335 2106 1737 2172 sie müßte schon als
465 2108 1296 2167 Hätte die Musik nur diesen einen Vorzug
1763 2113 3039 2172 nur dazu benutzt, den Schwerenöter von Ignatz, dem Nachenführer,
470 2150 1738 2214 neuer Beweis einer hohen Begabung gelten. Aber Siegfried über¬
1765 2161 2217 2221 eifersüchtig zu machen.
476 2198 1739 2245 rascht uns mit Wertvollerem: mit den Ansätzen zu einer individuellen
1841 2179 3038 2265 Die Aufführung war natürlich vortrefflich Herr Paul Flashar
472 2241 1740 2289 Note, den ersten Trieben einer Persönlichkeit. Durch die Musik Wagners
1764 2246 3043 2310 hatte wiederum — wie es zu unserer großen Freude jetzt am
478 2287 1740 2348 blicken wir da hindurch auf den Grund einer schwärmerisch=religiös
1753 2279 3053 2355 Thalia=Theater Brauch geworden ist — für sehr hübsche neue
472 2321 1748 2387 veranlagten Natur: die eckstatische Verzückung, die uns etwa in der
1751 2330 3045 2393 Dekorationen gesorgt und ein flottes Zusammenspiel erzielt Neben
475 2380 1745 2436 Grauer Messe, in der „Elisabeth“ u. s. w. in Weihrauchwolken
1765 2379 3045 2432 Herrn Franck steuerten Fräulein Kramm als Annuschka und die
463 2421 1749 2479 einhüllt, feiert eine Wiedergeburt in den Evisoden des Mönches
1765 2431 3045 2477 Herren Homann und Fischbuch al Pieper, und Sitspolgeeonner
468 2465 1746 2512 Elhart des umgepragten htreuen Ekkehard“ der Sage. In
1770 2468 3040 2519 Muff genügend burleske Komik. Die Damen Nerson, Bré und
478 2505 1744 2549 diesen Momenten erreicht die „Kobold“=Musik bei aller Einfachheit
1754 2511 3038 2563 Tetzlaff spielten die drei verliebten Mägdlein, die Herren Farecht,
476 2548 1746 2606 ihre tiefsten Wirkungen, und schon sie müssen ausreichen, um der
1760 2556 3044 2610 Clodius und Bozenhard ihre lustigen Galane. Herr Flashar
471 2600 1747 2652 Partitur den Respekt der Musiker einzutragen. Vom Erhabenen
1763 2594 3046 2656 gab den Staatsanwalt, die Damen Gröger und Clemens und
474 2639 1744 2693 findet Siegfried am leichtesten den Weg zum Derb=Lustigen. An
1766 2638 3036 2714 Herr Hallenstein die Familie des Kronenwirtes, Herr Werner
472 2684 1744 2738 komischen Szenen fehlt's nicht im „Kobold“: Die vier Komödianten
1755 2690 2176 2764 den glücklichen Nazi.
466 2728 1734 2775 sind weidlich in dieser Richtung ausgenutzt, und schon das G-dur¬
466 2772 1746 2835 Terzett, mit dem, allzu drastisch vielleicht und die Geleise des ernsten
471 2820 1745 2870 einheitlichen Kunstwerks verlassend, sie sich einführen, „Munter und
1996 2792 2754 2898 Ueber „Der einsame Weg“
469 2864 1743 2916 froh auf die Lebensleiter“, schlägt plastisch den Ton an, auf den
1839 2888 3041 2960 Im Deutschen Theater hat Arthur Schnitzlers Schausviel
480 2906 1738 2962 die fahrenden Leute eingestimmt sind. Ein kleines Meisterstückchen
1768 2944 3042 2996 „Der einsame Weg“ einen Erfolg gehabt, der nach dem 4. und
468 2953 1742 3014 einer musikalischen Groteske ist die Ballade von dem „Spirifankerl“
1761 2980 3045 3057 dem 5. Akt stark bekämpft wurde. Der erste Akt hatte interessiert,
474 2990 1746 3067 in der vielleicht mehr rein musikalischer Witz steckt, als in mancher
1764 3033 3039 3084 ohne das Publikum bereits zu gewinnen, allerlei Fäden der
472 3042 1309 3096 Partitur einer dreiaktigen komischen Oper.
1765 3069 3035 3127 Handlung hatten sich verschlungen, aber erst die Schlußscene hatte
556 3069 1740 3135 Die Direktion unseres Stadttheaters hat mit der Schnelligkeit,
1763 3120 3043 3167 die Andeutung der Vorfabel gebracht. Der 2. und der 3. Akt¬
469 3140 1745 3193 mit welcher sie „Kobold“ annahm und aufführte, noch bevor andere
1767 3168 3041 3227 fanden lebhaften Beifall und übten starke Wirkung aus. Schnitzler
462 3178 1746 3226 Bühnen eigentlich etwas von der Existenz der Oper ahnten, aufs
1761 3208 3039 3249 konnte vom zweiten Aufzuge ab nach jedem Akt wiederholt er¬
468 3222 1742 3281 neue ihre Elastizität des Handelns bewiesen und wiederum sehr
1758 3246 3048 3306 scheinen. Dramatisch hat dieses Werk viele Mängel, aber rein als
466 3261 1746 3323 glücklich Hamburg als Novitätenbühne in Erinnerung gebracht.
1770 3298 3038 3358 dichterische Schöpfung betrachtet, ist es nächst „Rose Berndt“ das
474 3313 1738 3376 Den sehr großen Erfolg, den sie dabei fand in der Teilnahme der
1761 3341 3037 3403 Bedeutendste, was diese Spielzeit uns gebracht hat. Es ist das
464 3356 1744 3414 ganzen gebildeten Welt, darf man ihr darum auch von Herzen
1762 3381 3046 3448 Werk eines echten, feinen Poeten, reich an intimen Schönheiten,
476 3400 1746 3451 gönnen. Allen Mitwirkenden schien es Ehrensache zu sein, an
1763 3440 3033 3489 an psychologischem Gehalt, an Tiefe der Gedanken. — Es ist leider
472 3443 1740 3493 diesem Abend ihr bestes zu geben und überdies hat Siegfried ihnen
1765 3475 3037 3529 unmöglich, in dem knappen Rahmen dieser Besprechung die ganze
467 3486 1733 3534 Aufgaben gestellt, die es ihnen nicht schwer machten, sich von vor¬
1771 3517 3041 3566 Bedeutung dieser Dichtung zu würdigen und all den mannigfachen
473 3534 1741 3592 teilhafter Seite zu zeigen. Die Krone der Verdienste um den
1761 3559 3035 3624 Auregungen zu folgen, die da auf uns einstürmen. Dramatisch
474 3572 1742 3627 Abend erwarben sich unstreitig Kapellmeister Gille und das
1759 3610 3049 3660 ist manches mißglückt, die Handlung geht zögernd und mitunter
472 3620 1741 3677 Orchester. Die instrumental wirklich entzückende Partitur hatte
1763 3643 3043 3709 ritardiert vorwärts; manches ist für das grelle Bühnenlicht allzu
470 3663 1744 3722 Gille offenbar die stärkste Teilnahme abgezwungen, und so dirigierte
1770 3696 3046 3745 diskret behandelt, mit einer zurückhaltenden Künstlerkeuschheit. Im
463 3707 1749 3769 er das Werk mit hohem persönlichen Interesse und mit liebevoller
1761 3735 3037 3803 Schlußakt aber zeigt sich wieder der starke Dramatiker. Vor allem.
468 3745 1745 3821 Vertiefung in das Detail. Glänzend, stimmungsvoll und lebendig
1761 3784 3029 3844 aber: „Der einsame Weg“ ist eine Dichtung, der wir uns dankbar
468 3800 1702 3859 spielte — trotz der riesigen Anforderungen der letzten Tage —
1771 3828 2076 3900 freuen müssen.
477 3849 1739 3899 unser braves Orchester. Im Mittelpunkte der Szene stand den
468 3885 1748 3939 ganzen Abend Frau Fleischer=Edel, die als Verena eine Meister¬
1850 3874 3035 3942 Die Darstellung, im einzelnen und im Ensemble, war glänzend
1822 3929 3042 3981 jede Leistung verdiente eingehende Analysierung. Bedeutendes
476 3931 1752 3995 leistung schlechthin zu bieten hatte und nicht nur die dankbaren
478 3974 1744 4030 Momente der Rolle prächtig hervorhob, sondern auch die heiklen
1771 3974 3045 4038 gaben Else Lehmann und Irene Triesch, Sauer, Basser¬
471 4020 1743 4059 Situationen, in denen die jeelischen Uebergänge fehlen — Akt 3
1767 4015 3043 4068 mann, Rittner, zumeist auch Stieler, in kleineren Aufgaben
539 4062 1743 4109 mit feinem Taktgefühl beherrschte. Ihr bereitete man eine
1770 4062 3046 4122 Godeck und Frau Pauly. Die Inscenierung war von künstlerisch
485 4099 1751 4162 wohlverdiente Spezialovation. Die übrigen Mitwirkenden, vor
1757 4109 2224 4174 vornehmem Geschmack.
