3436 4384
1370 433 1814 523 box 23/4
213 459 1202 549 18. Der einsane Neg
384 670 1531 789 Husschnitt aus: Ost. Illustrierte Rundschau
394 817 577 881 vom:
766 749 1289 922 ZT EERRUAR 1914
468 943 1356 1051 20 Theaterschau. 60#
364 1050 1588 1107 Hofburgtheater. „Der einsame Weg“, Schauspiel in fünf Akten
253 1104 1587 1148 von Arthur Sch###Erfafführung am 19. Februar. — Die Erst¬
246 1143 1585 1182 aufführung des „Einsamen Weges“ von Schnitzler stand vor allem in einem
242 1183 1588 1220 Zeichen: in dem Fragezeichen, was denn die Leitung des Burgtheaters ver¬
244 1219 1575 1268 anlaßt hat, mit diesem mehr als ein Jahrzehnt alten und bekannten Stücke
256 1260 1589 1310 des in Wien lebenden Verfassers jetzt herauszukommen. Man mag über
246 1287 1584 1334 Schnitzler urteilen wie man will: eines ist sicher, daß er in allen seinen
241 1330 1585 1384 Werken sich treu bleibt, daß alle auf derselben Lebens= und Weltanschauung
237 1371 1589 1421 fußen und auch wesentlich auf den gleichen Grundton gestimmt sind. Wenn
245 1418 1595 1463 also bisher—gegenüber den Produkten der Schnitzlerschen Muse immerhin
244 1454 1585 1493 noch eine gewisse Zurückhaltung auf unserer vornehmsten deutschen Bühne
239 1487 1582 1528 bemerkbar war, wenn keiner der früheren Burgtheaterdirektoren daran
237 1518 1575 1570 dachte, den „Einsamen Weg“ in den Spielplan aufzunehmen, so muß es
233 1567 1568 1627 unwillkürlich auffallen, daß der jetzige Leiter der Hofbühne mit dieser Zurück¬
236 1598 1582 1653 haltung bricht und sogar an einem so halb verschollenen Werke wie den
244 1650 1584 1684 „Einsamen Weg“ Wiederbelebungsversuche verschwendet. Ein literarisches
233 1683 1579 1731 Bedürfnis, zumal eines im Aufgabenkreise unserer ersten deutschen Bühne
231 1732 1581 1779 gelegenes, war hiefür jedenfalls nicht vorhanden. Der „Einsame Weg“ ist
244 1758 1570 1806 ein Schauspiel, das trotz seiner unleugbaren äußerlichen künstlerischen Schön¬
235 1802 1575 1851 heiten und seiner dramotischen Ebenmäßigkeit und Reise den dekadenten
243 1833 1586 1880 Zug der Schnitzlerschen Abeiten im vollen Maße aufweist. Der Geist der
233 1871 1573 1937 Zersetzung, der Hauch der Verwesung weht auch aus diesem Drama, und
240 1919 1579 1964 die Menschen, die wie Produkte einer pathologischen Garküche über die
232 1955 1577 2014 Bühne wandeln, bleiben uns fremd, wir fühlen, sie sind nicht unseres
238 1992 1579 2055 Stammes, nicht Blut von unserem Blute — trotzdem sie Wiener“ vorstellen
240 2024 1582 2094 sollen. Um dem zu leichten Sentimentalitäten neigenden Wiener Geschmacke
241 2072 1597 2124 Rechnung zu tragen, hat der routinierte Verfasser sein ganzes Stück auf,“
242 2123 1580 2169 Moll gestimmt, aber doch in zu schwerer, bedrückender Art, um damit eige
241 2159 1579 2199 reine Wirkung zu erzielen. Zur Zeit, als das Stück entstand, in der
239 2190 1580 2249 gärenden Literaturepoche des fin de siecle, war übrigens die Stimmung
233 2234 1583 2274 hiefür noch eher vorhanden; heute aber, wo, Gott sei Dank, diese Periode
233 2274 1573 2326 schon soweit überwunden ist, daß nicht mehr eine fremdartige, aus den
229 2304 1587 2374 Tiefen hervorwuchernde Afterkunst sich schrankenlos ausbreiten kann, war
237 2342 1573 2397 die Hervorholung des Einsamen Weges“ ein schwerer Fehler. Das Burg¬
234 2378 1572 2436 theater ist keine Kuriositätenbühne, das Bupgtheater ist auch kein Spezial¬
241 2424 761 2504 stheater für den Schottenring.
416 2669 1425 2773 Ausschnitt, ausler „Humorist, Wien
760 2734 1163 2823 MAEIL 4917
428 2802 648 2868 vom:
556 2874 1406 3001 Theater und Kunfl.
446 2988 1654 3065 (Burgtheater.) „Der einsame Weg“, den Schuitzler—meint,
323 3042 1665 3113 (das ist der Weg, den alle gehen müssen, die wahre Egoisten sind
506 3093 1664 3160 mit einem modernen Wort zu reden — „Trägheit des
327 3117 454 3186 oder
342 3160 1668 3224 Herzens“ in sich tragen. Die sich nichts schenken können, denen das
334 3189 1671 3269 Gefühl und die Freude des inneren Teilungsvermögens fehlt,
334 3249 1660 3320 die keine Liebe schenken und am Ende doch die Genarrten sind,
329 3294 1666 3357 weil auch ihnen die Liebe der anderen versagt bleibt. Darum ist
336 3335 1675 3410 der „natürliche“ Vater nicht auch der geliebte. Der Spätherbst
341 3385 1676 3464 ist nicht für jeden die Jahreszeit der Erfüllung. Aber es scheint,
343 3451 1669 3509 daß der Dichter selbst mehr mit Klugheit und Spintisierkunst
333 3484 1676 3556 schreibt, denn mit dem Herzen. Darum das Konstruierte an so
338 3534 1671 3616 vielen Schnitzler'schen Werken; auch ihnen fehlt es an Wärme
329 3580 1682 3667 und Liebe und mit dem Verstand, dem talmudischen Nachgrübeln
335 3638 1670 3693 über Probleme allein, wird er auch den einsamen Weg gehen
350 3678 1684 3756 müssen, ohne die Gefolgschaft des Publikums. Harry Walden
348 3724 1680 3799 leidet an der Schwierigkeit, ein Schicksal zu gestalten, das kein
338 3780 1681 3849 dramatisches ist; im letzten Akt, wo er aus sich herausgehen kann,
352 3829 1672 3900 holte sich der ausgezeichnete Sprecher lauten Beifall. Frau
348 3885 1682 3945 Bleibtreu herrlich, wienerisch, gütig, eine, die viel erlebt hat
352 3931 1682 3993 und doch kindlich geblieben ist, etwas nüchtern Herr Devrient,
347 3975 1692 4055 Frau Wohlgemut in einer ihr nicht liegenden Rolle wenigstens
338 4045 1691 4098 ein ästhetischer Genuß, brav die Herren Paulsen und Gerasch.
350 4065 1688 4143 Die dramatisierte Novelle wurde mit freundlicher Andacht auf¬
1600 4142 1635 4178 8
345 4144 607 4197 „nAmmon
1893 820 2202 922 Husschnitt a)
2202 828 2800 928 GENER CARICATOREN
1886 911 2559 1007 vom: 1- MAERZ 1914
1876 1057 2891 1184 THEATER.
2002 1179 2883 1255 Im Burgtheuter „Der einsame Weg“
1907 1241 2890 1332 von Artur Schnitzler. Leider kein rechter
1920 1301 2883 1388 Erfolg, denn der gefeierte Wiener Dichter
1918 1351 2889 1436 beginnt immer mehr zu schffftzeln und
1918 1417 2899 1494 zu witzeln und entfernt sich immer weiter
1911 1484 2537 1557 von der echten Wirkung.
1994 1539 2913 1619 Seine Marke ist: „Vornehm und
1916 1595 2894 1663 diskret“ und so wird er immer vor¬
1915 1651 2927 1735 nehmer und diskreter, bis man mit seinen
1924 1758 2914 1843 Gedanken und Gestalten nicht mehr mit¬
1935 1836 2240 1917 gehen kann.
2025 1868 2917 1947 Diesmal ist er auch von den Schau¬
1931 1930 2913 2017 spielern nicht genügend unterstützt worden.
1937 2009 2907 2088 Herr Walden besonders enttäuschte, da¬
1928 2042 2952 2168 gegen war die Bleibtreu geradezu,
1934 2128 2195 2218 Flassisch.
2257 2338 2741 2466 Seliehe Der Getlschen
2214 2456 2980 2538 Moderne Illustrirte Zeitung
1941 2503 2364 2591 Husschnitt aus:
2356 2520 2830 2609 Reise und Spört
2513 2577 2703 2661 Wien
1944 2620 2474 2713 WOM ALL
1835 2722 2717 2822 AUS DEN THEATERN.
1952 2817 3119 2887 Der knappe Raum, der diesmal zur Verfügung steht, die
1850 2891 3121 2939 durch den Setzerstreik bedingte lange Pause in dem Erscheinen
1845 2915 3111 2967 unserer Zeitschrift, gestatten diesmal eine nur kursorische
1844 2953 3119 2998 Besprechung der hauptsächlichsten Novitäten. Die Jahreswende
1848 2995 3125 3058 ist durch die Parsifalaufführungen charakterisiert, die wohl das
1856 3030 3130 3085 wichtigste Ereignis der Saison darstellen und die, sattsam besprochen,
1847 3081 3121 3132 ein neuerliches Zurückgreifen überflüssig machen. Das Burgtheater
1848 3106 3124 3170 hatte mit der Aufführung des „Einsamen Weges“ von Arthur
1843 3152 3120 3204 Schnitzler einen schönen Abend. Das tiefe Problemstück fand mit
1849 3193 3128 3257 der ausgezeichneten, fein abgetönten Darstellung des Burglheaters
1850 3232 3126 3283 die beifälligste Aufnahme und wirkte wie eine Novität. Wenig Glück
1864 3283 3125 3330 mit neuen Stücken ist dem Deutschen Volkstheater beschieden. Die
1863 3315 3121 3374 „Lakajen“ von Hajó, die wohl nur deshalb aufgeführt wurden,
1855 3351 3133 3406 weil sie aus Ungarn kommen, gingen ziemlich eindruckslos vorüber.
1863 3391 3133 3458 „Majolika“ von Stein und Heller präsentierte sich als ein Lust¬
2435 3439 2546 3488 und
1852 3439 2422 3493 spiel wie viele andere
2447 3477 2545 3528 ein
1856 3471 2425 3528 „Schwester Margit“,
1860 3518 2544 3574 Jugendwerk August Strindbergs, war
1857 3560 2549 3602 von vornherein eine verfehlte Sache.
1852 3596 2548 3655 Dass das Deutsche Volkstheater für
1860 3632 2561 3681 Kostümstücke nicht der richtige
1862 3680 2557 3726 Boden ist, steht schon ziemlich
1859 3715 2556 3767 lange fest. Unerklärlich ist, warum
1865 3753 2548 3800 man zu den nur für ein sehr jugend¬
1865 3794 2558 3848 liches Publikum möglichen Klassiker¬
1854 3828 2558 3889 vorstellungen an den billigen Mon¬
1862 3874 2545 3922 tagen dieses schwächliche Klimbim¬
1865 3919 2554 3962 drama des grossen Schweden vor
1867 3954 2558 4018 einem erwachsenen Publikum bloss¬
1867 3998 2020 4060 stellte.
