3436 4320
855 323 1011 381 1S 3
1484 320 1928 417 box 23/5
315 318 1317 407 18. Der Neg
904 1725 1669 1818 Dr. Max Goldschmidt
898 1794 1557 1866 Bürs für Zeitungsausschnitte
716 1855 1002 1938 BBRLIN N4
1256 1860 1705 1936 Teleion: Norden 3051
1049 1967 1371 2026 Ausschnitt aus:
753 2013 1651 2109 Münchener Zeitung, München
1021 2180 1458 2284 27. Juni 1027
780 2267 1811 2414 Kunst „ Wissenschaft „ Unterhaltung.
864 2392 1800 2469 HB. [Kammerspiele im Schauspielhaus.] „Der
792 2442 1809 2503 einsame Weg“ ist in Artur Schnitzlers gleich¬
786 2490 1801 2545 namigem Stück ein Pluralis: jeder geht ihn. Der alte
798 2526 1797 2586 Akademiedirektor Wegrath, dem seine Frau einst im Mai
782 2571 1803 2613 Hörner aufgesetzt und der es halt jetzt mit seinem Be¬
783 2605 1794 2663 ruf hat, seine Frau, die als erste die dreihundertachtzehn
793 2647 1802 2712 Stufen in den Hades hinabsteigt, ihre Tochter Johanna,
788 2694 1802 2740 die erst noch den Umweg über die Liebe zu Herrn
784 2730 1794 2792 von Sala und durch den Teich in seinem Garten nimmt,
790 2781 1803 2844 Felix, des Akademiedirektors Sohn, insoferne er gar nicht
779 2817 1799 2881 dessen Sohn ist, sondern der des Malers Fichtner, der
781 2864 1803 2915 sich vergeblich, weil zu spät, um die Anerkennung seiner
789 2899 1787 2960 Vaterschaft vor Felix bemüht und der bereits zu den bei¬
774 2954 1795 3006 den Matadoren der Einsamkeit gehört, die in ihm mehr
778 2988 1793 3038 sentimentale, in seinem Distanz=Freund, dem Schrift¬
777 3028 1782 3072 steller von Sala, mehr verstandeskühle Stichworte hervor¬
770 3070 1783 3126 xuft. Kurzum ein schöner, spät=sanfter Austro=Sonnen¬
774 3108 1789 3170 untergang. Albert Bassermann, um dessentwillen man
770 3152 1786 3214 ihn unter Herrn Stoeckels Regiestab wieder hervor¬
782 3186 1787 3251 gezaubert hat ist als Ritter der Feder von Sala mit
775 3218 1786 3294 seiner tadellosen Erscheinung und Persönlichkeit seibst¬
774 3280 1786 3320 verständlicher Mittelpunkt; das Aufgeweichte, Formell¬
768 3311 1793 3383 Charmante, das in der Schnitzlerschen Lebensluft alss
775 3341 1783 3407 Gegengewicht am Zweifel und jeden Sarkasmus hängk,
770 3396 1822 3477 deutet Bassermann nur gerade so an: wie er's sprichtst
1848 1666 2867 1757 ## um einen Schatten zu artikuliert, geschäuft, aufge¬
1842 1732 2868 1800 rauht. Sehr schön die besinnlichen Pausen vor den
1844 1774 2867 1837 „Stichworten, die er zubringt". Man hat bei Basser¬
1839 1817 2861 1880 mann. freilich immer den Eindruck, daß seine Rollen ihm
1839 1862 2859 1924 nicht mehr so tadellos folgen wie seine Röcke und Westen:
1843 1898 2858 1947 er ist, spielend, spielend, über sie hinausgewachsen. Er
1834 1942 2859 2000 schaut mit den Augen so oft darüber weg: über das, was
1844 1975 2861 2045 er eine Etage tiefer, im Mezzanin sozusagen, spricht.
1827 2015 2856 2084 Es steht ihm nicht mehr dafür, bei der Sache zu sein,
1834 2055 2865 2122 wenn nur die Sache bei seiner Person ist. — Herr
1838 2099 2853 2166 Stoeckel spielte den Fichtner mit seiner gedämpften, ver¬
1833 2132 2855 2198 Fklemmten Sentimentalität, die ihm gut zu Gebote steht,
1830 2191 2855 2253 ein Bastardeur in Moll. Frau Carstens als Gabriele
1840 2231 2847 2289 Wegraths fiel es nicht leicht, schwerkrank zu sein: immer
1838 2268 2846 2341 wollte Munterkeit und Lebenslust unter der dünnen Deche
1840 2300 2854 2362 des Lebens hervor; ich fürchte, sie ist einfach an der höchst
1828 2345 2843 2409 bedenklichen Miene des Arztes gestorben — derlei zu
1836 2389 2855 2451 ziehen ist Herr Lieck Meister; er salbt mit Worten und
1832 2437 2850 2487 Blicken ins Grab. Die liebende Johanna Wegrath
1819 2478 2847 2536 wurde von Fräulein Johannsen in der Statur der Tän¬
1831 2521 2841 2582 zerin, die sie (im Stück) morden will, sanft wehend dar¬
1823 2562 2843 2636 gestellt: eine Rose, erblüht, um zu entblättern. Herr
1820 2606 2834 2644 Martini wahrt immer noch die schöne Erbschaft aus ge¬
1832 2645 2844 2706 mütvolleren Theaterzeiten: er versteht auf schlichte
1821 2684 2839 2753 Weise zu rühren. Den Felix svielte Herr Epp, für einen
1815 2720 2834 2803 dreiundzwanzigjährigen Leutnant zu jung — man er¬
1818 2757 2811 2808 schrickt: was soll das k. und k. Popperl in Baktrien —
1821 2803 2839 2871 aber doch, inmitten etlicher Unbeholfenheit, schon recht
1825 2850 2841 2919 beholfen und von einer freien Linie, die was verspricht.
1830 2888 2854 2953 Frau Else Bassermann als das takt= und kinderlose
1822 2923 2850 3001 Fräulein Herms, Schauspielerin a. D., war, was sie zu#
1817 2971 2835 3018 sein hatte, aber etliche Grade zu unentschieden. Sie
1819 3014 2827 3079 spielt wie nach der Vorschrift; Persönliches fließt spärlich,
1812 3064 2826 3103 Könnerisches noch spärlicher in die gekonnte Vorlage. Das
1814 3093 2825 3150 Publikum klatschte wie ein Landregen anhaltend, melan¬
1814 3143 2827 3190 cholisch und sanft=durchdringend auf den einsamen Weg.
1816 3175 2851 3256 Mehrmals fuhren Bravo=Blitze dem Gaste Bassermann zu##
1815 3218 2572 3291 Füßen, worauf es Verbeugungen donnerte.
