3436 4320
-19 2015 43 2072 1
1065 249 1160 325 W
1398 252 1883 348 box 23/5
782 253 993 326 nSam
247 260 1277 355 18. Der einsuneneg
1959 774 2567 846 Die Mnne und Gelelertran,
884 776 1478 850 Nein, noch in Volen nicht d#..
180 775 521 870 s ist nicht wenig!
1967 820 2585 904 Wir Totgeweihte grußen Dich!“
167 840 418 911 neinde hat.“
878 824 1641 907 Mir zum Triumph naht Euer 82“
382 956 3050 1020 vom Herrn von Sala. Er muß ihn spielen! Unterhaltung der wirklich höchst gemischten, handelt Toni anfangs warm, dann immer
153 963 390 1053 boche.
1268 999 3049 1050 Gesellschaft beitragen. Er stellt sich hin und kühler und, als das Kind stirbt, kalt. Die
386 1009 1270 1062 Baron Berger, der damalige Direktor, nimmt's
2146 1036 3044 1107 Arme geht schließlich aus Verzweiflung in
152 1031 387 1099 #r einsame
1274 1044 2158 1101 deklamiert eine schauerliche Geschichte. Inhalt:
388 1049 1269 1099 gern zur Kenntnis! Niemand ahnte noch, daß
147 1085 395 1145 ermann in
2145 1076 3046 1138 den Tod. Franziska aber, die liebe, gutherzige
1272 1069 2157 1153 Wie er den Herzog Emile von Cadignan er¬
390 1072 1267 1135 der Künstler daran war, nicht als Herr von
173 1115 398 1167 8 „Kakadu“
2145 1126 3052 1184 Schwester des dahingegangenen Geliebten,
1267 1135 2148 1190 dolcht hat. Wie gesagt, es ist Phantasie,
392 1125 1279 1184 Sala, sondern als Josef Kainz den einsamen
159 1160 384 1211 Die Geheim¬
1276 1168 3048 1224 Erfindung, was er erzählt. Als aber der tritt für sie ein und hält am Schlusse sogar
390 1174 1271 1223 Weg zu gehen, den letzten, zum Grabe ...
161 1193 382 1263 olutionären
2149 1205 3053 1280 eine Ansprache, die sanft um Duldung bat für
1272 1217 2153 1263 Herzog wirklich im Keller erscheint und ihm
381 1212 1272 1265 Als es dann 1914 (Direktionszeit Thimig) zur
2145 1242 3052 1302 die Opfer der... freien Liebe. Selbstverständ¬
1276 1256 2154 1312 tatsächlich als der Liebhaber Leocadies bezeichnet
389 1251 1264 1307 Erstaufführung der Dichtung im Burgtheater
158 1267 396 1346 Theater¬
2148 1285 3055 1348 lich: dieses Wort wurde nicht ausgesprochen,
1277 1297 2154 1365 wird, sturzt Henry rasend auf den Herzog los
394 1306 1275 1352 kommt, da erscheint Harry Walden als Sala.
164 1326 392 1385 kala Albert
2151 1338 3049 1397 nur angedeutet. Die Hohenfels sprach dieses
1274 1344 2151 1395 und erdolcht ihn. Eine Marquise ist ganz
393 1350 1267 1396 Das war wohl der charmanteste Egoist, den die
156 1373 388 1439 hen Volks¬
2141 1378 3058 1434 Plädoyer so glänzend, daß die kirchen¬
1267 1377 2151 1440 entzückt, weil man doch nicht jeden Tag einen
381 1388 1265 1448 Wiener Damenwelt je gesehen! Die ganze Vor¬
169 1419 390 1478 ige Einzel¬
1279 1420 3057 1477 wirklichen Herzog könne ermorden sehen. In frömmsten Damen weinten. Es gab stärksten
382 1425 1276 1496 stellung war fein abgestimmt, die Zuschauer
165 1459 384 1521 vohl auch
2151 1457 3052 1526 Applaus! Denn es galt Mitleid zu haben
1272 1453 2143 1519 diesem Augenblick kommt von der Straße herab
389 1468 1280 1529 genossen das zarte, träumerische Stück wie
290 1501 389 1560 des
163 1506 309 1563 ung
2149 1505 2953 1570 mit jener Toni, die Frau Schratt spielte.
1271 1509 2142 1565 die Nachricht von der Erstürmung der Bastille.
385 1498 1280 1583 hinter einem Vorhang feinsten Flors. Das war
156 1546 391 1612 mporragte.
1272 1553 2156 1612 Unter den Rufen der Menge: „Es lebe die
2210 1548 3041 1607 Seither stand Schnitzler hoch in der
389 1552 1271 1617 gut so! Die Besetzung durchaus vornehm:
149 1588 387 1646 er, aber er
1276 1596 1866 1655 Freiheit!“ fällt der Vorhang.
2139 1586 3053 1651 Gunst der Künstlerin, die ihrerseits wieder
391 1596 1276 1665 Devrient spielte den Fichtner, Paulsen den
166 1636 385 1690 res Wiener
396 1637 1280 1695 Professor Wegrat, der gegenwärtige Direktor
1347 1629 3049 1691 Parterre und Logen waren bei der Erst= hoch in der Gunst der höchsten Hofkreise stand.
166 1678 394 1748 ndere Auf¬
386 1675 1264 1748 Herterich den Arzt Reumann, die Wohlgemuth
1267 1669 3048 1743 aufführung einfach starr. Galt doch das Also war der Herr Sektionschef=Zensor von
169 1721 387 1786 glänzende,
2145 1730 3055 1780 vornherein über dieses verbrecherische Stück
393 1727 1268 1781 reizend als Johanna und die Bleibtreu gab
1262 1726 2163 1779 Burgtheater damals so eigentlich als Domäne
188 1764 389 1825 allem die
2146 1759 3040 1826 „Kakadu“ nicht empört. Auch hatte Direktor
394 1768 1273 1826 die so eigentlich doch heitere, wienerische
1275 1774 2146 1827 des Hofes und des Adels. Und nun sahen sich
189 1807 387 1864 als zwei
379 1811 1271 1866 Bohemienne Irene Herms! Es war ein Debut
1269 1806 3050 1876 beide gehöhnt, nicht nur von der Bühne aus, Schlenther die Zensurprüfung klug ein¬
167 1842 392 1911 pielleitung.
383 1855 1268 1930 der Tragödien nach der Vergangenheit, die
1269 1859 3047 1914 sondern auch von der Galerie — weil sie gefädelt. Er bat Schnitzler, das Stück in
169 1893 387 1952 den Sala.
1262 1895 3050 1958 wahnsinnig applaudierte. Zu jener Zeit Gegenwart des Hofrates Wlassack und des
385 1891 1013 1984 dem lustigen Volksstück gehörte.
165 1933 399 1992 ittner als
895 1947 987 2007 *
1266 1941 3047 2000 durfte man so eigentlich nicht öffentlich be= Zensors vorzulesen. Nun denn — so schlecht
163 1981 395 2042 ene Herms,
2149 1980 3050 2036 wie damals soll der Dichter — das erzählte
1271 1977 2149 2036 richten, wie es zur Annahme des Stückes
456 1983 1265 2056 Vor kurzem war es noch Herterichs Ab¬
165 2020 404 2086 als Frau
2140 2020 3044 2071 man sich — noch nie gelesen haben! So völlig
1264 2028 2145 2080 kommen konnte. Es wußten's auch nur die
172 2048 1264 2122 ßliche Auf= sicht, den „Einsamen Weg“ wieder dem Spiel¬
2144 2064 3052 2114 talentlos. Er brachte nämlich gerade die
1267 2071 2154 2142 wenigsten. Heute aber kann man's erzählen:
169 2087 1268 2165 hien in die plan des Burgtheaters einzuverleiben. Jetzt,
1337 2100 3040 2170 Die kaiserliche Zensur der Hofbühnen krassesten Effekte so fanft, daß sie wie Gemüt¬
382 2136 1277 2196 nach Bassermanns Gastspiel, wird er ich's
162 2143 390 2205 m Beispiel
1270 2148 3052 2228 urteilte selbstverständlich absolut — als höchste, lichkeiten sich ausnahmen. Keine Kanone
387 2176 1265 2245 wohl überlegt haben. Dafür wird er, so heißt
166 2191 397 2257 Johanna.
1273 2183 3065 2269 als inappellable Instanz. Doch ihr Ab= klang stärker als der Schuß einer Kinder¬
382 2226 1270 2295 es, Schnitzlers rote Groteske „Der grüne
161 2238 386 2292 s sich ihm
2143 2238 2315 2308 pistole.
1264 2251 2152 2304 solutismus war gemindert durch die künst¬
385 2268 1266 2334 Kakadu“ neu inszenieren. Es ist ein Meister¬
169 2279 397 2338 artung der
2219 2265 3047 2352 Was die Zenfur schließlich verlangte?
1640 2295 2148 2348 einer liebenswürdigen
1269 2289 1659 2362 lerische Laune
267 2307 1260 2363 man werk des Dichters, unübertroffen schon allein
2140 2315 3050 2384 Die Menge solle nur viermal „Es lebe die
1265 2331 2140 2403 Künstlerin, die damals dem Burgtheater an¬
155 2359 1268 2417 lbschied für in der blitzenden Technik, Schein und Wirk¬
2146 2375 3053 2432 Freiheit!“ rufen, statt acht.nal. Die obgenannte
1265 2364 2156 2441 gehörte. Es war Katharina Schratt. Vor
168 2410 1260 2466 egung von lichkeit, Spiel und Geschehen derart miteinander
2140 2407 3048 2477 Marqwise sollte von dem Herzoamord nicht
1269 2414 2154 2469 ihrein Einfluß bei Hofe beugte sich der jeweilige
186 2437 1268 2513 Herr von zu verqnicken, daß man schließlich nicht weiß,
2148 2456 3046 2519 entzückt sein. Man gab's zu. Die Haupt¬
1260 2456 2145 2535 Sektionschef des Auswärtigen Amtes, der als
194 2492 1270 2549 Johanna] was Scherz ist und was Ernst, was Witz und
2149 2495 3043 2564 forderung des Zensors aber, man möge jenen
1274 2494 2142 2573 Zensor waltete. Frau Schratt nun hatte
154 2539 395 2594 gan ihn ge¬
383 2539 1268 2613 was Tod! Denn sie schreiten alle im gleichen
2139 2541 3049 2594 dummen Polizeikommissär streichen, der noch
1270 2537 2151 2604 Schnitzler eine prächtige Rolle zu verdanken,
163 2576 398 2642 eTräume“
385 2586 725 2649 Gewand einher.
1260 2588 3045 2654 mit der sie ein Jahr vorher einen großen Erfolg immer an einen Komödiantenspaß glaubt, als
338 2612 389 2654 7
169 2620 404 2693 rfüllen —“.
464 2601 1269 2689 Daß dieses kühne Stück mitten im
2145 2620 3052 2686 der Herzog bereits erstochen ist — dieses
1263 2634 2158 2696 erzielt hatte. Es war die Toni Weber in
172 2664 393 2743 naus dem
383 2658 1248 2719 ruhigsten Schlafe der Monarchie — 1899 —
2145 2671 3056 2727 Attentat konnte abgewehrt werden, um den
1266 2681 2068 2740 Schnitzlers Drama „Das Vermächtnis“.
1601 2704 1696 2763 4.00
274 2712 389 2768 Die
387 2707 1269 2771 in den kaiserlichen Palast auf dem Franzens¬
2148 2705 3049 2794 drolligen Patron wäre wirklich schade gewesen.
1341 2711 2159 2789 Auch die Aufführung dieses Stückes hat
157 2730 385 2812 digt. Sollte
392 2757 1273 2812 ring hat einschlüpfen, daß es ganze acht Auf¬
1263 2771 2158 2830 seinerzeit große Verwunderung erregt. Ein
161 2799 396 2859 Aufführung
396 2803 1268 2860 führungen hat erleben können, ehe man's
1260 2812 2161 2873 paar Jahre vorher (1892) hatte Fuldas Schau¬
2224 2812 3052 2885 Welche Dame des Hofes die schließliche
160 2837 391 2900 Brahm sind
393 2847 1271 2902 verhot — man hat's damals nicht begriffen.
1266 2845 2141 2920 spiel „Die Sklavin“ nach zwei Aufführungen
2148 2859 3052 2922 Unterdrückung des Stückes durchsetzte — man
162 2873 386 2945 r sucht nach
391 2894 1268 2944 Spielt dieser klassische Sketch doch am Abend
1271 2901 2148 2962 auf höchsten Befehl verschwinden müssen, weil
2146 2897 3053 2967 hat 's nie bestimmt erfahren. Wohl aber erfuhr
158 2926 389 2995 ner iernen.
388 2939 1269 2988 des 14. Juli 1789 zu Paris, am Abend der
1272 2943 2147 2996 es mit dem Eheproblem spielte. Die Sklavin
2150 2939 3051 3003 man die eigentliche Ursache der hohen Em¬
375 2981 1269 3034 Bastilleerstürmung. Ruft man doch am Schluß
1277 2987 2141 3038 war nämlich eine Ehesklavin. Und nun, 1898,
2141 2990 3045 3046 pörung. Nicht die Revolution war 's, nicht der
172 2999 398 3077 die einige
389 3021 1260 3098 die Revolution aus! Doch nein — es gibt
1259 3031 2140 3080 ließ man dieses „Vermächtnis“ aufführen, das
2151 3024 3052 3087 Herzogsmord, nicht der Schatten Maria
153 3041 391 3129 nen Schau¬
389 3072 917 3135 der Schrecken noch meor:
1258 3073 2149 3129 mit aller Wärme um Mitleid für jene
2146 3066 3053 3146 Antoinettes, der hinter allen solchen Stücken
165 3097 403 3177 durch den
466 3105 1272 3168 In der unterirdischen Schenke Prosperes
1263 3102 2150 3167 Frauen bat, die Mütter geworden, ohne zum
2142 3117 3040 3179 auftaucht. Nein — ein brillantbesetzres Damen¬
1269 3138 2149 3227 Besitz des goldenen Ringes zu gelangen. Ein
373 3144 1264 3239 treffen einander allnächtlich Verbrecher
2153 3165 3044 3224 strumpfband war 's, das ein nobler Spelunken¬
151 3169 402 3267 as fachliche.
1272 3185 1903 3274 Stück, das alle Frauen ergriff:
388 3207 1269 3257 Komödianten und viele Damen und Herren
2140 3192 3051 3271 gast der Dame schenken will, die ihm am.
1335 3223 2150 3304 Ein junger Mann aus guter Familie
2148 3252 3055 3311 freundlichsten zulächelt. An dieser Konkurrenz,
384 3248 1272 3304 des höchsten Adels von Paris zu ge¬
1270 3289 2138 3342 stürzt unglücklich vom Pferde und muß sterben.
2155 3294 3052 3368 will sich nun auch unsere lustige Frau
398 3290 1269 3363 meinsamer Unterhaltung. Sich gegenseitig
171 3276 396 3361 bekanntlich
1264 3330 2148 3393 In letzter Stunde vertraut er der Mutter
2154 3325 2563 3406 Marquise beteiligen.
501 3330 1263 3400 „Schwein" und „Kanaille“ an¬
397 3335 524 3395 mit
160 3336 384 3396 rama vom
1260 3367 2164 3439 sein Herzensgeheimnis an: Toni Weber, ein
394 3380 1269 3448 zureden, das besitzt für die degenerierte
162 3381 396 3443 nes Tages
2236 3375 3048 3457 Eine wirkliche Marquise darf aber nicht
1270 3403 2157 3479 braves Mädchen, sei seine Geliebte. Sie habe
824 3409 1260 3486 schauerlichen Reiz
389 3411 828 3487 Aristokratie einen
162 3424 406 3484 hm auf den
2145 3414 2427 3504 so lustig sein.
1264 3459 2158 3535 ihm einen Knaben geboren, jetzt vier Jahre.
163 3468 1275 3518 Kainz einen Eines Nachts muß der berühmte Komödiant
2224 3461 2735 3556 Das Stück mußte fallen.
149 3500 2175 3573 ht nicht von Henry, verheiratet mit seiner schönen Kollegin Die Eltern mögen Mutter und Kind ins
2674 3528 3036 3616 Julius Stern.
161 3542 2170 3632 ondern nur Leocadie, durch einen Stegreifvortrag zur Haus nehmen... Es geschieht. Man be¬
