3484 4448
1056 216 1128 291 W
1350 217 1857 318 box 23/1
247 223 1253 334 18. Dereinsn
339 1186 2287 1294 der eine — Julian Fichtner — genialisch, lebens= Frau in ihrer Jugend sich einer stürmischeren
1314 1225 2281 1290 Leidenschaft hingegeben hat, ja, daß sie mit der
350 1248 1278 1316 und freiheitsdurstig, der andere — Wegrath —
170 1226 286 1340 st.
1325 1270 2280 1335 Lüge in Leib und Seele eine Ehe eingegangen
354 1290 1317 1356 ein korrekter Arbeiter, ernster, etwas simpler,
1318 1315 2288 1388 ist, das ist menschlich, und wir sind keine
361 1339 1314 1404 gütiger Mensch, verlieben sich während der
1319 1345 2280 1432 Pharisäer; wir verstehen und verzeihen. Daß sie
352 1370 1310 1441 Ferien, die sie auf dem Lande zubringen, in das¬
167 1394 353 1479 nitzler.
1331 1399 2275 1464 aber jetzt, vor ihrem geahnten Tode, selber ver¬
351 1423 1314 1499 selbe Mädchen. Sie heißt Gabriele, ist einfacher
1331 1438 2282 1508 steht und verzeiht, macht sie uns schon zweifel¬
359 1467 1321 1532 Leute Kind, schön und unerfahren. Wegrath ver¬
1332 1484 2274 1554 hafter. Wir dürfen ihrer Vergangenheit recht
151 1480 343 1556 Schnitzlers
360 1511 1318 1565 lobt sich mit ihr. Aber da er nach Fichtners
1332 1531 2280 1595 geben, sie sollte es besser nicht. Das Wort ihres
163 1541 348 1600 Schnitzlers
351 1550 1313 1633 Meinung zu derlei Schicksalen geboren scheint, ver¬
1325 1570 2288 1635 Arztes: „Glücklich machen ist besser als schuld¬
162 1583 356 1644 kaphisches,
357 1594 1315 1654 führt ihm kurz vor der Hochzeit der Freund das
1324 1610 2289 1677 los sein“, das ist ganz gewiß eine Wahrheit; aber
171 1629 357 1695 präzisiert,
357 1642 1320 1695 Mädchen, will sie entführen und läßt sie im letzten
1323 1657 2290 1723 eine recht allgemeine, recht sentenziöse Wahrheit
171 1669 345 1730 fast bei¬
354 1688 1312 1742 Augenblick im Stich. Sie ist verzweifelt, natürlich,
1388 1702 2284 1776 von der wir keineswegs überzeugt sind, daß
162 1711 341 1776 en Weg“
357 1728 1330 1795 aber sie beruhigt sich und heiratet nach acht Tagen
1326 1746 2292 1806 sie auf den vorliegenden Fall paßt. Denn wir
152 1759 354 1827 onen Be¬
365 1770 1321 1835 Wegrath, der zu derlei Schicksalen bestimmt scheint.
1334 1789 2294 1853 müssen fragen: kann eine Frau, die in dieser
163 1802 356 1862 gauf, ver¬
361 1816 1324 1879 Der Knabe, den sie zur Welt bringt, kann, bei der
1335 1829 2281 1898 Weise schuldig ist, glücklich machen? Ich glaube,
167 1846 360 1906 der, ver¬
365 1858 1325 1932 vorsichtigen Verteilung der Zeit, ohne weiteres
1336 1881 2294 1944 sie kann es. Aber sie kann es nur in einer Sphäre
162 1889 358 1947 #uirch wird
368 1912 1105 1968 als Sproß der jungen Ehe gelten.
1335 1922 2286 1987 seelischer Dumpfheit, unter Lebensverhältnissen,
173 1932 356 1989 der Ein¬
398 1934 1329 2013 Das ist ein Zötlein; graziös dargestellt, mag
1332 1964 2302 2020 wo das Verantwortungsgefühl der Menschen sich
169 1973 368 2031 n die des
368 1996 1321 2059 es dieselbe Schadenfreude erregen wie der Ge¬
1344 2003 2290 2073 an realeren Dingen erprobt als an Seelen¬
156 2018 361 2094 Hand un¬
361 2036 1322 2110 prellte und Hahnrei in der Komödie. Es gehört
1329 2051 2287 2119 erlebnissen. Wir meinen also, daß alle Voraus¬
163 2068 354 2122 an Ibsen
359 2088 1324 2155 in eine Lebenssphäre, die durch sittliche Haar¬
1333 2095 2291 2155 setzungen Schnitzlers gut und richtig sein würden,
168 2102 356 2168 Schnitzler
373 2125 1333 2194 spaltereien noch nicht bekümmert ist; das ist noch
1336 2140 2299 2217 wenn sie nur nicht die Voraussetzungen zu einem
177 2153 362 2211 efühlt, zu
366 2169 1317 2228 die Sphäre des Spiels; wir freuen uns zu¬
1334 2192 1753 2258 Drama sein sollten.
179 2199 355 2252 rwar zu
367 2209 1327 2282 zusehen; es gibt nur das eine Recht: das Recht
159 2235 359 2298 t dadurch
1376 2228 2293 2298 Die Verirrung wird noch deutlicher. Frau
373 2257 1338 2325 des Stärkeren und des Schlaueren. Fallen wir
1818 2272 1900 2314 Aber
162 2283 357 2345 e Gültig¬
1346 2281 2290 2344 Gabriele stirbt, und ungefahr um die Zeit ihres
377 2298 1328 2370 aber aus dem Stande der Unschuld und fühlen
188 2327 364 2383 er seine
1348 2342 2294 2392 Todes findet sich ihr Jugendgeliebter, Julian
377 2343 1325 2426 uns vom Gewissen bedrängt, so bekommt die ver¬
159 2369 363 2429 eflexionen
1337 2373 2297 2434 Fichtner, wieder ein. Der ist in der Welt herum¬
372 2381 1329 2455 gnügliche Geschichte ein sehr abscheuliches Aus¬
151 2414 364 2470 Siege wie
1343 2416 2303 2484 gekommen, leidenschaftlich genießend, immer auf
366 2422 1332 2501 sehen. Hier hat es Schnitzler versehen, und es wird
165 2462 371 2515 Ingelegen¬
1336 2465 2307 2525 der Suche, und schließlich immer auf der Flucht.
379 2474 1337 2535 alles schief und verzerrt bei ihm, weil er die Ver¬
168 2495 363 2559 Herz jedes
1340 2508 2295 2561 Seine Begabung hat nicht gehalten, was sie ver¬
382 2512 1195 2598 änderung der Perspektive nicht beachtete.
165 2544 373 2606 mittelbar
1352 2559 2298 2616 sprochen hat. Die Kunst war spröde, das Leben
416 2557 1337 2631 Wegraths Ehe ist glücklich; außer dem ersten
168 2589 377 2649 sprüngliche
1348 2595 2296 2654 war es nicht. Aber der Trank, den es ihm bietet,
376 2612 1339 2689 Kinde, Felix, wird ihm ein Mädchen, Johanna,
156 2633 370 2693 ggessen zu
1353 2640 2306 2698 fängt an, ihm schal zu schmecken; die Kraft verläßt
383 2665 1339 2727 geboren; die Kinder sind ihm nicht ferner, als
172 2676 370 2735 en sie doch
1346 2685 2304 2744 ihn, die Elastizität wird geringer, und so, nicht
380 2705 1347 2762 dies im Durchschnitt gewöhnlich ist; die Frau
166 2717 366 2772 stler und
1342 2722 2310 2789 weit davon, als triste cochon den Kopf in
375 2744 1347 2818 liebt er mit stets sich gleich bleibender Zärtlich¬
167 2761 369 2817 s die des
1353 2765 2301 2842 Aschermittwochsstimmung hängen zu lassen, sucht
381 2788 1344 2869 keit. Die Jahre vergehen, die Kinder sind groß,
150 2800 366 2863 Matur als
1350 2814 2308 2873 er sich eine Heimat bei seinem Kinde. Er entdeckt
383 2832 1348 2905 der Sohn Offizier, Johanna eben zur Jungfrau
166 2851 373 2922 rz zu der
1344 2857 2317 2919 dem Felix, daß er sein Sohn sei. Felix, der zu
384 2874 1354 2943 erwacht. Die Frau wird krank und fühlt ihr Ende
1359 2901 2308 2963 Fichtner bisher das schöne Verhältnis des jungen
390 2919 1341 2986 nahen. Sie blickt auf ihr Leben zurück und sie
173 2913 370 2993 dem Kon¬
1354 2942 2317 3002 Menschen zum älteren Freunde gehabt hat, fühlt
385 2967 1350 3022 findet keine Schuld darin; sie bereut nichts; sie
177 2982 378 3042 bildet, in
1345 2989 2315 3058 sich verwirrt; das Geständnis nähert ihn nicht,
384 3000 1350 3066 läßt sich's von ihrem Arzt bestätigen, daß „glück¬
182 3025 384 3083 t sie durch
1359 3036 2321 3099 sondern entfernt ihn innerlich vom leiblichen
394 3047 1198 3124 lich machen besser ist als schuldlos sein“.
163 3067 378 3125 ust befreit,
173 3091 1535 3172 Künstler, Schou bier stutzen wir. Wir finden: daß die Vater.
2310 1142 3263 1233 Merkwürdig ist freilich, daß dieser Sohn vor¬
2285 1187 3276 1269 urteilslos genug ist, mit seiner toten Mutter
2287 1244 3264 1311 keinen Hader anzufangen (wie tief und wahr ist
2290 1291 3262 1360 doch Jacobsens Frau Fönß!). Sie sind überhaupt
2285 1329 3268 1402 sehr vorurteilslos, die Leute in diesem Stück,
2288 1380 3258 1447 lauter moralische Snobs, moralische Preziösen.
2333 1417 3262 1486 Fichtner will sich seinen Sohn erkämpfen, und
2287 1463 3266 1533 er erklärt ihm, wie damals zwischen ihm und
2297 1508 3274 1567 Gabriele alles gekommen sei. Und hier ist die
2290 1552 3265 1614 faule Stelle des Dramas, von der aus es sich
2300 1593 3267 1669 selbst zerstört. Dieser Julian Fichtner, der sich für
2296 1639 3285 1702 einen Künstler und, innerhalb der Grenzen, die
2298 1683 3280 1748 dem Künstler gesteckt sind, anständigen Menschen
2300 1727 3270 1795 hält, erzählt nach fast einem Vierteljahrhundert
2293 1767 3275 1832 dem Kinde seines Betruges diesen Betrug, als sei
2299 1817 3283 1883 er noch derselbe junge, blinde Fant von ehemals.
2292 1864 3281 1940 Auch er bereut nichts, auch er weiß nichts von
2301 1905 3273 1966 Scham. Und hier, wie bei der Frau, müssen wir
2309 1948 3272 2013 sagen: wir können ihm verzeihen, was er vor
2297 1985 3277 2058 fünfundzwanzig Jahren getan hat; daß er selbst
2303 2034 3273 2098 es sich verzeiht, daß er mit dem. Phrasengewäsch
2301 2077 3267 2145 junger Kaffeehausläufer seinem eigenen Kinde
2308 2122 3269 2184 in den Ohren liegt, ist unerträglich. Möglich,
2297 2167 3272 2233 sogar wahrscheinlich, daß es Menschen dieser Art
2313 2205 3275 2285 gibt; aber was die miteinander abzumachen haben,
2311 2256 3274 2319 geht uns nichts an; die Besinnung über das
2310 2301 3278 2369 Leben, die aus ihren Konflikten aufschimmert,
2301 2349 2663 2426 ist unschöpferisch.
2345 2374 3284 2455 Und doch ist es wohl so, daß hier irrtümlicher¬
2303 2437 3290 2498 weise ein ethisches Urteil gefällt wird, wo ein
2309 2471 3291 2550 Kunstfehler vorliegt. Der Dichter hatte nötig,
2827 2529 2876 2563 111
2312 2526 3287 2593 die Vorgeschichte in ihren Einzelheiten mitzuteilen,
2307 2562 3294 2637 und er wußte dieses nicht indirekt zu machen. Nur
2317 2601 3292 2678 damit wir erfahren, wie sophistisch Julian ehe¬
2316 2649 3285 2722 mals dachte und handelte, muß er mit grauen
2313 2698 3282 2765 Haaren dasselbe in fünfundzwanzig Jahren nicht
2319 2744 3291 2803 verdächtigte Sophisma vortragen. Daß Feliz
2316 2786 3284 2846 den kläglichen Argumenten nicht weicht, ist kein
2326 2837 2962 2913 sonderlicher Ruhm für ihn...
2353 2865 3291 2956 Es geht neben dieser eine zweite Handlung.
2319 2925 3289 2990 Sie ist ohne Problem, seltsam und schön anzu¬
2327 2976 3297 3036 schauen, voll Zwielicht. Ihre ursächliche Ver¬
2329 3009 3299 3077 knüpfung mit der ersten ist lose, und ihre Aus¬
2322 3048 3315 3150 führung mehr andeutend als eneroisch. Doch ister
