3484 4352
1449 219 1904 316 box 23/2
849 227 1064 297 Süne
284 231 1286 339 18. Der ein. Neg
750 1109 1525 1238 Wien, I., Concordiaplatz 4.
986 1202 1296 1276 Vertretungen
562 1235 1686 1354 in Berlin, Budapest, Chicago, Genf, London, New-Tork,
563 1291 1686 1396 Paris, Rom, Mailand, Stockholm, Christiania, St. Petersburg.
839 1338 1414 1441 (Quellenangabe ohne Gewähr.)
550 1423 1619 1546 Ausschnitt außichtage-Revus, Wien
566 1529 765 1601 vom:
756 1545 843 1639 1
882 1553 1201 1658 S
807 1674 1308 1747 Eine Ablehnung.
621 1724 1608 1808 Im Hofburgtheater wurde das neue Schauspiel „Der
525 1799 1600 1857 ein sahme Weg“ von Arthur Schnitzler abgelehnt
529 1850 1589 1910 Man hält diese Entscheidung geheim, offenbar weil man un¬
525 1872 1131 1953 bequeme Diskussionen befürchtet.
636 1936 1595 2002 „Der einsame Weg“ wird auf der Hofbühne nicht er¬
533 1960 1602 2034 scheinen, während Arthur Pserhofer dort gespielt wird.
533 2043 1607 2093 Eigentlich wäre über diese bezeichnende Tatsache kein Wort
533 2087 1605 2144 weiter zu verlieren, aber wir können doch nicht stillschweigend
528 2140 1598 2191 vübergehen. Ob Pserhofer mit seiner in fragwürdigem
525 2172 1600 2244 Deutsch geschriebenen Komödie „Die Diplomatin“ unter den
525 2226 1608 2287 Direktoren Dingelstedt und Wildbrandt untergekommen wäre,
532 2267 1596 2344 möchten wir bezweifeln; selbst der Theaterpraktiker Förster
523 2324 1601 2377 hätte Anstand getragen, diesem Gemenge von Jourwitzeleien
526 2379 1610 2437 und Kalauern die Tore des Burgtheaters zu öffnen. Es
524 2425 1603 2468 mußte der schneidige Kritiker Paul Schlenther aus Berlin
524 2467 1608 2530 mit der Würde eines Direktors der ersten deutschen Bühne
523 2518 1598 2586 bekleidet werden, um Jung=Arthur burgtheaterfähig zu
524 2569 1588 2623 machen. Aerger konnte österreichische Heimatskunst nicht kom¬
517 2616 1588 2669 promittiert werden. Draußen vor dem Prunkhause am
525 2654 1600 2727 Franzensring stehen wirkliche österreichische Dichter und
519 2709 1587 2758 harren der Aufführung ihrer Werke — man läßt ihre Phan¬
515 2760 1603 2809 tasiekinder modern im Archivgrabe oder auf kaltem Wege
516 2806 1589 2852 töten durch Berufungen auf technische Schwierigkeiten, Be¬
517 2854 1593 2914 denken und wie die seidenen Schnürchen heißen mögen, mit
529 2908 1599 2948 welchen mißliebige Leute beiseite geschafft werden. Aber für
516 2953 1605 3018 Herrn Pserhofer schlug eine gnadenreiche Stunde, obwohl
518 2999 1595 3063 Eingeweihte wissen wollen, seine Komödie habe vor Jahres¬
521 3048 1597 3101 frist eine saufte Ablehnung seitens der Einreichstelle erfahren.
517 3088 1600 3163 Dann wurde plötzlich der harte Sinn Schlenthers weich und
515 3153 1593 3208 „Die Diplomatin“ ging in Szene. Hatte sich vielleicht in¬
519 3198 1589 3254 zwischen der Autor irgendwie ins Szene gesetzt, daß ihm
516 3241 1596 3296 plötzlich eine andere Behandlung zuteil wurde? Die Kritik
517 3282 1598 3361 wies die saft= und kraftlose Novität zurück und bei der
523 3339 1590 3410 zweiten Aufführung zeigte der Kassarapport einen Tiefstand,
559 3446 1639 3523 der dort erschreckte, wo man für andere Tiefstände weniger
570 3508 1647 3557 empfindlch ist. Wir sind auf das Novitätenprogramm des
570 3546 1414 3634 Burgtheaters im nächsten Spieljahre neugierig.
2106 1750 2936 1860 Dr. Max Goldschmidt
2290 1847 2677 1919 e Bureau für
2241 1906 2784 2008 Zeitungsausschnitte
2516 1993 2981 2077 Telephon: III. 3051.
2016 1985 2450 2076 Berlin N. 24.
2265 2116 2741 2202 Ausschnitt aus
2235 2347 2841 2458 Neues Wiener Journal
2376 2484 2752 2601 31 MAl 1904
2466 2641 2715 2718 ###
1947 2782 3098 2843 * Es wird heute bekannt, daß Arthur Schnitzler sein
1841 2806 3100 2896 Schauspiel „Der einsame Wie#fe der
1842 2874 3095 2925 litzten Saison im Deutschen Theater in Berlin nur mit einem
1843 2920 3085 2983 Achtungserfolg gegeben wurde, auch dem Burgtheater zur
1838 2972 3096 3052 Aufführung eingereicht haben soll. Director Schlenther
1837 3022 2610 3095 hat jedoch das Stück abgelehnt.
