3436 4448
1421 242 1892 343 box 23/1
254 246 1281 348 18. Der einsane Neg
3159 562 3357 642 , ub 8
1776 570 3136 672 Mmt ne mamne-ertainement pas de nobleson annonce de N...
2707 627 3356 680 que la paix est signée sans con
1161 641 2709 717 ee ehe sont excellentes. II exemples de gloire, d’abnégation et de sacriflces dont
1665 663 3358 769 on doit s’inspirer. Le nom pris aujourdhui est un de- est confirmé co matin par la l#
691 655 991 741 16, Han..
625 691 1340 775 en est de môme avecle Montenegro.
1675 712 2926 809 voir et impose par Jui-mème une fol. Je reçois avec! à Paris.
661 731 1673 832 M. Pachitch a ajouté en souriant: — D’ailleurs, en
2712 842 3352 920 imaginé. Evidemment, quel
1682 855 2710 947 avec le rossignol. L’héroine de sa dernière
2719 903 3351 967 meurés fideles à leurs encien
627 901 1674 988 binaison invraisemblable, un homme juste qui
1685 915 2706 991 pièce Novella d’Andrea est la célèhre sa¬
2717 950 3357 1007 nuent à protester en souven
633 948 1663 1022 voudrait permettre à tous les gens de vivre se¬
1691 958 2709 1027 vante qui professait comme doctoresse en droit
2705 990 3358 1069 jeunesse. Nous nommons ces
637 981 1668 1072 jon leurs désirs et selon leurs instincts. De ce
1687 1006 2714 1079 à Bologne au XIVe siècle. Le jour le plus glo¬
2721 1028 3360 1108 ceux qui ont été sur les bar
632 1032 1676 1098 caractère à double face, il résulte une situa¬
1673 1045 2711 1108 Frieux de sa vie, celui de sa promotion solen¬
2721 1075 3351 1146 de 1848 v. Sudermann nous
633 1075 1676 1156 tion absolument nouvelle et très ingénieuse,
1681 1091 2719 1154 nelle, lui apporte en méme temps l’humiliation
635 1108 1679 1187 c’est que ce n’est pas la femme adultère qui re¬
2722 1109 3355 1176 vieux héres qui croient touj
1688 1132 2715 1203 la plus profonde; parce que son collégue San
2713 1164 3362 1235 les barricades, et qui, dan
640 1153 1683 1232 çoit des reproches. Mais cest elle qui sait des re¬
1689 1172 2715 1248 Giorgio'ne la demande pas en marlage mais lui
2728 1204 3354 1279 publique, prononcent des ar
631 1198 1676 1290 proches au mari trompé. Une femme a failli
1691 1223 2713 1291 demande la main de sa petite scur l’insigni¬
2725 1253 3338 1309 les oppresseurs du peuple.
643 1248 1690 1325 aux Lois du mariage et attend le pardon ou la
1687 1287 2034 1343 flante Bettina.
2730 1291 3353 1355 de se considérer comme des
640 1293 1684 1373 vengeance, un acte d’amour ou de haine, la
1741 1285 2723 1377 Après dix ans, ils se rencontrent à nouveau
2730 1334 3353 1404 gereux et ils se complaisent
636 1330 1693 1392 gräce ou la mort. Mais ce qu'elle ne supporte
1688 1359 2725 1419 et San Giorgio lui confesse la déception de son
2725 1379 3351 1436 tions, tandis que tout le
637 1370 1683 1460 pas, parce que cela froisse le plus profondément
1688 1399 2716 1476 mariage. La prédilection des hommes pour une
2729 1422 3358 1488 leurs secrets. Ce que Suder
649 1421 1680 1491 ses sentiments de pudeur, c’est une discussion
1698 1436 2722 1513 femme simple et modeste l’avait induit en er¬
2733 1463 3355 1539 personnages, surtout avec
642 1457 1689 1537 tranquille, scientifique, qui constate simplement
1694 1478 2729 1560 reur, parce que sa Bettina s’était révélée trop
2732 1512 3355 1582 cipal qui porte dans les a
639 1510 1687 1588 un écart érolique sans importance là ou elle
1706 1531 2733 1599 simple d’esprit pour pouvoir vivré avec lui, en
2724 1558 3336 1619 club le nom de guerre 7
644 1549 1690 1616 croyait avoir donné tout son ccur. Bien qu’elle
1699 1566 2726 1630 commanauté iptellectuelle. Et maintenant, il
2730 1595 3347 1654 clair. II voulait dire que
641 1605 1699 1661 en ait le loisir, elle préfère ne pas rester avec
1692 1616 2733 1694 apprend qulil a passé à côté de son bonheur,
2730 1623 3357 1696 mème est une beile chose,
653 1628 1701 1703 les grands hommes qui planent au-dessus de
1703 1656 2727 1731 parce qu'il n'a pas su reconnaftre la femme al¬
2730 1677 3360 1747 idéals individuels changent
643 1682 1694 1747 toute vie sentimentale, elle préfère l’homme
1696 1686 2731 1788 mante dans la collégue savante. Jusqu’à cette
2736 1726 3362 1787 à vouloir vivre éternellemen
649 1733 1691 1795 plus simple qui a souffert avec elle et qui a pu
1705 1739 2736 1813 scène, M. Fulda n'a employé que des effets con¬
2773 1770 3353 1824 Mais il n’en est pas mol
642 1754 1702 1836 avoir des faiblesses à son égard. Cette scène
1702 1781 2736 1873 nus de comédie et des personnages purement
2737 1807 3360 1881 s’est grandement trompé, p
647 1805 1691 1879 était assez sérieuse pour provoquer chez le pu¬
1704 1826 2741 1902 conventionnels, de sorte que nous autres, spec¬
2733 1858 3352 1911 de 48 b sont presque tous d
661 1860 1702 1923 blic du & Théätre allemand d un intérét sympa¬
1710 1869 2738 1953 tateurs, nous ne sommes plus prédisposés à
2743 1901 3360 1960 aux révolutionnaires comm
651 1900 1698 1958 thique; mais il ne s’était pas encore suffisam¬
1703 1920 2733 1983 accepter sérieusement cette philosophie du ma¬
2740 1942 3347 2022 jouent aux Indiens. Plus
648 1930 1706 2012 ment écarté de ses bons vieux principes pour
1707 1963 2732 2035 riage. Le triste entretien de deux étres de¬
2746 1972 3353 2056 cöre que le côté superficiel
658 1980 1702 2055 consentir à ce qu’on lui imposät un adjoint ja¬
1704 2001 2745 2080 venus malheureux n'a rien de bien probant; on
2738 2034 3361 2088 est l’invention de mauvais
656 2020 1697 2106 ponais du maftre, qui, en qualité de conlident
1710 2063 2740 2131 pourrait tout aussi bien admettre le contraire,
2740 2078 3354 2147 Taction est mise en mouv
659 2067 1707 2149 et raisonneur, avait à commenter la civilisation
1711 2099 2738 2161 c’est-à-dire que si San Giorgio avait épousé No¬
2741 2121 3358 2188 Socrate est dentiste, et con
654 2116 1702 2191 européenne au point de vue asiatique et d expli¬
1712 2133 2746 2210 vella, il se serait plaint auprès dé sa belle-scur
2743 2163 3362 2224 un tel point fidele à ses p
651 2158 1702 2240 quer constamment le sens de la pièce. Les traits
1708 2176 2745 2260 Bettina que sa femme était plongée toute la
657 2201 1701 2284 d’esprit médiocres du causeur jaune diminué¬
2745 2200 3362 2270 ques, qu'il refuse d’opérer
1703 2223 2734 2301 journée dans ses livres au lieu de s’occuper de
2747 2248 3350 2310 au chien de chasse d’un pri
656 2244 1703 2313 rent simplement le succès de la pièce, landis
1717 2263 2751 2346 son ménage et de ses enfants. Si la pièce prouve
2748 2295 3354 2360 fils, d’un temps plus pratig
667 2290 1715 2356 que, quelques années auparavant, ils l’auraient
1717 2319 2739 2380 quelque chose, c’est qu'elle confirme la vieille
2745 2335 3355 2401 et comme le prince est ires
664 2349 1301 2414 fait échouer complétement.
1719 2348 2743 2428 vérité, que les hommes préfèrent volontiers les
818 2355 1700 2445 a des esprits de deuxième ordre qui,
2760 2380 3360 2447 tion, il décore le père. Les#
1720 2382 2750 2478 femmes bornées aux femmes intelligentes et
2755 2423 3348 2482 de lui remettre l’ordre, le
662 2412 1709 2491 mienx que les génies originaux, caractérisent
1725 2444 2750 2518 qu'avec celles-ci ils ne trouvent pas le bonheur
2758 2454 3361 2537 vienx révolutionnaires on
678 2461 1718 2532 un mouvement, général, parce qu'ils suivent
1717 2495 1968 2568 non plus.
666 2510 1710 2586 tout mouvement en y opposant une moindre
2746 2510 3357 2575 année à mort, et son en
1755 2508 2746 2594 II nous reste à jeter un regard sur les au¬
667 2548 1721 2611 résistance. Acette catégorie appartient M.Louis
2747 2553 3334 2618 terreur générale, parce qu
1721 2555 2761 2642 tres théätres de Berlin. Au Lessing Theater, qui
668 2582 1721 2672 Fulda, quin'a jamais provoqué d’orage, mais
2745 2589 3355 2674 se croient découverts et
1723 2618 2747 2679 n'a de son grand patron que le nom, il faut no¬
673 2634 1720 2712 qui sait tonjours habilement conduire sa bar¬
2753 2638 3333 2713 prison. Le décoré ne
1718 2669 2758 2728 ter un échec complet d’un auteur célèbre et tres
665 2674 1722 2746 que. II aécrit une tres jolie comédie satirique
2765 2669 3357 2758 de regarder un momen
1723 2701 2753 2765 expérimenté et le triomphe éclatant d’un jeune
669 2714 1720 2789 1e Talisman, il a admirablement traduit Mohère
2760 2728 3354 2798 plaisance, puis il le rej
1722 2743 2745 2814 qui se risquait pour la première fois à la scène.
676 2765 1724 2831 et rendu avec une telle facilité et unstel succès
2758 2763 3352 2838 pleure sur sa faiblesse et
1719 2773 2756 2856 A Berlin, on ne tient pas compte des années
683 2809 1724 2883 les vers gracieux dé Cyrano qulil öserà Safta¬
2765 2807 3355 2881 qui ne peut plus supporte
1725 2831 2759 2904 littéraires, vérité que M. Sudermann a dd ap¬
2761 2858 3368 2932 velle génération n’est pag
678 2856 1456 2937 quer aussi à la Princesse lointaine.
1734 2865 2765 2962 prendre à son détriment par sa dernière comé¬
731 2884 1716 2958 Il voulut également figurer parmi les dicta¬
2756 2906 3366 2967 M. Sudermann. Les üls de
1727 2919 2757 2991 die Der Sturmgeselle Socrates. L’auteur del'Hon¬
2758 2945 3364 3008 des häbleurs, des arriviste
678 2935 1723 3007 teurs qui s’étaient proposés de révolutionner la
1732 2958 2763 3031 neur et du Foyer (Magda), dont les premiers
2762 2982 3359 3052 des commerçants égoiste
678 2983 1722 3072 littératare allemande. II y a douze ou quinze
1735 3005 2753 3070 succès ont été fropfaciles, etqu’on lui fait payer
684 3029 1722 3111 ans, il était naturaliste intransigeant. Dans une
2758 3025 3352 3116 parmi eux montre des ten
1735 3054 2753 3120 maintenant, voulait écrire une satire politique,
692 3072 1726 3155 prose vigoureuse, alors de mode, il critiquait
2771 3072 3354 3156 par là, l’auteur veut proba
1735 3103 2760 3173 et, bien que progressiste lui-méme, il prit pour
698 3115 1726 3177 notre état social et il invitait surtout les femmes
2761 3120 3361 3178 les vieilles idées démocrati
1741 3137 2765 3206 cible les vienx démocrates qui ne peuvent pas
696 3155 1733 3233 à briser courageusement les liens qui les en¬
2762 3160 3358 3233 refuge, sous une forme
1738 3171 2771 3258 se faire aux condilions du nouvel Empire. De¬
697 3196 1724 3267 chafnaient depnis des milliers d’années. Au¬
2762 3200 3366 3291 parti démocrate-socialist
1734 3218 2758 3313 puis la Révolution de Juillet jusqu'à la guerre
687 3238 1731 3317 Jourd'huiil écrit en vers, comme c’est la mode,
2770 3253 3357 3322 que des allusions dont
1741 3267 2759 3331 de 4866, presque tous les étudiants en Alle¬
708 3292 1735 3352 fl fuit l’actualité prosaique et dans deux pièces
2769 3296 3352 3357 son incarnation artistiqu
1745 3307 2759 3379 magne ont été démocrates. Ils portaient le ru¬
2762 3331 3355 3393 comédie ou les hommes
689 3326 1740 3407 Ha déjà fait passer devant nos veux l’époque si
1741 3347 2768 3426 ban noir, rouge et or, symbolé de leur idéal.
2772 3378 3358 3452 des marionnettes, ennu
699 3368 1736 3445 priste actuellement de la Renaissance, etil dit
1738 3388 2773 3466 Beaucoup furent mis en prison, et un grand
696 3411 1743 3498 aux gracieuses dames qu’elles ne sont pas failes
2786 3417 3353 3502 que d’esprit, aufant qu
1738 3438 2769 3517 nombre se réfugia pendant l’époque révolution¬
689 3463 1736 3521 pour Findépendance intellecluelle et qu'elles
2776 3456 3327 3535 manque de cceur, le
1743 3480 2770 3555 naire en Amérique. La plupart adhérèrent à la
697 3508 1738 3570 n’ont à attendre d’aucune émancipation une
2784 3506 3347 3572 tement manifesté son 1
1742 3524 2777 3595 politique de Bismarck, et ils acceptèrent que
697 3552 1744 3624 ples grande part de bonheur. Après avoir
703 3556 3365 3652 erbassé avec les corbeaux, il chante maintenant] l’Empire füt fondé autrement qu'ils ne l’avaient 1 laissé tomber la pièce de
2194 3630 2935 3827 De de desense
762 3765 1794 3875 Sneche beguee
430 3713 545 3892 +
2061 3914 2651 4027 un
1162 3894 1951 4067 ee
