3436 4224
865 222 937 279 a
1377 201 1857 308 box 23/4
228 213 1242 318 18. Der einsede Nen
893 1081 3244 1151 Sohn. Und sie leben nicht lange und es ergeht ihnen bedeutet in keiner Hinsicht einen Gewinn, kann aber
146 1084 889 1167 s, ja nicht einmal gelingt, seine
2058 1140 3234 1195 unter Umständen sehr wohl Verluste bringen. Denn
897 1140 1391 1211 nicht wohl auf Erden.
140 1141 889 1210 zu jenem anderen Vater, dem Pro¬
2067 1179 3231 1238 Schnitzlers Art, so ziemlich alle Gefühle zu verhöhnen
973 1169 2058 1250 Diese Menschen sind nicht von unserem Fleisch und
135 1194 905 1261 hnur im geringsten zu erschüttern.
1576 1233 1692 1274 L2%
2067 1214 3243 1284 und zu verleugnen, die nach unseren Begriffen den
900 1233 2067 1297 Blut. Um diese Menschen zu erriären, bedarf ich nur
140 1244 892 1324 r Wegrath hat solche treue Anhäng¬
2071 1274 3235 1329 wertvollsten ethischen Besitzstand unseres Volkes bilden,
903 1290 2052 1346 eines Wortes: Es sind jübische Menschen. Sie sind die
133 1299 894 1367 kötig. Denn eben betrifft ihn der
2071 1315 3238 1394 bedroht wie eine Seuche den Zuschauerraum des
908 1337 2057 1393 Kreaturen eines Dichters, der glaubt, das uralte
126 1351 898 1420 Ausgang eines zweiten kleinen
2069 1369 2304 1437 Theaters.
897 1381 2067 1445 Erbteil seiner Rasse: ihre Unstetheit, ihren zersetzenden
117 1393 887 1453 in das erzählte Hauptdrama einge¬
2148 1391 3233 1476 Der einsame Weg führt in unermeßliche Trost¬
905 1428 2070 1489 Zweifel an allen lebensbejahenden Werten als dramati¬
124 1448 894 1507 ochter Johanna, dieses mehr als
2070 1451 3237 1523 losigkeit. Laster und Gemeinheit sind als Wegweiser an
900 1482 2058 1538 schen Atem verwerten zu können. Es gibt kaum ein
134 1490 904 1572 e Mädchen, hat sich in einen anderen
2074 1509 3244 1581 seinen Rändern aufgestellt und kein Sonnenstrahl ver¬
908 1534 2060 1590 Schnitzlersches Stück, an dem sich dies nicht nachweisen
139 1547 902 1608 Familie, den gleichfalls alternden
2081 1562 2343 1635 goldet ihn.
899 1576 2075 1619 ließe. Viele von ihnen haben wienerischen Glanz und
154 1593 900 1648 von Sala verliebt und ist ihm
2167 1579 3244 1665 Auruf und Frage an das Hofburgtheater: Wo¬
903 1624 2070 1685 Duft. Wie himmelweit aber liegen sie ferne von unse¬
135 1646 890 1701 geworden. Aus ungeklärter Ursache,
2079 1643 3249 1715 durch sah sich diese Hofbühne veranlaßt, dieses alte,
905 1675 2072 1724 rem Wesen und Denken. Denn ihr Wienertum ist nur
131 1694 898 1752 halb, weil sie von dem Hausarzte
2073 1700 3251 1758 notorisch schlechte, anderweitig längst durchgefallene, ja
899 1724 2060 1779 Anstrich, nur Fassade. Wie absolut wesensfremd uns
121 1729 902 1808 nSala unheilbar krank sei und nur
2074 1747 3249 1823 bei der Première am Deutschen Theater in Berlin laut
903 1769 2070 1845 die Art doch ist, im Gespräch =unsere Gefühle zu zer¬
127 1787 903 1857 e zu leben habe, stürzt sie sich in den
2081 1798 3169 1873 und rücksichtslos verlachte Stück aufzuführen!?
905 1813 2064 1875 fasern, sie mit glänzenden Worten vor dem anderen
136 1826 902 1884 Villa. Natürlich liebte er, dieser
903 1866 2075 1921 auszubreiten, ihm unsere Träume und Vorstellungen
128 1874 906 1947 chaften überhaupt unzugängliche
2148 1861 3240 1936 Herr Paulsen veredelt die schönste Rolle dieses
902 1903 2075 1962 aufzudrängen, wie es so viele der Schnitzlerschen Men¬
126 1931 895 1987 en nicht, sondern nahm sie, die
2066 1919 3242 1991 Stückes, den Professor Wegrath, mit seiner ganz ge¬
905 1962 2075 2014 schen tun. Wie sehr es doch gegen unsere Natur ist,
130 1974 908 2041 Spiel und Laune so nebenher mit.
2073 1985 3255 2043 klärten Kunst. Herr Gerasch ist als Felix sympathisch
903 2008 2076 2066 hinter allen, auch hinter den klarsten Dingen, Anlässe
128 2023 903 2082 de durch die Krankheit zu entgehen,
2073 2025 3240 2090 wie selten. Fräulein Wohlgemuth sieht man mit
899 2053 2081 2119 zu quälend tiefsinnigen Grüblereien aufzuspüren!
121 2074 902 2136 nskünstler schließlich selber den Rest.
2075 2071 3242 2132 Bedauern ihre Hoheit an die Ueberspanntheiten der
910 2103 2080 2164 Dieser einsame Weg spielt sich ab in ein paar Herbst¬
130 2119 902 2187 s auch dieser, womöglich noch un¬
2078 2110 3248 2177 Johanna verschwenden. Den Julian Fichtner spielte
903 2154 2084 2209 tagen, deren Schönheit oft beteuert wird, niemals
139 2156 909 2225 selle als gleichfalls bemitleidens¬
905 2159 3257 2254 aber ohne einen Seufzer, wie ich mich denn überhaupt Herr Devrient in einer Art, die sicher einen Gipfel
143 2212 901 2270 Alter Einsamen empfohlen werden
2076 2222 3252 2280 der Vollendung bedeutet, während Herr Walden als
904 2247 2073 2299 nicht entsinne, während des ganzen Stückes auch nur
143 2264 874 2334 lich mit dem gleichen Mißerfolge.
2072 2274 3257 2341 Stefan v. Sala sich darin gefiel, diese ohnedies uner¬
898 2295 2074 2362 ein einziges Mal lachen gehört zu haben. Wie gründlich
2083 2315 3256 2387 trägliche Gestalt so sehr zu überspitzen, als er nur ver¬
136 2310 905 2397 s angedeutetes Dramenmotiv: Die
912 2336 2082 2397 verkennt dieser Dichter, dessen wienerische Note man oft
2086 2355 3259 2426 mochte. Keiner der Darsteller dachte daran, in diesem
138 2396 904 2460 ine Herms, welche Julian Fichtner
910 2391 2074 2449 rühmen gehört hat; das Wiener Wesen und d. Wiener
2077 2407 3259 2465 angeblich wienerischen Stücke dialektisch Wiener¬
138 2432 907 2497 kführt und verlassen hat. Sie iebt auf
910 2439 2080 2497 Landschaft, die auch dann noch heiter sind, wenn sie
2083 2447 3253 2521 tum anzudeuten. Keiner, außer Frau Bleib¬
137 2493 904 2543 rwandten, hat sich zur Not über ihre
916 2486 2074 2540 wehmütig sind. Welch ein Nutznießer ist er am Blute
3112 2491 3260 2569 eine
2901 2502 3123 2565 Herms
2081 2505 2259 2569 treu,
2447 2497 2897 2576 mit ihrer Irene
2243 2508 2462 2573 die
137 2535 909 2591 getröstet, und macht dem einstigen
920 2531 2078 2591 dieser Stadt, der man einreden will, sie habe ihm als
2081 2534 3257 2624 prachtvolle Gestalt von süßer Herbheit schuf.
128 2582 903 2635 wieder freundschaftliche Besuche. Als
911 2582 2084 2647 ihrem Dichter zu danken. Auch heute wieder flogen uns
2175 2592 3252 2656 Das Schönste des Abends: die Szenerie des
142 2622 911 2690 ß Fichtner einen gerade aus der Zeit
910 2629 2080 2704 unausgesetzt Worte, wie: Dornbach, schöner Weg bei
2087 2637 3262 2704 vierten Aktes. Ein Park um eine Villa in Dornbach,
152 2673 910 2737 stammenden Sohn hat, ist es mit
913 2678 2085 2740 Salmannsdorf, Türkenschanze um die Ohren, daß
2081 2685 3265 2755 Ausblick durch eine Allee auf eine Waldwiese. Herbst¬
132 2722 910 2795 ungenen Fassung vorbei. Ihr bleibt
919 2723 2086 2787 wir wohl meinen sollten, weiß Gott wie wienerisch doch
2083 2738 3262 2817 liches Verglühen. Die Abendsonne vergoldet die roten
144 2773 908 2834 s erlösende, das einzig befriedigende
904 2770 2080 2833 dieses Stück sein müsse. Allein mir ist nicht bange.
2087 2789 3260 2844 Waldränder und scheidet ungern von der Bergwiese.
159 2817 657 2897 zu sprechen: „Schuft“.
918 2825 2085 2892 Denn die Erkenntnis, daß auch der herrlichste Herbst¬
2078 2837 3257 2900 Dann allmähliche Dunkelheit und in der Villa zündet
906 2866 3254 2930 wald von Dornbach nur so lange schön ist, so lange man Lichter an. Dies ist das Schönste dieses Abends
917 2912 2081 2967 Schnitzlersche Menschen dort keine Villa haben, und
2082 2930 3258 2991 und man wird noch daran denken, wenn man sich
127 2921 914 3009 utzend Menschen quälen uns da ein
921 2969 2086 3021 diesen Landschaftszauber nicht als Hintergrund für
2082 2979 3264 3061 keines der Worte mehr entsinnt, welche die Menschen
132 2993 901 3061 mit ihren Gemeinheiten, Verrückt¬
922 3006 2080 3072 ihre unsauberen dramatischen Geschäfte mißbrauchen,
2082 3030 2669 3104 in diesem Parke schwätzten.
143 3027 916 3105 Wir verstehen sie nicht, sie rühren
919 3069 2086 3118 diese Erkenntnis muß sich als viel, viel stärker er¬
2171 3062 3263 3140 Natürlich gab es nielen Beifall. Denn eine
125 3076 909 3157 ögen uns kaum zu interessieren. Sie
916 3109 2085 3176 weisen, als die Bemühungen sämtlicher Feuilletonisten,
2088 3125 3260 3198 Schnitzler=Premiere zu belachen, wie es die glücklicheren
139 3140 909 3205 gen bilderreichen Reden, sie seufzen
919 3159 2080 3223 die uns Schnitzler immer als den feinsten Kenner der
2091 3175 3260 3232 Berliner dürfen, wäre im Burgtheater Tollkühnheit.
761 3185 908 3237 Teil¬
147 3181 769 3244 sich umständlich um unsere
920 3210 1991 3282 Wiener Seele und Wiener Landschaft anpreisen.
2083 3226 3255 3272 Der Dichter dankte mehrmals eilfertig und stets solange,
759 3228 916 3292 Glück
143 3228 774 3293 agen sich über unerreichbares
2085 3270 3261 3346 bis auch der allerletzte kunstbegeisterte Handelsjüngling
151 3265 2081 3341 i unglücklich zu sein. Sie treiben Ganz und gar unbeschenkt, wie wir selten noch das
2803 3313 3210 3402 Hans Breck.a.
142 3318 2342 3402 in Worten Liebe, Vater, Mutter, Theater verließen, entläßt uns diese Komödie. Sie müde war.
