3436 4384
804 381 970 438 Sam
226 375 1244 455 18. DereinNeg
148 1168 1118 1260 Stittttsttt,
373 1696 415 1768 *
732 2105 807 2169 #
774 2455 878 2534 1
244 3164 288 3227 80
244 3626 528 3683 A
192 3725 1125 3827 Sosetsstsssnttt
1399 359 1844 450 box 23/5
1339 1269 2686 1324 met leege handen staat, doodt hij zichzelf en doet daarmede ziin
1348 1313 2678 1379 ievenstheorieen teniet, als aanbevelenswaardig voorbeeld, hoe sterk
1347 1356 2686 1414 ook door hem zelf doorgevoerd. Sala is vanuit zijn levens-standpunt
1349 1411 1785 1470 beschouwd, een held.
1382 1412 2682 1500 De dochter van Wegrath is een oversensitieve natuur, die als kind
1338 1472 2680 1528 in een droom leeft, maar niet cp kan tegen de werkelijkheid van het
1340 1531 2688 1580 leven als zij volwassen wordt. Met aandoenlijke teederheid klampt zij
1339 1560 2683 1617 zich aan den beld van haar jeugd, von Sala, vast. Zij kan het lijden
1352 1590 2686 1666 van anderen niet verdragen en zooals de ziekte van haar moeder haar
1356 1639 2681 1700 van haar vervreemde, z00 is het Johanna ook onmogelijk voort te
1354 1679 2697 1737 leven met de wetenschap dat von Saia, die een ongeneeslijke kwaal
1353 1719 2693 1773 heeft, sterven moet. Zij verdrinkt zich in den kleinen stillen vijver in
1347 1761 2699 1818 von Sala’s tuin, opdat „deze vijver haar beeld zal vasthouden''; een
1355 1796 2698 1860 fantastische onwerkelijkheid, die zij tot werkelijkheid tracht te her¬
1357 1860 1574 1909 scheppen.
1402 1882 2681 1940 Felix is de belofte, volgens von Sala, van een nieuw geslacht: min¬
1347 1929 2689 1981 #der geest en meer houding. Hij verkiest ten slotte de vader, die hem
1357 1960 2691 2028 heeft verzorgd en opgevoed, hoven zijn natuurlijken vader, die hem
1345 2013 1781 2074 alleen het leven gaf.
1401 2026 2687 2108 Trene Herms, de tooneelspeeister, is cen opgewekte, spontane vrouw,
1349 2085 2697 2154 liefhebbend maar vercenzaamd, omdat zij geen kinderen heeft, terwijl
1352 2126 2696 2180 zij er een had moeten hebben, en omdat zij haar vrienden langzamer¬
1364 2163 2695 2231 hand door haar leeftijd verliest. Zooals zij zelf zegt, begonnen de
1362 2200 2709 2267 mannen steeds haar lief te hebben, maar zij, die beter nit hun oogen
1358 2247 2695 2321 keken, trouwden per slot met haar zuster, of., een van haar zusteren.
1398 2293 2699 2340 Een hoogst merkwaardig figuur in dit stuk is, als in bijna alle stuk¬
1364 2321 2703 2393 ken van Schnitzler, de dokter. Hij is de troostende en gevende figuur,
1367 2365 2700 2426 die ziin eenzaam leven leeft en anderen steunt en dien waarschifnlijk
1355 2408 2701 2474 nu en dan het leven toch zeer zwaar valt, wanneer alleen van hem
1358 2448 2695 2492 wordt gevraagd, terwiil hij zelden of nooit zelf mag ontvangen. jo¬
1369 2489 2709 2547 hanna verzet zich tegen zijn liefde alsof hij haar vijand ware. Voor
1370 2535 2697 2586 haar zieke moeder is hij de biechtvader, voor den zoon de vriend en
1372 2567 2714 2620 voor het geheele gezin Wegrath de stenn, waarop men zich te allen
1368 2624 1743 2684 tijde verlaten kan.
1400 2622 2700 2694 Het is opmerkelijk, hoe door scherpe observatie, Schnitzler deze
1360 2682 2707 2753 zeven menschen tot levende figuren beeft gemaakt, allen zo0 verschil¬
1355 2728 2702 2785 lend en alleenstaand, terwijl hunne levens toch in die mate onderling
1362 2777 2712 2839 met elkander verstrengeld zijn en samengegroeid, dat zij als een ge¬
1369 2821 1787 2878 meenschap aandoen.
1412 2836 2702 2910 Schnitzler heeft deze voor ons ontleed in hun diepste wezen met de
1362 2892 2704 2944 koelheid en zekerheid van een chirurg, maar ondanks alle objectiviteit,
1376 2921 2713 2994 waarmede hij dit deed, hebben deze zeven geestes-kinderen van hem
1371 2970 2717 3033 allen een gevoeligheid en warmte mede gekregen, die ons nader tot
1369 3010 2715 3070 de menschheid brengt, omdat deze eenzame figuren allen zoozeer de
1371 3054 2714 3127 genegenheid, de warmte en de liefde behoeven, waarmede zij als on¬
1378 3098 2723 3166 verstandige kinderen spelen, of waarmede door anderen gespeeld
1379 3150 1554 3199 wordt.
1405 3170 2721 3242 Het verlangen naar minder geest en meer levenshouding spreekt uit
1372 3218 2492 3264 jederen regel, en dit verlangen klinkt mede als een belofte.
1412 3251 2719 3315 Evenals „Professor Bernhardi'’ zal „de Eenzame Weg'’ over een 50
1374 3297 2726 3365 jaar een zuiver beeld geven van een intellectueel milien van voor den
1374 3333 2735 3406 oorlog. Nu zijn wij er nog te veel mee vergroeid om het geheel als
1379 3389 1988 3455 zoodanig te kunnen aanvoelen.
2260 3400 2715 3484 EDUARD VERKADE.
