3436 4224
1438 194 1907 298 box 23/4
275 191 1299 310 18. Der einsane Neg
435 1042 3373 1140 — Ielessenkonstier dor : Gtauot esfholl es seine Bundesgenössen. Diese Tatsache sagt viel. mal durch Oesterwichs Diin
434 1124 3386 1200 irgend wer, daß die Donaumonarchie nach Gewiß, es ist nicht immer möglich, jedermanns ringen des französischen In
1808 1170 3377 1237 zu sein. Wie muß aber derjenige Schwarzenbergsche Kampag#
428 1174 1810 1240 einem Stückchen russischer Erde lechze? Es fällt Freund
1824 1226 3379 1292 werden, der an keiner Stelle des Napoleon aufgezwungen
432 1212 1818 1297 der weit überwiegenden Masse der unter Habsburgs beurteilt
436 1283 3380 1348 Szepter wohnenden Polen und Ruthenen nicht ein, die ganzen Umkreises unbedingtes Vertrauen zu erwecken feindseliger Akt wohl nicht
422 1334 3384 1407 russische Herrschaft herbeizuwünschen. Wir haben die vermag? Dieser Umstand kann verhängnisvolle Folgen 1813 sah uns auf Leipzig
1599 1433 3385 1523 könnte auf der Bühne nur in höhnischen Anführungs= mehr waren, als gelegentl#
1614 1489 3388 1560 zeichen gesprochen werden, denn die anderen hier han= bringer gemeinsamer Gedan
713 1444 1343 1581 Feuilleton.
1612 1527 3379 1596 delnden Personen haben vor Biederkeit keine Ehr= die Kunst anbelangt, so gah
1614 1579 3377 1644 furcht Biederkeit ist für Philister.) weg, von ihrer endeten Erfüllungen, kein
755 1570 1293 1669 Hofburgtheater.
2774 1629 3388 1698 Kurzum, dieser Mensch, den
1619 1629 2794 1702 seltsam und exzentrisch veranlagten Tochter und von
743 1647 1303 1731 „Der einsame Weg“.
2769 1681 3380 1747 reichen Strömen zufloß, ist
1620 1682 2776 1744 ihrem Sohne weg, der ein junger Offizier ist. Sie
736 1715 1344 1795 Von Artur Schnitl.
2777 1724 3385 1811 Einsamkeit. Nicht etwa, daß
1610 1729 2780 1789 stirbt mit einem Geheimnis und mit einer Schuld be¬
417 1750 1610 1850 Zur Erstaufführun F. Am 19. Februar 1914.
2771 1776 3371 1841 mit schon grau werdenden
1608 1770 2779 1835 laden. Der Sohn Felix besucht den Maler Julian Ficht¬
2768 1829 3379 1880 ganz leeren Händen, noch im
1608 1827 2779 1890 ner, einen Studienkollegen seines Vaters, einen alten
537 1825 1609 1891 Einen einsamen, einen bedenklich einsamen Weg
2772 1873 3394 1935 dazusteh sondern es begi
1604 1870 2775 1939 Freund der Familie. Dieser Maler zeigt ihm ein
434 1862 1616 1934 wandelt die gegenwärtige Burgtheaterleitung. Denn nie¬
2772 1918 3380 1987 zu werden nach dem, was e
1604 1911 2779 1987 Jugendbild seiner Mutter, das Bild einer süß und ver¬
421 1921 1614 1978 mand kann mitgehen, wenn sie wie einer eben gemachten
2774 1969 3385 2048 floh: Das Glück der Geme
1607 1964 2781 2028 liebt lächelnden jungen Frau. Und mit einer Rasch¬
433 1978 1611 2039 literarischen Entdeckung einem Stücke in die Arme eilt,
2862 2002 3386 2077 An diesem Punkte en
1603 2012 2784 2082 heit, deren reine Gemüter nicht fähig wären, erkennt
424 2015 1614 2083 welches so alt ist, daß es schon jeder der drei letzten
2776 2040 3365 2118 diese Komödie. Gelängee
1601 2067 2776 2126 der Sohn die Zusammenhänge, erkennt, daß seine
423 2067 1616 2134 Burgtheaterdirektoren bequem hätte entdecken können und
2780 2113 3380 2182 diesem Einsamen abzunötig
1605 2097 2780 2176 Mutter damals den Maler geliebt haben müsse und
433 2111 1615 2191 welches so notorisch schlecht ist, daß sich jeder dieser
2773 2157 3374 2231 sonstigen Schwächen siegen.
1607 2148 2771 2223 daß der Maler Julian Fichiner sein wirklicher Vater
420 2161 1613 2230 Herren wohlweislich vor solcher Entdeckung hütete. Im
2770 2209 3374 2263 nicht. Wir bedauern ihnni
1611 2214 2770 2267 sei. Nun gibt ihm der Maler eine detaillierte Auf¬
431 2213 1612 2281 übrigen ist das Stück nicht einmal eine lokale Neuheit, son¬
2766 2254 3373 2330 Wir sehen in seiner Einsam
1598 2255 2783 2320 klärung dieses neuentdeckten Verwandtschaftsverhält¬
430 2256 1612 2314 dern auch in Wien schon gespielt worden. Kürzlich, beim
2781 2308 3381 2364 geltung für das viele Unglä
1600 2319 2778 2370 nisses= er erzählt ihm, wie er die verführte Frau,
413 2310 1609 2379 Alexten Premièrenabend im Burgtheater spielte man
2767 2343 3371 2421 für den Betrug an seinem
1609 2350 2787 2412 die mit ihm habe fliehen wollen, heimlich ver¬
421 2361 1606 2438 (drei gleichfalls längst abgegriffene Einakter. Letztes
2764 2403 3390 2463 verführte, für seine an ei
1606 2392 2788 2471 lassen habe, denn seine Freiheit sei ihm lieber
429 2396 1615 2475 Stadium: Der Bettler — ehemals König — sammelt
1601 2444 3390 2521 gewesen, als ihre Liebe. Und dieser wackere Sohn verübte Niedertracht, die er
421 2452 1607 2539 weggeworfene Speisenreste, um sein Leben zu fristen.
1605 2498 3387 2558 schlägt ihm dafür nicht etwa die Faust ins Gesicht, wie betrog. Für Leute seines
424 2500 1613 2562 Da ich nicht zu den Leuten gehöre, welche unbedingt
2772 2521 3386 2613 es doch eine geringe Straß
1605 2542 2780 2603 man im Interesse des Anstandes wohl erwarten dürfte,
429 2558 1611 2615 Eihre Hände benötigen, um eine Gemütsaffektion zum
2779 2595 3365 2661 wenn sie im Alter einsam
1604 2587 2782 2649 sondern er begnügt sich damit, den nun plötzlich, nach
430 2597 1616 2670 Ausdrucke zu bringen, greife ich mir nicht an den Kopf.
2768 2627 3379 2701 solche Egoisten zuguterletzt
1610 2642 2781 2700 dreiundzwanzig Jahren, erfolgenden Ausbruch der
432 2643 1604 2725 Was verschafft uns die Ehre? Ist Bedarf nach Ihnen,
2766 2673 3381 2757 lebens Treuen und Reinen
1595 2677 2781 2761 väterlichen Gefühle des Herrn Julian Fichtner kühl
428 2697 1150 2778 mein Herr? Rief Sie jemand?
2771 2732 3393 2795 Familie, das Glück der Väte
1610 2732 2780 2800 zurückzuweisen und seinen Standpunkt dahin zu präzi¬
532 2716 1611 2805 Jawohl. Es rast das Volk und will seinen Schnitz¬
2771 2791 3382 2858 plötzlich einen ihnen sympat
1605 2785 2779 2857 sieren, daß er nur den Vater anerkenne, der ihn aufge¬
424 2783 1617 2867 ler haben. Und da die erleuchtende Muse nicht mehr
2776 2823 3376 2901 ihre Seite zu fordern, mit
1610 2838 2773 2901 zogen und sich um ihn all die Jahre lang gesorgt habe,
418 2836 1608 2915 so recht mitzukommen und durch die Illumination des
2772 2879 3361 2948 menhang des Verdienstes,
1602 2879 2784 2956 nicht aber jenen anderen Vater, dessen Vaterschaft in
421 2885 1614 2940 weiten Landes ein wenig müde geworden zu sein
2769 2925 3391 2991 aufweisen können. Dieser M
1599 2920 2780 3000 der flüchtigen und angenehmen Laune einer einzigen
420 2938 1610 3007 scheint, entsinnt man sich des einsamen Weges, den sie
2761 2979 3383 3053 vermag nicht unser Mitleid
1606 2968 1939 3060 Nacht bestehe.
428 2992 1530 3059 vor vielen Jahren einmal ihren Dichter geleitete.
2769 3027 3391 3098 unseren Abscheu heraus. Inn
1687 3008 2781 3088 Die Enttäuschung dieses plötzlichen Vaters ist das
2768 3074 3386 3139 endgültig auf, Träger eines
515 3058 1609 3139 So muß denn über dieses alte Stück wie über ein
1596 3074 2777 3154 treibende Um und Auf dieser Komödie. Julian Fichtner
2764 3117 3375 3190 und in diesem Augenblicke
1606 3128 2784 3195 ist die Person, an welcher vornehmlich gezeigt werden
418 3134 1600 3209 neues gesprochen werden, damit aufgezeigt werden
2768 3169 3372 3232 Komödie entschieden. Aller
431 3176 1602 3249 kann, durch welche Sümpfe und zu welchen Zielen dieser
1606 3183 2784 3246 soll, wie schmerzlich es ist, einsame Wege wandern zu
2774 3223 3389 3287 keit des Weges, den der A
1594 3236 2779 3300 müssen. Er ist sein Leben lang nicht einsam gewesen.
431 3222 1599 3303 einsame Weg führt und welche Wegtafeln richtung¬
2769 3263 3358 3342 den Wind geredet. Diese
1609 3272 2776 3333 Er ist von vielen Frauen geliebt worden, er hat immer
418 3279 1180 3368 gebend an seinen Rändern stehen.
2765 3307 3384 3373 „Bösen, einen Guten drückt
1613 3310 2773 3393 Freunde gehabt und er war ein vielhoffender Künstler.
523 3383 3388 3449 Die Frau des Professors Wegrath stirbt eben. Allein jetzt, l beginnendem Altern, fühlt er, daß ihm mit Genugtuung, sehen wir
425 3406 3377 3493 Sie stirbt von ihrem biederen Manne (dieses bieder! Frauenliebe nichts bedeutet hat, daß ihm Freunde nicht nicht gelingt, seinen Sohn
726 3501 1482 3612 Cedatd0
