3436 4256
1400 198 1866 308 box 23//4
237 225 1266 315 13. Der einsane Ner
1576 1203 3338 1292 Gegenwart,“ steht erläuternd in dem Buche und auf wissen will und nun justament
742 1189 1382 1363 Feuilleton.
1583 1283 3345 1348 dem Theaterzettel). In der Wegrath'schen Ehe ist „Vater“ sagt mit einem Tone
1587 1328 3356 1402 dann noch eine Tochter, Johanna, gekommen, ein von seinem Nichtsohne vernom
2684 1380 3327 1443 hat dieses höhere Vaterwerden
825 1349 1292 1451 Burgtheater.
1596 1378 2690 1431 sibyllinisches Wesen, das ebenfalls mehr nach seiner
2694 1419 3351 1485 übertrefflich dargestellt. Nur b#
1603 1424 2697 1480 skrupellosen Mutter, als nach seinem gewissenhaften
510 1407 1601 1488 Der einsame Weg Schauspiel in fünf Akten von Arthur
2693 1464 3343 1546 woher wissen denn Gabriele un
485 1470 1601 1548 Schnitzler. Zumersten Male Mittwoch den 19. Februar 1914.
1598 1475 2685 1538 Vater, dem „Kunstbeamten“, geraten ist. Um diese
1609 1528 2686 1577 triste Familie gruppiert sich ein Freundeskreis, der
2680 1524 3348 1595 führer so ganz gewiß, daß di
603 1523 1606 1581 Diesen-einsamen Weg wird bald niemand mehr
2692 1577 3341 1644 und nicht ehelich empfangen
1605 1566 2689 1623 ihr nicht zu helfen weiß. Da ist einmal der junge
492 1579 1601 1641 gehen wollen, denn er ist öde und langweilig. Wie
2676 1612 3350 1689 Wegrath gar nichts ahnt und G
1595 1622 2697 1673 Hausarzt, Doktor Reumann, Vertreter jener idealen
496 1624 1601 1683 Blei hängt er sich an die Sohlen des Wanderers.
2689 1667 3335 1731 jenem Seitensprung geheiratet
1610 1672 2694 1732 Sittlichkeit, die es im Leben zu nichts bringt, als
493 1679 1602 1739 Lähmend wirkt eine künstlich erzeugte Schwere und
2677 1707 3348 1780 lich, daß sich die Beiden irrten
1605 1719 2682 1786 zu wenig schmeichelhaften Beinamen aus der Zöolo¬
490 1718 1606 1781 Tiefe in der fünfaktigen Ausspinnung eines Motivs,
2683 1771 3351 1841 die Stimme der Sittlichkeit, so
1597 1773 2685 1837 gie der Mammalier. Beispiel: bei der Bewerbung
501 1756 1603 1834 das nur für eine längere Szene, für einen Einakter
2682 1811 3346 1892 spräche, beziehungsweise schwie
1598 1825 2682 1882 um eine Professur in Graz hat er zunächst keine Aus¬
496 1824 1602 1884 höchstens, tauglich scheint. Ein leichtsinniger Patron,
2677 1857 3337 1938 gens, daß väterliche Ansprüche
1601 1866 2692 1937 sichten, weil ein anderer Bewerber bessere Chancen
502 1872 1604 1935 der die Frauen nach Noten sitzen läßt, erwirbt durch
2688 1897 3345 1970 nur in Romanen und Dramen
1602 1922 2690 1971 besitzt. Da bricht sich dieser den Hals, und nun
500 1922 1602 1996 den Liebesgenuß, welchen man Zeugungsakt nennt,
2686 1965 3353 2032 ist auch noch eine ganz passabl
1597 1968 2688 2032 zieht der edle Mann seine Bewerbung zurück, weil
508 1980 1607 2033 natürlich keinen Anspruch darauf, zwanzig Jahre
1597 2010 2688 2094 er nicht dem Unglück eines anderen sein Glück ver¬
2680 2017 3351 2084 Mutter zu Felix sein möchte
1356 2014 1607 2095 als liebe¬
711 1990 1337 2091 * „Haltestelle nach Bedarf“. —
501 2021 682 2080 später
2687 2048 3354 2126 Irene Herms. Die Vorbedingun
1597 2066 1895 2134 danken will.
500 2068 1178 2139 heischender Vater aufzutreten.
2678 2113 3335 2173 hätte sie seinerzeit mit Felix'
1677 2082 2691 2169 Da sind ferner zwei Herren in mittleren Lebens¬
602 2092 1615 2191 Ein junges Mädchen namens Gabriele war mit
2684 2157 3345 2217 aber dabei ist's auch gebliebe
1599 2144 2676 2232 jahren, weit entfernt von so idealem Edelmut, Jung¬
496 2165 1605 2225 einem braven aber unbedeutenden Menschen, einem
2671 2214 3353 2274 ist das Schicksal in der Austa
1601 2213 2678 2273 gesellen und Wanderer auf dem „einsamen Weg“.
503 2212 1601 2272 Maler, verlobt und sollte ihn nächstens heiraten.
2775 2264 3348 2328 Der zweite, durch Einsicht
1600 2241 2681 2322 Der eine von ihnen, Julian Fichtner, ist der heim¬
503 2266 1595 2325 Da ließ sie sich in einer schwachen Stunde mit einem
2684 2302 3359 2377 Stephan von Sala, war Kaval#
1593 2305 2688 2368 liche Vater von Felix, malt schön, aber selten, und
504 2314 1606 2385 anderen Manne, einem genialen, aber unsteten Men¬
2681 2356 3342 2424 dichter, verheiratet, Vater, und
506 2364 2692 2421 schen, ebenfalls einem Maler, ein und es geschah, braust im übrigen wie ein Wassersturz von Fels
503 2408 3353 2475 wie es zu gehen pflegt. Er genoß sie und entfloh. zu Fels, richtiger von Weib zu Weib. Nun kommt krank und Liebhaber der Joha
498 2450 3355 2520 Sie genoß ihn und heiratete den anderen. Die Frucht aber, wie Mephisto meint, auch für solche die Zeit, romantischer archäologischer Fo
491 2499 3351 2581 dieser vorehelichen Beziehungen fiel erst in der Ehe wo sie „was guts in Ruhe schmausen mögen“, und Ländern. In letzterer Hinsicht z
494 2552 3334 2612 vom Baum und so ist, einige zwanzig Jahre nach= wär's auch nur die Vaterfreude an einem Sohn, ganz richtig als Ignoranten, d
502 2601 3359 2678 her, der Ulanenleutnant Felix der rechtmäßige, wenn den ein anderer aufgezogen und zum Ulanenoffizier Medien in Baktrien sucht, dem
499 2658 3342 2708 auch nicht leibliche Sohn des Professors Wegrath, herausstaffiert hat. Recht geschieht ihm, daß der Läng grade Unterschiede gar
501 2705 3323 2786 Direktors der Akademie der bildenden Künste („Wien, schmucke Reiterleutnant von solcher Vaterschaft nichts will „gar über Tibet nach
767 2762 1375 2896 A i Genn
931 2877 1371 2993 237197K
