3392 4256
1432 265 1895 353 box 23/5
794 270 999 339 nSam
287 281 1285 377 18. Der 6
1165 1213 1375 1304 F
646 1249 1333 1372 aeoee senbengenadug
473 1370 1501 1491 T
1756 1426 1822 1479 ge
1762 1467 1830 1517 rd
558 1475 1419 1553 an dasves esprernes ## vosesaussenntrradae
1758 1558 1847 1610 d
559 1549 1405 1630 BERLIN SO 16, RUNGESTRASSE 22-24
1773 1642 1847 1702 er
816 1675 1484 1765 Dtsch. Tageszeitung.
1019 1756 1259 1850 Berlin.
463 1755 955 1847 Abendausgabe
540 1841 1645 1912 Ausschnitt aus der Nummer vom: 1 3. dUd 1928
460 1961 1234 2060 Das Pariser Gastspiel
916 2019 1606 2108 der Robert=Bühnen.
554 2089 1350 2222 10 (Eigene Drahimeldung.)
1251 2151 1627 2225 Paris, 16. Juni.
501 2207 1651 2267 Am Montag abend beginnt das auf zehn Tage berechnete
419 2261 1653 2305 Gastspiel der Berliner Robert=Bühnen im Theatre du Cymnase.
438 2293 1665 2347 Mit diesem Gastspiel erwidert Professor Nobert das Gastspiel,
425 2329 1655 2385 das der Direktor des Theatre du Gymnase, Henry Bernstein, vor
432 2369 1656 2418 einigen Monaten mit seiner Truppe in Berlin gegeben hat und
421 2418 1656 2458 das in diesen Tagen in den Kammerspieler wiederholt wird.
423 2452 1646 2503 Das Gastspiel beginnt mit der Aufführung des „Erdgeist“ von
419 2486 1628 2539 Frank Wedekind. Außerdem wird nur „D#er einsame Wig“
427 2515 1664 2579 von Arthur Schnitzler zur Aufführung kommen. Die Rollen¬
426 2566 1663 2613 besetzung ist in beidem Stücken eine erstklossige und das ist natür¬
430 2599 1661 2657 lich die unerläßliche Voraussetzung für das Gelingen jeden deut¬
421 2628 1655 2683 schen Gastspieles in Jaris. Die Lulu wird Maria Orska spielen,
425 2687 1655 2733 außerdem sind Charlotte Möller, Albert Steinrück, Karl Valentin,
428 2709 1651 2759 Theodor Loos und andere in den Hauptrollen tätig. Albert
427 2746 1659 2799 Bassermann ist nur im „Einsamen Weg“ beschäftigt. Die
422 2785 1654 2845 deutschen Schauspieser, die gestern in Paris eingetroffen sind,
421 2833 1649 2872 sind heute nachmittag in Gegenwart der Presse und der Vertreter
422 2865 1646 2909 der Pariser Theaterwelt durch den Unterrichtsminister Herriot,
418 2913 1652 2952 der sie als Sendboten aus dem Lande Goethes, Schillers und
426 2937 1651 2995 Beethovens feierte, in äußerst liebenswürdiger und herzlicher
433 2983 1659 3030 Weise begrüßt worden Außer Herriot sprachen Henry Bern¬
428 3008 1655 3074 stein und Andre Rivoire für den Verband der Theaterschrift¬
424 3053 1652 3117 steller, ferner ein Vertreter des französischen Schausvieler¬
431 3091 1654 3147 verbandes. Für die deutschen Künstler dankte Professor Kobert
427 3126 1657 3183 in französischer Sprache. — Die schwierigen Namen der deutschen
432 3172 1654 3223 Schauspieler und Stücke geben in der französischen Presse vor¬
438 3209 1664 3260 läufig noch Anlaß zu allerlei Druckfehlern; so kündigt der sozia¬
430 3241 1657 3294 listische „Soir“ das deutsche Gastspiel unter folgender Ueberschrift
432 3280 1530 3357 an: „Die deutsche Truppe des Professors Robert Erdgeist“!
1766 2230 1846 2309 n.)
1766 2581 1854 2636 lie
1774 3110 1844 3181 ige
1936 902 2934 962 ert Pilz; für die Inserate Bruno Scholz, sämtlich in
1844 960 3062 1009 Druck und Verls: Rudolf Mosse in Berlin. Hierzu 2 Beiblätter.
1925 1070 3012 1162 Das deutsche Gastspiel in Paris.
1910 1161 3009 1219 Schnitzlers „Einsamer Weg“ im Gymnase¬
2327 1210 2581 1281 Theater.
2656 1247 3034 1336 PARIS, 26. Juni.
1915 1314 3079 1368 Schnitzlers melancholisches Lebemanns-Drama „Der einsame
1870 1366 3078 1420 Weg“ brachte gestern bei der ersten Aufführung im Gymnase¬
1866 1392 3088 1466 Theater den deutschen Schauspielern und ihrem Führer Professor
1864 1459 3090 1512 Eugen Robert einen echten und er guten künstlerischen Arbeit
1861 1495 3076 1560 wohlverdienten Erfolg. Ein halbes Dutzend Hervorrufe nach jedem
1862 1541 3075 1595 Akt, Applaus bei offener Szene nach Bassermanns Abgang im
1861 1586 3082 1640 letzten Aufzug, zum Schluss laute Rufe nach dem Spielliter
1858 1625 3077 1680 Robert — diesmal gab es keine halbe Zustimmung und M#inen
1860 1670 3079 1727 höflichen Zweifel wie bei Wedekinds „Erdgeist“. Das Stück
1861 1717 3077 1785 Schnitziers hat interessiert, und die deutsche Bühnenkunst hat
1867 1763 2235 1825 ehrenvoll gesiegt.
1919 1819 3089 1871 „Per einsame Weg“ Arthur Schnitzlers ist seit einem Viertel¬
1873 1854 3075 1918 jahrnundert auf den meisten Bühnen Deutsel lands und Oester¬
1878 1900 3087 1953 reiche gesrich worden. Viele gute Aufführungen dieses dank¬
1871 1947 3086 2002 baren Schauspielstücks sind bekannt. So ma; es als das beste
1866 1984 3084 2038 Lob für die Pariser Vorstellung gelten, dass nan von ihr sagen
1877 2031 3083 2089 darf, sie konnte so, wie sie gestern gezeig, wurde, in einem
1874 2083 3081 2137 ersten Theater Deutschlands und vor dem geistig reichsten Publi¬
1877 2117 3090 2175 kum bestehen. Allen Künstlern standen ihre Rollen zu Gesicht
1881 2168 3089 2220 wie gutsitzende Kleider; nichts erschien als angelernt, die Men¬
1871 2198 3095 2266 schen Schnitzlers wurden lebendig und eine wohltuende Diskre¬
1865 2248 3093 2304 tion milderte an manchen Stellen die für den Geschmack von
1873 2294 2535 2354 heute gefährliche Sentimentalität.
1920 2339 3083 2396 Albert Bassermann als Stefan von Sala gewann durch seine
1876 2387 3094 2448 männliche Vornehmheit die Herzen der Pariser Damen ebenso
1875 2434 3091 2488 schnell wie das sehnsüchtige kleine Herz des süssen Mädels
1882 2473 3091 2539 Johanna. Käthe Haack als Johanna gefiel durch ihre un¬
1870 2517 3096 2585 theatralische innige Einfachheit, Else Bassermann, eine elegante
1876 2569 3094 2623 Irene Herms, Werner Schott in seiner verhaltenen Wärme ein
1885 2613 3091 2663 sympathischer Felix, der Karl Götz als interessanter Professor
1880 2657 3085 2706 Wegreth, Theodor Loos als Arzt, Cläre Karten als die sterbende
1884 2707 3095 2754 Frau, das süsse Mädel von einst: Alle zeigten ohne aufdringliche
1879 2742 3094 2799 Mache, was auf deutscher Bühne als gutes Theater gilt. Für
1882 2798 3097 2845 deutsche Zuschauer, die lange keine deutschen Aufführungen
1877 2829 3086 2891 gesehen haben, war die Darstellung des Julian Fichtner eine
1887 2881 3105 2936 angenehme Ueberraschung: Otto Stoeckl, eine männliche Erschei¬
1875 2922 3101 2978 nung und ein klarer Sprecher, der dem Sala Bassermanns mehr
1884 2955 2360 3029 als die Stichworte gab.
1935 2986 3092 3071 Es war ein angenehmer Abend, was in Paris viel mehr be¬
1877 3058 3097 3122 deutet als in Berlin. Ob der mutige Professor Robert Geld von
1877 3111 3108 3154 den grossen Boulevards nach Hause bringen wird, steht dahin,
2913 3139 3091 3210 E. B.
1880 3140 2817 3209 aber Ehre hat er sich mit seinem Gastspiel geholt.
1850 3222 2597 3383 Verbince Igeeéeal
1882 3332 2969 3494 26. Julii I0 17, Obendauseate.
