<?xml version="1.0" encoding="UTF-8" standalone="yes"?>
<PcGts xmlns="http://schema.primaresearch.org/PAGE/gts/pagecontent/2013-07-15" xmlns:xsi="http://www.w3.org/2001/XMLSchema-instance" xsi:schemaLocation="http://schema.primaresearch.org/PAGE/gts/pagecontent/2013-07-15 http://schema.primaresearch.org/PAGE/gts/pagecontent/2013-07-15/pagecontent.xsd">
    <Metadata>
        <Creator>prov=University of Rostock/Institute of Mathematics/CITlab/Gundram Leifert/gundram.leifert@uni-rostock.de:name=ONB_Newseye_GT_M1+(htr_id=10810)::::v=2.4.2
prov=University of Rostock/Institute of Mathematics/CITlab/Tobias Gruening/tobias.gruening@uni-rostock.de:name=de.uros.citlab.module.baseline2polygon.B2PSeamMultiOriented:v=2.4.2
prov=University of Rostock/Institute of Mathematics/CITlab/Tobias Gruening/tobias.gruening@uni-rostock.de:name=/mnt/transkribus/LA/DEA/URO/LA_news_onb_att.pb:de.uros.citlab.segmentation.CITlab_LA_ML:v=2.4.2
Transkribus</Creator>
        <Created>2019-10-07T11:29:19.373+02:00</Created>
        <LastChange>2019-10-08T11:21:56.618+02:00</LastChange>
        <TranskribusMetadata docId="223970" pageId="9500816" pageNr="352" tsid="16540562" status="IN_PROGRESS" userId="40391" imgUrl="https://files.transkribus.eu/Get?id=SVPZMOWOPZAZEBZQBVXNIYEH&amp;fileType=view" xmlUrl="https://files.transkribus.eu/Get?id=GLTVVZSQEXNOZCFORCFYRIWZ" imageId="6191038"/>
    </Metadata>
    <Page imageFilename="223970_0352.jpeg" imageWidth="3392" imageHeight="4256">
        <ReadingOrder>
            <OrderedGroup id="ro_1711450784447" caption="Regions reading order">
                <RegionRefIndexed index="0" regionRef="r1"/>
                <RegionRefIndexed index="1" regionRef="r2"/>
            </OrderedGroup>
        </ReadingOrder>
        <TextRegion orientation="0.0" id="r1" custom="readingOrder {index:0;}">
            <Coords points="258,263 258,3554 2686,3554 2686,263"/>
            <TextLine id="r1l1" custom="readingOrder {index:0;}">
                <Coords points="1397,286 1455,313 1675,318 1746,313 1780,289 1802,302 1873,293 1872,241 1797,227 1724,238 1659,223 1603,254 1562,237 1526,250 1396,236"/>
                <Baseline points="1407,290 1432,290 1457,290 1482,289 1508,290 1533,290 1558,290 1583,290 1609,290 1634,291 1659,291 1685,291 1710,290 1735,290 1760,289 1786,289 1811,287 1836,286 1862,284"/>
                <TextEquiv>
                    <Unicode>box 23/3</Unicode>
                </TextEquiv>
            </TextLine>
            <TextLine id="r1l2" custom="readingOrder {index:1;}">
                <Coords points="247,337 375,312 499,346 1255,325 1255,273 1146,240 704,246 657,286 498,242 435,289 308,234 248,262"/>
                <Baseline points="258,300 307,304 356,307 406,311 455,313 504,314 554,316 603,317 652,317 702,318 751,318 800,317 850,317 899,316 948,316 998,315 1047,314 1096,314 1146,313 1195,313 1245,312"/>
                <TextEquiv>
                    <Unicode>18. Der einsane Neg</Unicode>
                </TextEquiv>
            </TextLine>
            <TextLine id="r1l3" custom="readingOrder {index:2;}">
                <Coords points="990,1082 2641,1064 2535,1011 990,1048"/>
                <Baseline points="1000,1084 1081,1084 1163,1084 1244,1083 1326,1082 1407,1081 1489,1080 1570,1079 1652,1077 1733,1076 1815,1074 1897,1073 1978,1071 2060,1070 2141,1069 2223,1068 2304,1067 2386,1066 2467,1066 2549,1066 2631,1067"/>
                <TextEquiv>
                    <Unicode>Gastspiel des Berliner Lessing= daß den Darstellern die Aufgabe erwächst, das</Unicode>
                </TextEquiv>
            </TextLine>
            <TextLine id="r1l4" custom="readingOrder {index:3;}">
                <Coords points="1791,1132 2633,1103 2536,1069 1791,1083"/>
                <Baseline points="1801,1117 1842,1116 1883,1115 1924,1115 1965,1114 2006,1114 2047,1114 2088,1114 2129,1114 2170,1114 2212,1114 2253,1114 2294,1114 2335,1114 2376,1114 2417,1113 2458,1113 2499,1112 2540,1111 2581,1110 2623,1107"/>
                <TextEquiv>
                    <Unicode>Droblematische der Dichtung durch eigenes, warm</Unicode>
                </TextEquiv>
            </TextLine>
            <TextLine id="r1l5" custom="readingOrder {index:4;}">
                <Coords points="917,1129 993,1150 1690,1135 1769,1121 1768,1069 1341,1104 1226,1073 1143,1107 916,1088"/>
                <Baseline points="927,1129 968,1130 1010,1130 1051,1130 1093,1130 1135,1130 1176,1129 1218,1129 1259,1129 1301,1128 1343,1128 1384,1127 1426,1126 1467,1125 1509,1124 1551,1123 1592,1122 1634,1121 1675,1120 1717,1119 1759,1118"/>
                <TextEquiv>
                    <Unicode>Theaters. Ich fürchte, Direktor Brahm wird</Unicode>
                </TextEquiv>
            </TextLine>
            <TextLine id="r1l6" custom="readingOrder {index:5;}">
                <Coords points="1789,1174 2635,1151 2634,1125 2525,1113 1789,1133"/>
                <Baseline points="1799,1163 1840,1162 1881,1161 1922,1160 1964,1160 2005,1160 2046,1159 2088,1159 2129,1159 2170,1159 2212,1159 2253,1159 2294,1159 2335,1158 2377,1158 2418,1157 2459,1157 2501,1156 2542,1155 2583,1153 2625,1151"/>
                <TextEquiv>
                    <Unicode>pulsierendes Empfindungsleben zu paralysieren.</Unicode>
                </TextEquiv>
            </TextLine>
            <TextLine id="r1l7" custom="readingOrder {index:6;}">
                <Coords points="919,1167 965,1192 1770,1170 1749,1121 919,1145"/>
                <Baseline points="931,1175 972,1175 1013,1175 1055,1175 1096,1175 1138,1175 1179,1175 1220,1175 1262,1175 1303,1174 1345,1174 1386,1173 1427,1172 1469,1171 1510,1170 1552,1169 1593,1168 1634,1166 1676,1164 1717,1162 1759,1159"/>
                <TextEquiv>
                    <Unicode>heuer mit einer ungünstigen Pflanz Nach Berlin</Unicode>
                </TextEquiv>
            </TextLine>
            <TextLine id="r1l8" custom="readingOrder {index:7;}">
                <Coords points="1777,1211 2603,1215 2642,1197 2641,1157 1776,1179"/>
                <Baseline points="1787,1204 1829,1204 1871,1203 1913,1203 1955,1203 1998,1203 2040,1203 2082,1203 2124,1203 2166,1203 2209,1202 2251,1202 2293,1202 2335,1201 2377,1200 2420,1200 2462,1199 2504,1197 2546,1195 2588,1194 2631,1192"/>
                <TextEquiv>
                    <Unicode>Dieses ausgleichende Werk der Ergänzung aber</Unicode>
                </TextEquiv>
            </TextLine>
            <TextLine id="r1l9" custom="readingOrder {index:8;}">
                <Coords points="931,1231 1488,1212 1558,1239 1773,1211 1772,1170 931,1186"/>
                <Baseline points="941,1221 982,1220 1023,1220 1064,1219 1105,1219 1146,1219 1187,1219 1228,1219 1269,1219 1310,1219 1351,1219 1392,1219 1433,1219 1474,1218 1515,1218 1556,1217 1597,1215 1638,1214 1679,1212 1720,1209 1761,1206"/>
                <TextEquiv>
                    <Unicode>zurückkehren, Auy dem Gastshiel se'per Truppe,</Unicode>
                </TextEquiv>
            </TextLine>
            <TextLine id="r1l10" custom="readingOrder {index:9;}">
                <Coords points="1787,1257 2554,1258 2642,1212 1787,1214"/>
                <Baseline points="1797,1246 1838,1246 1880,1246 1922,1245 1964,1245 2005,1245 2047,1244 2089,1244 2131,1244 2172,1243 2214,1243 2256,1243 2298,1243 2339,1242 2381,1242 2423,1242 2465,1241 2506,1241 2548,1241 2590,1240 2632,1240"/>
                <TextEquiv>
                    <Unicode>wollte nur Frau Lehmann und herrn Basser¬</Unicode>
                </TextEquiv>
            </TextLine>
            <TextLine id="r1l11" custom="readingOrder {index:10;}">
                <Coords points="924,1277 1764,1267 1763,1219 1733,1213 924,1234"/>
                <Baseline points="936,1266 976,1265 1017,1263 1058,1262 1099,1262 1140,1261 1181,1261 1221,1261 1262,1261 1303,1261 1344,1261 1385,1261 1426,1261 1467,1261 1507,1261 1548,1260 1589,1260 1630,1258 1671,1257 1712,1255 1753,1252"/>
                <TextEquiv>
                    <Unicode>das bereits dem Ende nahtist ihm bisher noch</Unicode>
                </TextEquiv>
            </TextLine>
            <TextLine id="r1l12" custom="readingOrder {index:11;}">
                <Coords points="1790,1296 2636,1297 2636,1254 1790,1257"/>
                <Baseline points="1802,1292 1843,1291 1884,1291 1925,1290 1966,1290 2008,1289 2049,1289 2090,1289 2131,1289 2172,1288 2214,1288 2255,1288 2296,1288 2337,1288 2378,1287 2420,1287 2461,1287 2502,1287 2543,1287 2584,1286 2626,1286"/>
                <TextEquiv>
                    <Unicode>mann gelingen. Und was man hier noch als</Unicode>
                </TextEquiv>
            </TextLine>
            <TextLine id="r1l13" custom="readingOrder {index:12;}">
                <Coords points="921,1309 1199,1326 1767,1295 1766,1259 1555,1254 921,1281"/>
                <Baseline points="932,1310 973,1309 1014,1307 1055,1307 1097,1305 1138,1305 1179,1304 1220,1304 1262,1304 1303,1303 1344,1303 1385,1303 1427,1302 1468,1302 1509,1301 1550,1300 1592,1299 1633,1298 1674,1296 1715,1295 1757,1293"/>
                <TextEquiv>
                    <Unicode>kein lohnender Gewinn erblüht. Weder an</Unicode>
                </TextEquiv>
            </TextLine>
            <TextLine id="r1l14" custom="readingOrder {index:13;}">
                <Coords points="1785,1346 2471,1348 2646,1313 2613,1287 1785,1309"/>
                <Baseline points="1795,1337 1837,1335 1879,1334 1921,1332 1963,1331 2005,1331 2047,1331 2089,1330 2131,1331 2173,1331 2215,1331 2257,1331 2299,1331 2341,1332 2383,1332 2425,1332 2467,1332 2509,1331 2551,1331 2593,1330 2635,1329"/>
                <TextEquiv>
                    <Unicode>eine besondere Störung empfand, das ist die</Unicode>
                </TextEquiv>
            </TextLine>
            <TextLine id="r1l15" custom="readingOrder {index:14;}">
                <Coords points="919,1345 1232,1369 1369,1345 1763,1351 1762,1299 1689,1296 919,1324"/>
                <Baseline points="930,1354 971,1353 1012,1353 1053,1352 1094,1352 1135,1351 1176,1350 1218,1349 1259,1349 1300,1348 1341,1347 1382,1346 1423,1345 1464,1344 1506,1344 1547,1342 1588,1342 1629,1341 1670,1340 1711,1340 1753,1339"/>
                <TextEquiv>
                    <Unicode>Lorbeer noch an Gold. Und das begreift sich</Unicode>
                </TextEquiv>
            </TextLine>
            <TextLine id="r1l16" custom="readingOrder {index:15;}">
                <Coords points="1792,1394 2586,1382 2642,1360 2641,1336 2491,1326 1791,1345"/>
                <Baseline points="1803,1381 1844,1379 1885,1377 1927,1376 1968,1376 2010,1375 2051,1374 2092,1374 2134,1374 2175,1374 2217,1373 2258,1373 2299,1374 2341,1374 2382,1374 2424,1374 2465,1374 2506,1374 2548,1374 2589,1374 2631,1373"/>
                <TextEquiv>
                    <Unicode>prononciert norddeutsche Mundart, in der die</Unicode>
                </TextEquiv>
            </TextLine>
            <TextLine id="r1l17" custom="readingOrder {index:16;}">
                <Coords points="929,1405 1771,1392 1770,1354 1683,1343 1621,1366 1537,1342 928,1364"/>
                <Baseline points="939,1395 980,1396 1021,1396 1062,1396 1103,1396 1144,1396 1185,1395 1226,1394 1267,1393 1308,1392 1349,1391 1390,1390 1431,1388 1472,1387 1513,1386 1554,1385 1595,1384 1636,1383 1677,1382 1718,1381 1760,1380"/>
                <TextEquiv>
                    <Unicode>leicht. Daß sich mit der verunglückten „Elga“</Unicode>
                </TextEquiv>
            </TextLine>
            <TextLine id="r1l18" custom="readingOrder {index:17;}">
                <Coords points="1787,1426 2579,1427 2641,1403 2641,1379 1786,1388"/>
                <Baseline points="1797,1422 1838,1421 1880,1420 1922,1419 1963,1418 2005,1418 2047,1418 2088,1418 2130,1418 2172,1418 2214,1418 2255,1418 2297,1418 2339,1418 2380,1418 2422,1417 2464,1416 2505,1416 2547,1414 2589,1413 2631,1411"/>
                <TextEquiv>
                    <Unicode>Berliner Gäste das in Wien spielende Stück</Unicode>
                </TextEquiv>
            </TextLine>
            <TextLine id="r1l19" custom="readingOrder {index:18;}">
                <Coords points="936,1440 1776,1435 1775,1401 1626,1388 936,1403"/>
                <Baseline points="946,1436 986,1435 1027,1435 1068,1434 1109,1434 1150,1433 1191,1433 1232,1432 1273,1432 1314,1431 1355,1430 1395,1430 1436,1429 1477,1428 1518,1428 1559,1427 1600,1426 1641,1425 1682,1424 1723,1423 1764,1422"/>
                <TextEquiv>
                    <Unicode>von Gerhart Hauptmann oder dem „einsamen</Unicode>
                </TextEquiv>
            </TextLine>
            <TextLine id="r1l20" custom="readingOrder {index:19;}">
                <Coords points="1799,1479 2647,1456 2646,1430 2601,1418 1798,1434"/>
                <Baseline points="1809,1470 1850,1469 1891,1468 1932,1466 1974,1465 2015,1464 2056,1464 2098,1463 2139,1463 2180,1462 2222,1462 2263,1461 2304,1461 2345,1461 2387,1460 2428,1459 2469,1459 2511,1458 2552,1457 2593,1456 2635,1455"/>
                <TextEquiv>
                    <Unicode>sprechen. Dennoch wurde die Aufführung mit</Unicode>
                </TextEquiv>
            </TextLine>
            <TextLine id="r1l21" custom="readingOrder {index:20;}">
                <Coords points="928,1477 1201,1494 1287,1465 1345,1490 1778,1466 1777,1434 1732,1432 927,1441"/>
                <Baseline points="939,1479 980,1479 1021,1478 1063,1478 1104,1477 1145,1476 1187,1476 1228,1475 1269,1474 1311,1473 1352,1473 1393,1472 1435,1471 1476,1470 1517,1470 1559,1469 1600,1469 1641,1468 1683,1468 1724,1468 1766,1467"/>
                <TextEquiv>
                    <Unicode>Weg“ von Artur Schnitzler keine Geschäfte</Unicode>
                </TextEquiv>
            </TextLine>
            <TextLine id="r1l22" custom="readingOrder {index:21;}">
                <Coords points="1792,1518 2649,1511 2648,1481 2586,1467 1792,1477"/>
                <Baseline points="1803,1513 1844,1511 1886,1510 1928,1508 1970,1508 2011,1507 2053,1506 2095,1505 2137,1505 2178,1505 2220,1504 2262,1504 2304,1504 2345,1503 2387,1503 2429,1503 2471,1502 2512,1502 2554,1502 2596,1501 2638,1500"/>
                <TextEquiv>
                    <Unicode>demonstrativem Beifall aufgenommen, und man</Unicode>
                </TextEquiv>
            </TextLine>
            <TextLine id="r1l23" custom="readingOrder {index:22;}">
                <Coords points="930,1542 1083,1518 1126,1541 1770,1519 1769,1481 1700,1476 929,1489"/>
                <Baseline points="940,1524 980,1524 1021,1524 1062,1523 1103,1523 1144,1522 1185,1521 1226,1520 1267,1519 1308,1518 1349,1517 1389,1516 1430,1515 1471,1514 1512,1513 1553,1512 1594,1512 1635,1511 1676,1511 1717,1511 1758,1512"/>
                <TextEquiv>
                    <Unicode>machen lassen, mußte er voraussehen, und es</Unicode>
                </TextEquiv>
            </TextLine>
            <TextLine id="r1l24" custom="readingOrder {index:23;}">
                <Coords points="1785,1560 2636,1551 2635,1514 2530,1503 2355,1526 1785,1521"/>
                <Baseline points="1797,1555 1838,1554 1879,1554 1921,1553 1962,1552 2004,1552 2045,1551 2086,1551 2128,1551 2169,1550 2211,1550 2252,1550 2293,1549 2335,1549 2376,1549 2418,1548 2459,1548 2500,1547 2542,1547 2583,1546 2625,1545"/>
                <TextEquiv>
                    <Unicode>konnte aus ihm deutlich den an die Wiener</Unicode>
                </TextEquiv>
            </TextLine>
            <TextLine id="r1l25" custom="readingOrder {index:24;}">
                <Coords points="923,1570 1780,1571 1779,1523 1686,1516 923,1540"/>
                <Baseline points="934,1570 975,1568 1017,1567 1059,1565 1100,1564 1142,1563 1184,1562 1225,1562 1267,1561 1309,1561 1351,1560 1392,1559 1434,1559 1476,1558 1517,1558 1559,1557 1601,1556 1642,1555 1684,1555 1726,1554 1768,1553"/>
                <TextEquiv>
                    <Unicode>war eine unbedachte Vermessenheit, „Ros¬</Unicode>
                </TextEquiv>
            </TextLine>
            <TextLine id="r1l26" custom="readingOrder {index:25;}">
                <Coords points="1789,1614 2642,1585 2624,1551 1789,1571"/>
                <Baseline points="1800,1602 1841,1600 1883,1598 1924,1597 1966,1596 2007,1595 2049,1594 2090,1594 2132,1594 2173,1593 2215,1593 2257,1593 2298,1593 2340,1593 2381,1592 2423,1592 2464,1591 2506,1590 2547,1589 2589,1587 2631,1585"/>
                <TextEquiv>
                    <Unicode>Theaterdirektoren adressierten Vorwurf heraus¬</Unicode>
                </TextEquiv>
            </TextLine>
            <TextLine id="r1l27" custom="readingOrder {index:26;}">
                <Coords points="931,1628 1123,1605 1749,1611 1777,1572 930,1574"/>
                <Baseline points="942,1612 983,1612 1024,1611 1065,1611 1106,1610 1148,1609 1189,1609 1230,1608 1271,1607 1312,1606 1354,1605 1395,1604 1436,1604 1477,1603 1518,1602 1560,1601 1601,1600 1642,1600 1683,1600 1724,1599 1766,1599"/>
                <TextEquiv>
                    <Unicode>mersholm“ durch zwei Wochen hindurch als</Unicode>
                </TextEquiv>
            </TextLine>
            <TextLine id="r1l28" custom="readingOrder {index:27;}">
                <Coords points="1795,1654 2506,1651 2645,1634 2645,1597 1795,1613"/>
                <Baseline points="1805,1647 1846,1645 1888,1643 1929,1642 1971,1640 2012,1639 2054,1639 2095,1638 2137,1638 2178,1637 2220,1637 2261,1637 2303,1637 2344,1636 2386,1636 2427,1635 2469,1635 2510,1634 2552,1632 2593,1631 2635,1629"/>
                <TextEquiv>
                    <Unicode>hören, daß erst Berliner Schauspieler nach Wien</Unicode>
                </TextEquiv>
            </TextLine>
            <TextLine id="r1l29" custom="readingOrder {index:28;}">
                <Coords points="930,1654 1772,1662 1756,1606 930,1628"/>
                <Baseline points="941,1657 982,1655 1023,1654 1064,1653 1105,1651 1146,1651 1187,1650 1228,1649 1269,1649 1310,1648 1351,1648 1392,1647 1433,1646 1474,1646 1515,1645 1556,1645 1597,1644 1638,1643 1679,1642 1720,1640 1761,1638"/>
                <TextEquiv>
                    <Unicode>eine Sensation zu forcieren. Was Direktor Brahm</Unicode>
                </TextEquiv>
            </TextLine>
            <TextLine id="r1l30" custom="readingOrder {index:29;}">
                <Coords points="1794,1692 2592,1692 2650,1667 2650,1637 1793,1656"/>
                <Baseline points="1805,1686 1846,1686 1888,1687 1930,1686 1972,1686 2013,1686 2055,1685 2097,1685 2139,1684 2180,1684 2222,1683 2264,1682 2306,1681 2347,1681 2389,1680 2431,1679 2473,1678 2514,1678 2556,1677 2598,1676 2640,1676"/>
                <TextEquiv>
                    <Unicode>kommen mußten, um uns die Bekanntschaft</Unicode>
                </TextEquiv>
            </TextLine>
            <TextLine id="r1l31" custom="readingOrder {index:30;}">
                <Coords points="935,1709 1301,1710 1339,1689 1772,1710 1771,1661 1711,1653 934,1668"/>
                <Baseline points="945,1699 985,1699 1026,1699 1067,1699 1108,1699 1148,1698 1189,1697 1230,1697 1271,1696 1311,1695 1352,1694 1393,1693 1434,1692 1474,1691 1515,1689 1556,1688 1597,1687 1637,1686 1678,1685 1719,1685 1760,1684"/>
                <TextEquiv>
                    <Unicode>aber sonst noch aus dem älteren Repertoire</Unicode>
                </TextEquiv>
            </TextLine>
            <TextLine id="r1l32" custom="readingOrder {index:31;}">
                <Coords points="1795,1733 2607,1737 2643,1731 2643,1690 1795,1692"/>
                <Baseline points="1805,1730 1846,1729 1887,1728 1929,1728 1970,1727 2011,1727 2053,1726 2094,1726 2135,1726 2177,1725 2218,1725 2259,1725 2301,1725 2342,1725 2383,1725 2425,1724 2466,1724 2507,1724 2549,1723 2590,1723 2632,1722"/>
                <TextEquiv>
                    <Unicode>eines Wiener Schauspieles zu vermitteln. Und</Unicode>
                </TextEquiv>
            </TextLine>
            <TextLine id="r1l33" custom="readingOrder {index:32;}">
                <Coords points="923,1755 1688,1752 1773,1729 1773,1705 1559,1692 1439,1714 1333,1686 1301,1713 923,1710"/>
                <Baseline points="935,1745 976,1744 1017,1744 1059,1743 1100,1742 1141,1742 1183,1741 1224,1740 1265,1740 1307,1739 1348,1738 1389,1737 1431,1736 1472,1735 1513,1734 1555,1733 1596,1732 1637,1731 1679,1730 1720,1729 1762,1728"/>
                <TextEquiv>
                    <Unicode>des Lessing=Theaters brachte, war in der schau¬</Unicode>
                </TextEquiv>
            </TextLine>
            <TextLine id="r1l34" custom="readingOrder {index:33;}">
                <Coords points="1798,1780 2609,1777 2643,1763 2643,1731 1797,1741"/>
                <Baseline points="1808,1776 1849,1775 1890,1774 1931,1774 1972,1773 2014,1773 2055,1772 2096,1772 2137,1771 2178,1771 2220,1771 2261,1770 2302,1770 2343,1770 2384,1769 2426,1769 2467,1768 2508,1767 2549,1766 2590,1765 2632,1764"/>
                <TextEquiv>
                    <Unicode>der Dorwurf war um so berechtigter, als es</Unicode>
                </TextEquiv>
            </TextLine>
            <TextLine id="r1l35" custom="readingOrder {index:34;}">
                <Coords points="929,1803 1783,1772 1782,1740 1747,1736 928,1760"/>
                <Baseline points="939,1793 980,1792 1022,1790 1063,1788 1105,1786 1147,1785 1188,1784 1230,1783 1271,1782 1313,1780 1355,1779 1396,1778 1438,1777 1479,1777 1521,1776 1563,1775 1604,1775 1646,1774 1687,1774 1729,1773 1771,1773"/>
                <TextEquiv>
                    <Unicode>spielerischen Wiedergabe kaum so hoch und voll¬</Unicode>
                </TextEquiv>
            </TextLine>
            <TextLine id="r1l36" custom="readingOrder {index:35;}">
                <Coords points="1804,1836 2648,1808 2647,1771 2621,1765 1804,1783"/>
                <Baseline points="1814,1824 1855,1822 1896,1820 1937,1819 1978,1817 2019,1817 2060,1816 2101,1815 2142,1815 2183,1814 2225,1814 2266,1814 2307,1814 2348,1813 2389,1813 2430,1813 2471,1812 2512,1812 2553,1811 2594,1811 2636,1810"/>
                <TextEquiv>
                    <Unicode>sich hier um das Ernsteste und Tiefste handelt,</Unicode>
                </TextEquiv>
            </TextLine>
            <TextLine id="r1l37" custom="readingOrder {index:36;}">
                <Coords points="934,1838 1755,1832 1784,1786 934,1810"/>
                <Baseline points="944,1834 985,1833 1027,1832 1068,1832 1110,1831 1151,1830 1193,1830 1234,1828 1276,1827 1317,1826 1359,1825 1400,1824 1442,1823 1483,1822 1525,1821 1566,1821 1608,1820 1649,1819 1691,1819 1732,1818 1774,1818"/>
                <TextEquiv>
                    <Unicode>endet, daß man es unbedingt gesehen haben</Unicode>
                </TextEquiv>
            </TextLine>
            <TextLine id="r1l38" custom="readingOrder {index:37;}">
                <Coords points="1795,1868 2480,1874 2645,1848 2645,1818 1794,1831"/>
                <Baseline points="1805,1863 1846,1863 1887,1862 1929,1862 1970,1862 2012,1861 2053,1861 2095,1860 2136,1860 2178,1860 2219,1859 2260,1859 2302,1858 2343,1858 2385,1857 2426,1856 2468,1856 2509,1855 2551,1854 2592,1853 2634,1852"/>
                <TextEquiv>
                    <Unicode>was wir aus der Feder Artur Schnitzlers be¬</Unicode>
                </TextEquiv>
            </TextLine>
            <TextLine id="r1l39" custom="readingOrder {index:38;}">
                <Coords points="936,1880 1774,1873 1773,1832 1747,1828 936,1843"/>
                <Baseline points="946,1877 986,1876 1027,1876 1068,1875 1109,1875 1150,1874 1191,1874 1231,1873 1272,1872 1313,1871 1354,1871 1395,1870 1436,1869 1477,1868 1517,1868 1558,1866 1599,1866 1640,1865 1681,1864 1722,1863 1763,1862"/>
                <TextEquiv>
                    <Unicode>muß. Ob die Berliner Hauptmann, Ibsen,</Unicode>
                </TextEquiv>
            </TextLine>
            <TextLine id="r1l40" custom="readingOrder {index:39;}">
                <Coords points="1809,1927 2472,1900 2524,1924 2651,1890 2650,1855 1809,1873"/>
                <Baseline points="1819,1909 1860,1908 1901,1907 1942,1906 1983,1905 2024,1905 2065,1904 2106,1904 2147,1903 2188,1903 2229,1902 2270,1902 2311,1901 2352,1901 2393,1901 2434,1901 2475,1900 2516,1900 2557,1900 2598,1900 2640,1900"/>
                <TextEquiv>
                    <Unicode>sitzen. Ebenso gewiß aber auch ist es, daß der</Unicode>
                </TextEquiv>
            </TextLine>
            <TextLine id="r1l41" custom="readingOrder {index:40;}">
                <Coords points="937,1923 1787,1912 1786,1873 1652,1865 936,1878"/>
                <Baseline points="948,1921 989,1920 1030,1920 1072,1919 1113,1918 1154,1917 1196,1916 1237,1915 1278,1915 1320,1914 1361,1913 1402,1912 1444,1912 1485,1911 1526,1910 1568,1909 1609,1908 1650,1907 1692,1906 1733,1905 1775,1904"/>
                <TextEquiv>
                    <Unicode>Schnitzler oder Arno holz spielen, es ist halt</Unicode>
                </TextEquiv>
            </TextLine>
            <TextLine id="r1l42" custom="readingOrder {index:41;}">
                <Coords points="1804,1966 2071,1964 2103,1938 2193,1967 2279,1944 2620,1958 2645,1917 1803,1927"/>
                <Baseline points="1815,1955 1858,1953 1901,1952 1944,1951 1987,1950 2030,1950 2073,1949 2116,1949 2159,1949 2202,1948 2246,1948 2289,1948 2332,1947 2375,1947 2418,1946 2461,1945 2504,1944 2547,1943 2590,1941 2634,1939"/>
                <TextEquiv>
                    <Unicode>„Einsame Weg“ auch in der denkbar voll¬</Unicode>
                </TextEquiv>
            </TextLine>
            <TextLine id="r1l43" custom="readingOrder {index:42;}">
                <Coords points="938,1977 1788,1957 1742,1915 937,1923"/>
                <Baseline points="948,1964 989,1964 1030,1964 1072,1964 1113,1964 1155,1963 1196,1963 1237,1962 1279,1961 1320,1960 1362,1958 1403,1958 1444,1956 1486,1955 1527,1954 1569,1953 1610,1952 1651,1952 1693,1951 1734,1951 1776,1951"/>
                <TextEquiv>
                    <Unicode>immer der gleich pedantische Drill mit dem</Unicode>
                </TextEquiv>
            </TextLine>
            <TextLine id="r1l44" custom="readingOrder {index:43;}">
                <Coords points="1801,2002 2650,2005 2649,1962 2520,1943 1801,1961"/>
                <Baseline points="1813,1997 1854,1995 1895,1993 1936,1992 1978,1991 2019,1990 2060,1990 2101,1990 2143,1990 2184,1990 2225,1990 2266,1991 2308,1991 2349,1991 2390,1990 2431,1990 2473,1989 2514,1988 2555,1986 2596,1984 2638,1982"/>
                <TextEquiv>
                    <Unicode>kommensten Darstellung durch heimische Schau¬</Unicode>
                </TextEquiv>
            </TextLine>
            <TextLine id="r1l45" custom="readingOrder {index:44;}">
                <Coords points="942,2025 1714,2013 1779,2003 1778,1955 941,1986"/>
                <Baseline points="953,2013 993,2011 1034,2009 1075,2007 1115,2006 1156,2005 1197,2004 1237,2003 1278,2002 1319,2001 1360,2001 1400,2000 1441,1999 1482,1999 1522,1998 1563,1997 1604,1996 1644,1996 1685,1995 1726,1994 1767,1992"/>
                <TextEquiv>
                    <Unicode>gleich nüchternen Realismus, wenig Phantasie,</Unicode>
                </TextEquiv>
            </TextLine>
            <TextLine id="r1l46" custom="readingOrder {index:45;}">
                <Coords points="1799,2059 2569,2042 2651,2018 2651,1992 1798,2008"/>
                <Baseline points="1809,2043 1850,2041 1892,2039 1933,2037 1975,2036 2016,2035 2058,2034 2099,2034 2141,2034 2182,2033 2224,2033 2266,2033 2307,2033 2349,2033 2390,2033 2432,2033 2473,2033 2515,2032 2556,2031 2598,2030 2640,2028"/>
                <TextEquiv>
                    <Unicode>spieler nicht mehr als einen Achtungserfolg er¬</Unicode>
                </TextEquiv>
            </TextLine>
            <TextLine id="r1l47" custom="readingOrder {index:46;}">
                <Coords points="943,2066 1782,2048 1781,2002 942,2018"/>
                <Baseline points="952,2054 995,2053 1038,2052 1081,2052 1124,2050 1167,2050 1210,2048 1253,2048 1296,2047 1339,2046 1383,2045 1426,2044 1469,2043 1512,2043 1555,2041 1598,2041 1641,2039 1684,2038 1727,2037 1771,2036"/>
                <TextEquiv>
                    <Unicode>viel Verstand und noch mehr Prätention und</Unicode>
                </TextEquiv>
            </TextLine>
            <TextLine id="r1l48" custom="readingOrder {index:47;}">
                <Coords points="1797,2091 2585,2090 2649,2072 2649,2031 1797,2061"/>
                <Baseline points="1807,2085 1848,2083 1890,2082 1931,2080 1973,2080 2014,2079 2056,2078 2097,2078 2139,2078 2180,2078 2222,2077 2264,2077 2305,2077 2347,2077 2388,2077 2430,2077 2471,2076 2513,2075 2554,2075 2596,2074 2638,2072"/>
                <TextEquiv>
                    <Unicode>rungen hätte. Denn das Werk ist ein dialogi¬</Unicode>
                </TextEquiv>
            </TextLine>
            <TextLine id="r1l49" custom="readingOrder {index:48;}">
                <Coords points="940,2098 1535,2108 1670,2082 1791,2107 1772,2047 939,2061"/>
                <Baseline points="950,2098 991,2097 1032,2096 1074,2095 1115,2094 1157,2094 1198,2093 1240,2092 1281,2091 1323,2090 1364,2089 1405,2088 1447,2088 1488,2086 1530,2086 1571,2084 1613,2084 1654,2083 1696,2081 1737,2080 1779,2079"/>
                <TextEquiv>
                    <Unicode>als Fettaugen auf der Bettelsuppe zwei wirk¬</Unicode>
                </TextEquiv>
            </TextLine>
            <TextLine id="r1l50" custom="readingOrder {index:49;}">
                <Coords points="1809,2140 2651,2112 2650,2078 2620,2076 1809,2090"/>
                <Baseline points="1819,2129 1860,2127 1901,2125 1942,2123 1983,2123 2024,2122 2065,2122 2106,2122 2147,2122 2188,2122 2229,2122 2270,2122 2311,2122 2352,2123 2393,2122 2434,2122 2475,2121 2516,2120 2557,2118 2598,2116 2640,2114"/>
                <TextEquiv>
                    <Unicode>sierter Roman, zwar überaus fein und geistvoll</Unicode>
                </TextEquiv>
            </TextLine>
            <TextLine id="r1l51" custom="readingOrder {index:50;}">
                <Coords points="940,2141 1754,2142 1786,2135 1786,2102 1669,2082 1213,2112 939,2098"/>
                <Baseline points="952,2142 993,2142 1034,2141 1075,2141 1116,2140 1157,2139 1198,2138 1240,2137 1281,2137 1322,2135 1363,2134 1404,2133 1445,2132 1486,2131 1528,2129 1569,2129 1610,2127 1651,2126 1692,2125 1733,2124 1775,2123"/>
                <TextEquiv>
                    <Unicode>lich hervorragende künstlerische Individuali¬</Unicode>
                </TextEquiv>
            </TextLine>
            <TextLine id="r1l52" custom="readingOrder {index:51;}">
                <Coords points="1808,2183 2650,2175 2632,2120 1808,2138"/>
                <Baseline points="1818,2172 1859,2170 1900,2169 1941,2168 1982,2167 2023,2166 2064,2166 2105,2165 2146,2165 2187,2165 2228,2165 2269,2165 2310,2165 2351,2165 2392,2164 2433,2164 2474,2163 2515,2162 2556,2161 2597,2159 2639,2157"/>
                <TextEquiv>
                    <Unicode>dialogisiert, aber von direkt antitheatralischer</Unicode>
                </TextEquiv>
            </TextLine>
            <TextLine id="r1l53" custom="readingOrder {index:52;}">
                <Coords points="935,2206 1790,2184 1789,2134 934,2152"/>
                <Baseline points="946,2186 987,2185 1029,2185 1070,2185 1112,2184 1154,2183 1195,2182 1237,2181 1278,2180 1320,2179 1362,2178 1403,2176 1445,2175 1486,2174 1528,2173 1570,2172 1611,2171 1653,2170 1694,2169 1736,2169 1778,2169"/>
                <TextEquiv>
                    <Unicode>täten: Else Lehmann und Albert Basser¬</Unicode>
                </TextEquiv>
            </TextLine>
            <TextLine id="r1l54" custom="readingOrder {index:53;}">
                <Coords points="1810,2222 2585,2218 2664,2198 2663,2153 2487,2179 1809,2177"/>
                <Baseline points="1820,2215 1861,2214 1903,2212 1944,2212 1986,2211 2028,2211 2069,2210 2111,2210 2153,2210 2194,2210 2236,2210 2278,2210 2319,2210 2361,2210 2403,2210 2444,2209 2486,2208 2528,2207 2569,2205 2611,2203 2653,2201"/>
                <TextEquiv>
                    <Unicode>Struktur. Wer einmal Bühnenerfolge einge¬</Unicode>
                </TextEquiv>
            </TextLine>
            <TextLine id="r1l55" custom="readingOrder {index:54;}">
                <Coords points="938,2247 1788,2221 1787,2182 1677,2177 937,2198"/>
                <Baseline points="948,2230 989,2229 1030,2229 1072,2228 1113,2228 1155,2227 1196,2226 1238,2226 1279,2225 1321,2225 1362,2224 1403,2223 1445,2222 1486,2222 1528,2221 1569,2219 1611,2219 1652,2218 1694,2216 1735,2215 1777,2213"/>
                <TextEquiv>
                    <Unicode>mann. Dagegen gerät Emanuel Reicher</Unicode>
                </TextEquiv>
            </TextLine>
            <TextLine id="r1l56" custom="readingOrder {index:55;}">
                <Coords points="1808,2273 2608,2267 2658,2243 2657,2202 1807,2224"/>
                <Baseline points="1819,2260 1860,2259 1901,2259 1943,2258 1984,2257 2026,2257 2067,2256 2109,2256 2150,2255 2192,2255 2233,2254 2274,2254 2316,2253 2357,2253 2399,2252 2440,2252 2482,2251 2523,2251 2565,2250 2606,2249 2648,2248"/>
                <TextEquiv>
                    <Unicode>heimst hat, scheint ihren süßen Lockungen nicht</Unicode>
                </TextEquiv>
            </TextLine>
            <TextLine id="r1l57" custom="readingOrder {index:56;}">
                <Coords points="941,2279 1761,2277 1782,2233 940,2236"/>
                <Baseline points="952,2275 993,2274 1034,2274 1075,2273 1116,2273 1157,2272 1198,2272 1239,2271 1280,2270 1321,2270 1362,2269 1403,2268 1444,2268 1485,2267 1526,2266 1567,2265 1608,2264 1649,2263 1690,2261 1731,2260 1772,2258"/>
                <TextEquiv>
                    <Unicode>immer mehr in ein schmalziges Pathos und</Unicode>
                </TextEquiv>
            </TextLine>
            <TextLine id="r1l58" custom="readingOrder {index:57;}">
                <Coords points="1813,2315 2603,2305 2658,2294 2658,2257 1812,2268"/>
                <Baseline points="1823,2303 1864,2302 1905,2301 1946,2300 1987,2299 2029,2299 2070,2299 2111,2299 2152,2299 2193,2299 2235,2299 2276,2299 2317,2299 2358,2299 2399,2299 2441,2298 2482,2298 2523,2297 2564,2295 2605,2294 2647,2292"/>
                <TextEquiv>
                    <Unicode>mehr widerstehen zu können. Er wird aus</Unicode>
                </TextEquiv>
            </TextLine>
            <TextLine id="r1l59" custom="readingOrder {index:58;}">
                <Coords points="936,2323 1707,2324 1795,2307 1794,2261 935,2286"/>
                <Baseline points="946,2318 990,2318 1034,2317 1078,2316 1122,2316 1166,2315 1210,2314 1255,2313 1299,2312 1343,2311 1387,2311 1431,2309 1475,2308 1520,2307 1564,2306 1608,2306 1652,2304 1696,2303 1740,2302 1785,2301"/>
                <TextEquiv>
                    <Unicode>Irene Triesch in eine immer unsteter flackernde</Unicode>
                </TextEquiv>
            </TextLine>
            <TextLine id="r1l60" custom="readingOrder {index:59;}">
                <Coords points="1802,2356 2617,2357 2658,2346 2658,2311 2550,2291 1801,2315"/>
                <Baseline points="1813,2347 1854,2347 1896,2347 1938,2347 1979,2347 2021,2346 2063,2346 2104,2346 2146,2346 2188,2345 2230,2345 2271,2345 2313,2344 2355,2344 2396,2343 2438,2343 2480,2342 2521,2342 2563,2341 2605,2340 2647,2339"/>
                <TextEquiv>
                    <Unicode>einem Stoff, der nach epischer Behandlung</Unicode>
                </TextEquiv>
            </TextLine>
            <TextLine id="r1l61" custom="readingOrder {index:60;}">
                <Coords points="943,2376 1795,2355 1794,2307 942,2326"/>
                <Baseline points="953,2367 994,2365 1036,2364 1077,2363 1119,2362 1161,2361 1202,2360 1244,2359 1285,2358 1327,2357 1369,2356 1410,2355 1452,2354 1493,2353 1535,2352 1577,2351 1618,2350 1660,2349 1701,2348 1743,2347 1785,2345"/>
                <TextEquiv>
                    <Unicode>Psyche, bar jeder Großzügigkeit. Und gerade</Unicode>
                </TextEquiv>
            </TextLine>
            <TextLine id="r1l62" custom="readingOrder {index:61;}">
                <Coords points="1810,2406 2568,2401 2656,2394 2656,2349 1810,2353"/>
                <Baseline points="1821,2395 1862,2393 1903,2390 1944,2389 1985,2388 2027,2387 2068,2386 2109,2386 2150,2386 2191,2386 2233,2386 2274,2386 2315,2387 2356,2387 2397,2387 2439,2387 2480,2387 2521,2386 2562,2385 2603,2384 2645,2383"/>
                <TextEquiv>
                    <Unicode>schreit, lieber ein schlechtes Theaterstück machen,</Unicode>
                </TextEquiv>
            </TextLine>
            <TextLine id="r1l63" custom="readingOrder {index:62;}">
                <Coords points="948,2418 1788,2405 1787,2364 1731,2357 947,2373"/>
                <Baseline points="960,2408 1000,2407 1041,2407 1082,2406 1123,2405 1164,2405 1205,2404 1245,2403 1286,2402 1327,2401 1368,2400 1409,2399 1450,2398 1491,2397 1531,2396 1572,2395 1613,2394 1654,2393 1695,2392 1736,2391 1777,2390"/>
                <TextEquiv>
                    <Unicode>diesen beiden Leuten ist im Gastspielplane des</Unicode>
                </TextEquiv>
            </TextLine>
            <TextLine id="r1l64" custom="readingOrder {index:63;}">
                <Coords points="1801,2448 2660,2438 2638,2391 2466,2412 1800,2401"/>
                <Baseline points="1811,2438 1852,2436 1894,2434 1936,2433 1978,2432 2020,2431 2062,2431 2103,2430 2145,2430 2187,2430 2229,2430 2271,2430 2313,2430 2355,2430 2396,2430 2438,2430 2480,2430 2522,2430 2564,2430 2606,2429 2648,2428"/>
                <TextEquiv>
                    <Unicode>als eine gute Novelle. Zu hause, ganz zu</Unicode>
                </TextEquiv>
            </TextLine>
            <TextLine id="r1l65" custom="readingOrder {index:64;}">
                <Coords points="945,2457 1780,2448 1795,2407 944,2418"/>
                <Baseline points="956,2452 997,2452 1038,2451 1080,2451 1121,2450 1163,2449 1204,2448 1245,2447 1287,2446 1328,2445 1370,2444 1411,2443 1452,2442 1494,2440 1535,2440 1577,2439 1618,2438 1659,2437 1701,2436 1742,2436 1784,2435"/>
                <TextEquiv>
                    <Unicode>Lessing=Theaters der größte Wirkungskreis ein¬</Unicode>
                </TextEquiv>
            </TextLine>
            <TextLine id="r1l66" custom="readingOrder {index:65;}">
                <Coords points="1810,2483 2658,2472 2657,2439 2578,2432 1809,2447"/>
                <Baseline points="1821,2481 1862,2480 1903,2479 1945,2478 1986,2478 2027,2477 2069,2476 2110,2475 2151,2475 2193,2474 2234,2474 2275,2473 2317,2473 2358,2472 2399,2472 2441,2472 2482,2471 2523,2471 2565,2470 2606,2469 2648,2469"/>
                <TextEquiv>
                    <Unicode>hause waren dagegen die Berliner Gäste wieder</Unicode>
                </TextEquiv>
            </TextLine>
            <TextLine id="r1l67" custom="readingOrder {index:66;}">
                <Coords points="954,2501 1783,2498 1782,2448 1758,2442 954,2458"/>
                <Baseline points="966,2496 1006,2495 1046,2495 1087,2494 1127,2493 1167,2492 1208,2492 1248,2491 1288,2490 1329,2490 1369,2489 1409,2488 1450,2488 1490,2487 1530,2486 1571,2485 1611,2484 1651,2483 1692,2482 1732,2481 1773,2480"/>
                <TextEquiv>
                    <Unicode>geräumt. Ihnen ward nicht nur die Aufgabe,</Unicode>
                </TextEquiv>
            </TextLine>
            <TextLine id="r1l68" custom="readingOrder {index:67;}">
                <Coords points="1805,2524 2582,2530 2655,2514 2655,2475 1805,2494"/>
                <Baseline points="1815,2524 1856,2523 1898,2522 1939,2521 1981,2520 2022,2519 2064,2519 2105,2518 2147,2518 2188,2517 2230,2517 2271,2517 2313,2517 2354,2517 2396,2517 2437,2516 2479,2516 2520,2516 2562,2516 2603,2515 2645,2515"/>
                <TextEquiv>
                    <Unicode>in hauptmanns „Biberpelz“. Diese in ihrer</Unicode>
                </TextEquiv>
            </TextLine>
            <TextLine id="r1l69" custom="readingOrder {index:68;}">
                <Coords points="940,2539 1737,2544 1790,2527 1790,2499 1471,2485 940,2516"/>
                <Baseline points="952,2540 993,2540 1034,2539 1076,2539 1117,2538 1158,2537 1200,2537 1241,2536 1282,2535 1324,2534 1365,2533 1406,2532 1448,2531 1489,2530 1530,2529 1572,2528 1613,2527 1654,2526 1696,2525 1737,2524 1779,2523"/>
                <TextEquiv>
                    <Unicode>den Pastor Rosmer und die Rebekka West zu</Unicode>
                </TextEquiv>
            </TextLine>
            <TextLine id="r1l70" custom="readingOrder {index:69;}">
                <Coords points="1810,2577 2622,2572 2667,2550 2667,2518 1810,2532"/>
                <Baseline points="1821,2567 1862,2566 1904,2565 1946,2565 1988,2564 2030,2564 2071,2563 2113,2563 2155,2563 2197,2563 2239,2562 2280,2562 2322,2562 2364,2562 2406,2561 2448,2561 2489,2560 2531,2560 2573,2559 2615,2558 2657,2557"/>
                <TextEquiv>
                    <Unicode>Art einzige Komödie hat zwar schon viel von</Unicode>
                </TextEquiv>
            </TextLine>
            <TextLine id="r1l71" custom="readingOrder {index:70;}">
                <Coords points="946,2598 1673,2589 1791,2564 1790,2538 944,2554"/>
                <Baseline points="955,2589 996,2587 1037,2586 1078,2584 1120,2582 1161,2582 1202,2581 1244,2580 1285,2579 1326,2579 1368,2578 1409,2577 1450,2577 1491,2576 1533,2575 1574,2574 1615,2573 1657,2571 1698,2569 1739,2567 1781,2564"/>
                <TextEquiv>
                    <Unicode>spielen, sie hatten auch in Schnitzlers Schau¬</Unicode>
                </TextEquiv>
            </TextLine>
            <TextLine id="r1l72" custom="readingOrder {index:71;}">
                <Coords points="1809,2619 2407,2632 2431,2610 2626,2611 2665,2600 2665,2567 1808,2572"/>
                <Baseline points="1819,2612 1860,2611 1902,2610 1944,2609 1986,2609 2028,2608 2069,2608 2111,2608 2153,2608 2195,2608 2237,2608 2278,2608 2320,2608 2362,2608 2404,2608 2446,2607 2487,2606 2529,2606 2571,2605 2613,2603 2655,2601"/>
                <TextEquiv>
                    <Unicode>ihren naturalistisch=satirischen Reizen eingebüßt:</Unicode>
                </TextEquiv>
            </TextLine>
            <TextLine id="r1l73" custom="readingOrder {index:72;}">
                <Coords points="948,2644 1768,2628 1796,2621 1795,2569 947,2595"/>
                <Baseline points="959,2632 1000,2630 1041,2629 1083,2627 1124,2626 1165,2625 1207,2624 1248,2623 1289,2622 1331,2621 1372,2620 1413,2619 1455,2618 1496,2617 1537,2617 1579,2615 1620,2615 1661,2613 1703,2612 1744,2611 1786,2610"/>
                <TextEquiv>
                    <Unicode>spiel „Der einsame Weg“ die heikelsten Ge¬</Unicode>
                </TextEquiv>
            </TextLine>
            <TextLine id="r1l74" custom="readingOrder {index:73;}">
                <Coords points="1820,2673 1906,2653 2559,2664 2666,2648 2666,2603 2410,2631 1820,2624"/>
                <Baseline points="1832,2655 1873,2654 1914,2653 1955,2653 1996,2652 2037,2652 2078,2652 2120,2652 2161,2652 2202,2652 2243,2653 2284,2653 2325,2653 2366,2652 2408,2652 2449,2652 2490,2651 2531,2650 2572,2649 2613,2647 2655,2645"/>
                <TextEquiv>
                    <Unicode>was an ihr Zustandsschilderung ist, beginnt</Unicode>
                </TextEquiv>
            </TextLine>
            <TextLine id="r1l75" custom="readingOrder {index:74;}">
                <Coords points="943,2680 1369,2664 1434,2688 1466,2666 1748,2675 1797,2648 1796,2622 1742,2621 942,2644"/>
                <Baseline points="953,2675 994,2674 1036,2673 1077,2672 1119,2671 1161,2670 1202,2669 1244,2668 1286,2668 1327,2667 1369,2666 1411,2665 1452,2664 1494,2663 1536,2663 1577,2661 1619,2660 1661,2659 1702,2657 1744,2656 1786,2654"/>
                <TextEquiv>
                    <Unicode>stalten zu verkörpern. Was sich ihrem nach¬</Unicode>
                </TextEquiv>
            </TextLine>
            <TextLine id="r1l76" custom="readingOrder {index:75;}">
                <Coords points="1814,2715 2569,2691 2659,2710 2659,2645 2564,2667 1813,2670"/>
                <Baseline points="1824,2700 1865,2698 1906,2698 1947,2697 1989,2696 2030,2696 2071,2696 2112,2696 2154,2696 2195,2696 2236,2696 2277,2696 2319,2696 2360,2696 2401,2695 2442,2695 2484,2694 2525,2693 2566,2691 2607,2689 2649,2687"/>
                <TextEquiv>
                    <Unicode>uns heute bereits an die Nerven zu gehen, und</Unicode>
                </TextEquiv>
            </TextLine>
            <TextLine id="r1l77" custom="readingOrder {index:76;}">
                <Coords points="947,2737 1789,2717 1768,2662 1467,2667 1437,2690 1368,2664 946,2683"/>
                <Baseline points="957,2718 998,2718 1039,2717 1080,2717 1121,2716 1162,2715 1203,2715 1244,2714 1285,2713 1326,2712 1367,2711 1408,2709 1449,2709 1490,2707 1531,2706 1572,2705 1613,2703 1654,2702 1695,2701 1736,2700 1777,2698"/>
                <TextEquiv>
                    <Unicode>spürenden Verstand entzog, blieb ihnen jedoch</Unicode>
                </TextEquiv>
            </TextLine>
            <TextLine id="r1l78" custom="readingOrder {index:77;}">
                <Coords points="1815,2752 2659,2734 2658,2698 2564,2694 1815,2715"/>
                <Baseline points="1826,2744 1867,2742 1908,2741 1949,2740 1990,2740 2031,2739 2072,2739 2114,2739 2155,2739 2196,2740 2237,2740 2278,2740 2319,2739 2360,2739 2402,2739 2443,2738 2484,2737 2525,2736 2566,2733 2607,2732 2649,2728"/>
                <TextEquiv>
                    <Unicode>was in ihr an Spott auf das preußische Junker¬</Unicode>
                </TextEquiv>
            </TextLine>
            <TextLine id="r1l79" custom="readingOrder {index:78;}">
                <Coords points="946,2771 1770,2763 1804,2760 1804,2719 945,2737"/>
                <Baseline points="957,2759 998,2760 1040,2760 1082,2760 1124,2760 1166,2759 1207,2759 1249,2757 1291,2757 1333,2756 1375,2754 1416,2753 1458,2751 1500,2750 1542,2749 1584,2748 1625,2748 1667,2747 1709,2747 1751,2747 1793,2748"/>
                <TextEquiv>
                    <Unicode>unerreichbar, dem einen der melodische Ausklang</Unicode>
                </TextEquiv>
            </TextLine>
            <TextLine id="r1l80" custom="readingOrder {index:79;}">
                <Coords points="1810,2793 2662,2784 2661,2745 2633,2739 1809,2747"/>
                <Baseline points="1821,2788 1862,2787 1903,2787 1945,2786 1986,2786 2028,2785 2069,2785 2111,2785 2152,2784 2194,2784 2235,2783 2276,2783 2318,2783 2359,2782 2401,2781 2442,2781 2484,2780 2525,2779 2567,2778 2608,2777 2650,2776"/>
                <TextEquiv>
                    <Unicode>tum aufgespeichert ist, mutet uns oft wie ein</Unicode>
                </TextEquiv>
            </TextLine>
            <TextLine id="r1l81" custom="readingOrder {index:80;}">
                <Coords points="942,2811 1794,2792 1793,2753 1371,2759 1337,2784 1274,2761 941,2772"/>
                <Baseline points="953,2803 994,2803 1036,2804 1077,2804 1119,2803 1160,2803 1202,2803 1243,2802 1285,2802 1326,2801 1368,2800 1410,2800 1451,2798 1493,2797 1534,2796 1576,2795 1617,2794 1659,2792 1700,2791 1742,2789 1784,2787"/>
                <TextEquiv>
                    <Unicode>eines Lebenskünstlers, in dem noch die sugge¬</Unicode>
                </TextEquiv>
            </TextLine>
            <TextLine id="r1l82" custom="readingOrder {index:81;}">
                <Coords points="1808,2840 2661,2828 2660,2790 2572,2782 1855,2792 1808,2814"/>
                <Baseline points="1819,2832 1860,2831 1902,2830 1943,2830 1985,2829 2026,2829 2068,2829 2109,2829 2151,2829 2192,2828 2234,2828 2275,2828 2317,2828 2358,2827 2400,2827 2441,2826 2483,2825 2524,2824 2566,2822 2607,2821 2649,2819"/>
                <TextEquiv>
                    <Unicode>alter Jahrgang des „Simplizissimus“ an. Allein</Unicode>
                </TextEquiv>
            </TextLine>
            <TextLine id="r1l83" custom="readingOrder {index:82;}">
                <Coords points="946,2860 1794,2835 1793,2807 1688,2801 945,2811"/>
                <Baseline points="957,2849 998,2848 1039,2848 1081,2847 1122,2847 1163,2847 1205,2846 1246,2846 1287,2845 1329,2845 1370,2844 1411,2844 1453,2843 1494,2842 1535,2841 1577,2840 1618,2838 1659,2837 1701,2835 1742,2833 1784,2830"/>
                <TextEquiv>
                    <Unicode>stive Kraft einer überschäumenden Jugend me¬</Unicode>
                </TextEquiv>
            </TextLine>
            <TextLine id="r1l84" custom="readingOrder {index:83;}">
                <Coords points="1810,2877 2660,2885 2659,2829 2636,2827 1809,2841"/>
                <Baseline points="1821,2874 1862,2874 1903,2874 1945,2874 1986,2873 2028,2873 2069,2873 2110,2873 2152,2873 2193,2873 2235,2872 2276,2872 2317,2872 2359,2871 2400,2871 2442,2870 2483,2869 2524,2869 2566,2868 2607,2867 2649,2866"/>
                <TextEquiv>
                    <Unicode>wie Frau Lehmann die Waschfrau Wolff</Unicode>
                </TextEquiv>
            </TextLine>
            <TextLine id="r1l85" custom="readingOrder {index:84;}">
                <Coords points="952,2898 1796,2884 1795,2847 1706,2832 1644,2855 951,2859"/>
                <Baseline points="962,2892 1003,2893 1044,2893 1085,2893 1126,2893 1167,2892 1208,2892 1250,2892 1291,2891 1332,2890 1373,2889 1414,2888 1455,2887 1496,2886 1538,2885 1579,2883 1620,2881 1661,2880 1702,2878 1743,2877 1785,2874"/>
                <TextEquiv>
                    <Unicode>lancholisch nachzittert, der anderen die seelische</Unicode>
                </TextEquiv>
            </TextLine>
            <TextLine id="r1l86" custom="readingOrder {index:85;}">
                <Coords points="1813,2925 2666,2914 2665,2869 1813,2877"/>
                <Baseline points="1825,2918 1866,2918 1908,2918 1949,2917 1991,2917 2032,2917 2074,2917 2115,2916 2157,2916 2198,2916 2240,2916 2281,2915 2323,2915 2364,2914 2406,2914 2447,2913 2489,2913 2530,2912 2572,2911 2613,2910 2655,2909"/>
                <TextEquiv>
                    <Unicode>und Herr Oskar Sauer den Amtsvorsteher</Unicode>
                </TextEquiv>
            </TextLine>
            <TextLine id="r1l87" custom="readingOrder {index:86;}">
                <Coords points="957,2950 1772,2937 1802,2904 956,2898"/>
                <Baseline points="967,2935 1008,2936 1049,2936 1090,2936 1131,2936 1173,2936 1214,2935 1255,2935 1296,2934 1337,2934 1379,2933 1420,2932 1461,2931 1502,2930 1543,2928 1585,2928 1626,2926 1667,2925 1708,2925 1749,2924 1791,2922"/>
                <TextEquiv>
                    <Unicode>Depression eines selbstsüchtigen Mädchens, das,</Unicode>
                </TextEquiv>
            </TextLine>
            <TextLine id="r1l88" custom="readingOrder {index:87;}">
                <Coords points="1823,2974 2318,2959 2458,2982 2479,2960 2658,2967 2673,2935 1822,2925"/>
                <Baseline points="1833,2965 1874,2964 1916,2962 1957,2962 1999,2961 2040,2960 2082,2960 2123,2959 2165,2958 2206,2958 2248,2958 2289,2957 2331,2957 2372,2957 2414,2957 2455,2957 2497,2957 2538,2957 2580,2957 2621,2957 2663,2957"/>
                <TextEquiv>
                    <Unicode>spielt, das steht noch immer außer Wettbewerb,</Unicode>
                </TextEquiv>
            </TextLine>
            <TextLine id="r1l89" custom="readingOrder {index:88;}">
                <Coords points="956,2984 1243,3005 1279,2980 1449,2996 1798,2968 1797,2934 1730,2931 955,2949"/>
                <Baseline points="966,2982 1007,2981 1048,2981 1089,2981 1130,2981 1171,2980 1212,2980 1253,2979 1294,2978 1335,2977 1376,2977 1417,2976 1458,2975 1499,2973 1540,2972 1581,2970 1622,2969 1663,2968 1704,2966 1745,2965 1787,2962"/>
                <TextEquiv>
                    <Unicode>nach der ersten Befriedigung des ersehnten</Unicode>
                </TextEquiv>
            </TextLine>
            <TextLine id="r1l90" custom="readingOrder {index:89;}">
                <Coords points="1816,3008 2619,3016 2675,3007 2675,2960 1816,2984"/>
                <Baseline points="1827,3006 1868,3005 1910,3004 1952,3004 1994,3003 2036,3003 2078,3003 2120,3003 2162,3003 2204,3003 2246,3003 2287,3003 2329,3003 2371,3003 2413,3003 2455,3002 2497,3002 2539,3001 2581,3000 2623,2999 2665,2998"/>
                <TextEquiv>
                    <Unicode>das bleibt noch immer unerreicht. Unerreicht</Unicode>
                </TextEquiv>
            </TextLine>
            <TextLine id="r1l91" custom="readingOrder {index:90;}">
                <Coords points="946,3030 1397,3043 1702,3008 1771,3027 1794,2981 1277,2980 1243,3004 946,2983"/>
                <Baseline points="958,3024 999,3023 1040,3023 1081,3023 1123,3022 1164,3022 1205,3022 1246,3021 1288,3021 1329,3021 1370,3020 1411,3020 1453,3020 1494,3019 1535,3018 1576,3017 1618,3016 1659,3015 1700,3013 1741,3011 1783,3009"/>
                <TextEquiv>
                    <Unicode>Lebensgenusses, vom Ekel erfaßt, lieber das</Unicode>
                </TextEquiv>
            </TextLine>
            <TextLine id="r1l92" custom="readingOrder {index:91;}">
                <Coords points="1827,3062 2580,3057 2666,3045 2666,3005 1826,3015"/>
                <Baseline points="1838,3050 1878,3050 1919,3049 1960,3049 2001,3049 2042,3048 2083,3048 2123,3048 2164,3048 2205,3048 2246,3048 2287,3048 2328,3048 2369,3048 2409,3047 2450,3047 2491,3046 2532,3045 2573,3044 2614,3043 2655,3041"/>
                <TextEquiv>
                    <Unicode>wie die grandiose Leistung des herrn Basser¬</Unicode>
                </TextEquiv>
            </TextLine>
            <TextLine id="r1l93" custom="readingOrder {index:92;}">
                <Coords points="955,3079 1676,3075 1800,3060 1800,3015 1391,3043 954,3032"/>
                <Baseline points="966,3066 1007,3066 1048,3065 1089,3065 1130,3065 1171,3065 1212,3065 1254,3064 1295,3064 1336,3064 1377,3064 1418,3063 1459,3063 1500,3062 1542,3061 1583,3060 1624,3059 1665,3058 1706,3055 1747,3053 1789,3050"/>
                <TextEquiv>
                    <Unicode>Leben fortwirft, als es mit einem moralischen</Unicode>
                </TextEquiv>
            </TextLine>
            <TextLine id="r1l94" custom="readingOrder {index:93;}">
                <Coords points="1826,3102 2641,3101 2660,3047 1825,3063"/>
                <Baseline points="1837,3095 1877,3094 1918,3093 1958,3092 1999,3092 2040,3091 2080,3091 2121,3091 2161,3090 2202,3090 2243,3090 2283,3090 2324,3090 2364,3090 2405,3089 2446,3089 2486,3089 2527,3088 2567,3087 2608,3087 2649,3085"/>
                <TextEquiv>
                    <Unicode>mann als Professor Niemeier in „Traumulus“.</Unicode>
                </TextEquiv>
            </TextLine>
            <TextLine id="r1l95" custom="readingOrder {index:94;}">
                <Coords points="959,3123 1768,3116 1804,3104 1804,3061 958,3090"/>
                <Baseline points="970,3111 1011,3111 1052,3111 1093,3110 1134,3110 1175,3110 1216,3110 1258,3110 1299,3109 1340,3109 1381,3109 1422,3108 1463,3107 1504,3106 1546,3106 1587,3104 1628,3103 1669,3101 1710,3099 1751,3098 1793,3095"/>
                <TextEquiv>
                    <Unicode>und physischen Katzenjammer in eine ungewisse</Unicode>
                </TextEquiv>
            </TextLine>
            <TextLine id="r1l96" custom="readingOrder {index:95;}">
                <Coords points="1829,3149 2660,3140 2659,3097 2610,3091 1829,3104"/>
                <Baseline points="1839,3138 1879,3139 1920,3139 1960,3139 2001,3139 2041,3139 2082,3138 2122,3138 2163,3137 2203,3137 2244,3136 2284,3136 2325,3135 2365,3134 2406,3134 2446,3133 2487,3133 2527,3133 2568,3132 2608,3132 2649,3132"/>
                <TextEquiv>
                    <Unicode>Durch sie wurde das streng gehütete Prinzip</Unicode>
                </TextEquiv>
            </TextLine>
            <TextLine id="r1l97" custom="readingOrder {index:96;}">
                <Coords points="948,3155 1744,3161 1806,3147 1806,3101 947,3135"/>
                <Baseline points="959,3154 1000,3154 1042,3154 1084,3154 1126,3154 1168,3154 1209,3153 1251,3153 1293,3153 1335,3152 1377,3151 1418,3151 1460,3150 1502,3149 1544,3148 1586,3147 1627,3146 1669,3144 1711,3142 1753,3141 1795,3139"/>
                <TextEquiv>
                    <Unicode>Zukunft fortzufristen. Was Schnitzler in seinem</Unicode>
                </TextEquiv>
            </TextLine>
            <TextLine id="r1l98" custom="readingOrder {index:97;}">
                <Coords points="1825,3195 2633,3197 2632,3143 2574,3137 1825,3150"/>
                <Baseline points="1837,3180 1876,3181 1915,3181 1954,3182 1993,3182 2033,3182 2072,3182 2111,3182 2150,3181 2189,3181 2229,3181 2268,3180 2307,3179 2346,3179 2385,3178 2425,3178 2464,3177 2503,3177 2542,3177 2581,3176 2621,3176"/>
                <TextEquiv>
                    <Unicode>des Ensemblespieles beinahe zum Starsystem.</Unicode>
                </TextEquiv>
            </TextLine>
            <TextLine id="r1l99" custom="readingOrder {index:98;}">
                <Coords points="953,3194 1016,3217 1802,3205 1801,3156 1723,3150 1201,3174 953,3155"/>
                <Baseline points="964,3197 1005,3197 1046,3197 1088,3198 1129,3198 1170,3198 1212,3198 1253,3198 1294,3198 1336,3197 1377,3197 1418,3196 1460,3196 1501,3195 1542,3194 1584,3193 1625,3192 1666,3191 1708,3190 1749,3188 1791,3186"/>
                <TextEquiv>
                    <Unicode>Schauspiel darzustellen sucht, ist an sich schon</Unicode>
                </TextEquiv>
            </TextLine>
            <TextLine id="r1l100" custom="readingOrder {index:99;}">
                <Coords points="2230,3244 2282,3235 2336,3247 2396,3225 2446,3236 2499,3224 2579,3254 2616,3225 2646,3227 2645,3193 2613,3200 2581,3185 2516,3198 2409,3180 2357,3200 2320,3185 2305,3198 2230,3188"/>
                <Baseline points="2240,3227 2266,3227 2292,3227 2319,3227 2345,3227 2371,3226 2398,3226 2424,3225 2450,3224 2477,3224 2503,3224 2529,3223 2556,3224 2582,3224 2608,3225 2635,3227"/>
                <TextEquiv>
                    <Unicode>Theodor Autropp.</Unicode>
                </TextEquiv>
            </TextLine>
            <TextLine id="r1l101" custom="readingOrder {index:100;}">
                <Coords points="967,3256 1818,3259 1817,3213 1776,3197 967,3207"/>
                <Baseline points="978,3242 1019,3242 1060,3242 1102,3242 1143,3242 1185,3242 1226,3241 1268,3240 1309,3240 1351,3239 1392,3239 1433,3238 1475,3238 1516,3237 1558,3236 1599,3236 1641,3235 1682,3235 1724,3234 1765,3234 1807,3233"/>
                <TextEquiv>
                    <Unicode>so versonnen und ins Gedankliche verstiegen,</Unicode>
                </TextEquiv>
            </TextLine>
            <TextLine id="r1l102" custom="readingOrder {index:101;}">
                <Coords points="1057,3499 2355,3501 2534,3490 2559,3449 1057,3468"/>
                <Baseline points="1068,3500 1142,3500 1216,3500 1290,3499 1364,3498 1438,3497 1512,3496 1586,3495 1660,3493 1734,3492 1808,3490 1882,3489 1956,3487 2030,3486 2104,3484 2178,3483 2252,3482 2326,3482 2400,3481 2474,3481 2548,3481"/>
                <TextEquiv>
                    <Unicode>Österreichische Rundschau, hest 82, 85. □ Redaktionsschluß 19. Mai 1906. □ Ausgegeben 24. Mai 1906.</Unicode>
                </TextEquiv>
            </TextLine>
            <TextLine id="r1l103" custom="readingOrder {index:102;}">
                <Coords points="953,3546 2697,3525 2681,3450 953,3511"/>
                <Baseline points="965,3541 1051,3543 1137,3543 1223,3544 1309,3543 1395,3542 1481,3540 1567,3539 1653,3536 1739,3534 1825,3532 1911,3530 1997,3528 2083,3526 2169,3524 2255,3523 2341,3522 2427,3522 2513,3523 2599,3524 2686,3526"/>
                <TextEquiv>
                    <Unicode>Herausgeber: Dr. Alfred Freiherr von Berger, Dr. Karl Glossy. S Verantwortlicher Redakteur: Dr. Zugo Haberfeld.</Unicode>
                </TextEquiv>
            </TextLine>
            <TextEquiv>
                <Unicode>box 23/3
18. Der einsane Neg
Gastspiel des Berliner Lessing= daß den Darstellern die Aufgabe erwächst, das
Droblematische der Dichtung durch eigenes, warm
Theaters. Ich fürchte, Direktor Brahm wird
pulsierendes Empfindungsleben zu paralysieren.
heuer mit einer ungünstigen Pflanz Nach Berlin
Dieses ausgleichende Werk der Ergänzung aber
zurückkehren, Auy dem Gastshiel se'per Truppe,
wollte nur Frau Lehmann und herrn Basser¬
das bereits dem Ende nahtist ihm bisher noch
mann gelingen. Und was man hier noch als
kein lohnender Gewinn erblüht. Weder an
eine besondere Störung empfand, das ist die
Lorbeer noch an Gold. Und das begreift sich
prononciert norddeutsche Mundart, in der die
leicht. Daß sich mit der verunglückten „Elga“
Berliner Gäste das in Wien spielende Stück
von Gerhart Hauptmann oder dem „einsamen
sprechen. Dennoch wurde die Aufführung mit
Weg“ von Artur Schnitzler keine Geschäfte
demonstrativem Beifall aufgenommen, und man
machen lassen, mußte er voraussehen, und es
konnte aus ihm deutlich den an die Wiener
war eine unbedachte Vermessenheit, „Ros¬
Theaterdirektoren adressierten Vorwurf heraus¬
mersholm“ durch zwei Wochen hindurch als
hören, daß erst Berliner Schauspieler nach Wien
eine Sensation zu forcieren. Was Direktor Brahm
kommen mußten, um uns die Bekanntschaft
aber sonst noch aus dem älteren Repertoire
eines Wiener Schauspieles zu vermitteln. Und
des Lessing=Theaters brachte, war in der schau¬
der Dorwurf war um so berechtigter, als es
spielerischen Wiedergabe kaum so hoch und voll¬
sich hier um das Ernsteste und Tiefste handelt,
endet, daß man es unbedingt gesehen haben
was wir aus der Feder Artur Schnitzlers be¬
muß. Ob die Berliner Hauptmann, Ibsen,
sitzen. Ebenso gewiß aber auch ist es, daß der
Schnitzler oder Arno holz spielen, es ist halt
„Einsame Weg“ auch in der denkbar voll¬
immer der gleich pedantische Drill mit dem
kommensten Darstellung durch heimische Schau¬
gleich nüchternen Realismus, wenig Phantasie,
spieler nicht mehr als einen Achtungserfolg er¬
viel Verstand und noch mehr Prätention und
rungen hätte. Denn das Werk ist ein dialogi¬
als Fettaugen auf der Bettelsuppe zwei wirk¬
sierter Roman, zwar überaus fein und geistvoll
lich hervorragende künstlerische Individuali¬
dialogisiert, aber von direkt antitheatralischer
täten: Else Lehmann und Albert Basser¬
Struktur. Wer einmal Bühnenerfolge einge¬
mann. Dagegen gerät Emanuel Reicher
heimst hat, scheint ihren süßen Lockungen nicht
immer mehr in ein schmalziges Pathos und
mehr widerstehen zu können. Er wird aus
Irene Triesch in eine immer unsteter flackernde
einem Stoff, der nach epischer Behandlung
Psyche, bar jeder Großzügigkeit. Und gerade
schreit, lieber ein schlechtes Theaterstück machen,
diesen beiden Leuten ist im Gastspielplane des
als eine gute Novelle. Zu hause, ganz zu
Lessing=Theaters der größte Wirkungskreis ein¬
hause waren dagegen die Berliner Gäste wieder
geräumt. Ihnen ward nicht nur die Aufgabe,
in hauptmanns „Biberpelz“. Diese in ihrer
den Pastor Rosmer und die Rebekka West zu
Art einzige Komödie hat zwar schon viel von
spielen, sie hatten auch in Schnitzlers Schau¬
ihren naturalistisch=satirischen Reizen eingebüßt:
spiel „Der einsame Weg“ die heikelsten Ge¬
was an ihr Zustandsschilderung ist, beginnt
stalten zu verkörpern. Was sich ihrem nach¬
uns heute bereits an die Nerven zu gehen, und
spürenden Verstand entzog, blieb ihnen jedoch
was in ihr an Spott auf das preußische Junker¬
unerreichbar, dem einen der melodische Ausklang
tum aufgespeichert ist, mutet uns oft wie ein
eines Lebenskünstlers, in dem noch die sugge¬
alter Jahrgang des „Simplizissimus“ an. Allein
stive Kraft einer überschäumenden Jugend me¬
wie Frau Lehmann die Waschfrau Wolff
lancholisch nachzittert, der anderen die seelische
und Herr Oskar Sauer den Amtsvorsteher
Depression eines selbstsüchtigen Mädchens, das,
spielt, das steht noch immer außer Wettbewerb,
nach der ersten Befriedigung des ersehnten
das bleibt noch immer unerreicht. Unerreicht
Lebensgenusses, vom Ekel erfaßt, lieber das
wie die grandiose Leistung des herrn Basser¬
Leben fortwirft, als es mit einem moralischen
mann als Professor Niemeier in „Traumulus“.
und physischen Katzenjammer in eine ungewisse
Durch sie wurde das streng gehütete Prinzip
Zukunft fortzufristen. Was Schnitzler in seinem
des Ensemblespieles beinahe zum Starsystem.
Schauspiel darzustellen sucht, ist an sich schon
Theodor Autropp.
so versonnen und ins Gedankliche verstiegen,
Österreichische Rundschau, hest 82, 85. □ Redaktionsschluß 19. Mai 1906. □ Ausgegeben 24. Mai 1906.
Herausgeber: Dr. Alfred Freiherr von Berger, Dr. Karl Glossy. S Verantwortlicher Redakteur: Dr. Zugo Haberfeld.</Unicode>
            </TextEquiv>
        </TextRegion>
        <TextRegion orientation="0.0" id="r2" custom="readingOrder {index:1;}">
            <Coords points="2878,3389 2878,3542 2892,3542 2892,3389"/>
            <TextLine id="r2l1" custom="readingOrder {index:0;}">
                <Coords points="2868,3488 2883,3492 2889,3491 2902,3494 2913,3448 2902,3445 2888,3451 2877,3449"/>
                <Baseline points="2878,3489 2892,3492"/>
                <TextEquiv>
                    <Unicode>40</Unicode>
                </TextEquiv>
            </TextLine>
            <TextEquiv>
                <Unicode>40</Unicode>
            </TextEquiv>
        </TextRegion>
    </Page>
</PcGts>
