3392 4352
1286 318 1809 419 box 23/1
185 326 1196 426 18. Der einsane Nen
422 890 1288 1055 Dr. Max Goldschmidt
578 1017 1139 1123 „  Bureau für
587 1091 1127 1179 Zeitungsausschnitto
342 1141 1384 1246 verbunden mu Tirektem Nachrichtendienst durch
591 1217 1129 1304 eigene Korrespondenten.
882 1268 1319 1349 Telephon: III, 3051.
395 1281 789 1361 Berlin N. 24.
399 1300 1384 1410 B
632 1385 1123 1491 Ausschnitt aus
587 1531 1349 1636 Die Welt am Montag, Berlin
826 1701 1207 1847 15 FEB. 1904
1470 1937 3292 2142 ser veretsterien Senie di. Sinengtent benchen dine estester Silenrns ud den Zemn
2663 2085 3305 2162 darum irritieren. Das hat eine#
1477 2090 2682 2183 er auf den Trümmern der Vergangenheit ein letztes Glück ergreifen,
2666 2137 3293 2197 eine Verschwommenheit der Physiog
433 2047 1402 2234 Theater und Musik.
1472 2138 2673 2218 will er nichts anderes, als seinem Sohn ein Vater sein. Er muß es
409 2192 470 2238 —
2661 2191 3304 2253 sam mit einem Mangel an zielsich
1477 2197 2675 2271 erleben, wie das Bekenntnis seiner Vaterschaft ihm den Sohn,
254 2187 441 2290 22
1489 2229 3294 2307 seinen bisherigen Freund Felix entfremdet, welcher fühlt, daß man tragen, daß dies und das nicht ze
473 2224 1312 2330 Eine wienerische Dichtung.
2674 2263 3272 2339 seinen menschlichen Gründen f.
1496 2294 2686 2351 sehr wenig für einen Menschen getau hat, wenn man nichts tat, als
365 2287 1496 2372 Arthur Schnitzler hat mit dem ganz von persönlicher Stimmung
2669 2299 3311 2384 Schnitzler in den engen Grenzen#
1494 2329 2681 2397 ihn in die Welt setzen. Und Julian wird den Weg hinab so allein
284 2350 1497 2425 durchtränkten Schauspiel „Der einsame Weg“ die Intellektuellen so
2668 2365 3295 2417 aus Längstvergangenem nur die
1485 2374 2682 2443 gehen, wie ihn alle gehen müssen, die „niemandem gehört haben“.
289 2394 1494 2473 in seinen Bann gezogen, daß ihn die Anteillosigkeit der Menge weder
1487 2387 3307 2483 Wieder ist es ein Todeskandidat, der in eine erklärende Reflexion Aber wem das gelingen soll, der mi
299 2437 1493 2518 zu schmerzen braucht, noch verwundern darf. Er war auch diesmal
2678 2454 3313 2505 mit der bei Ibsen die Vergangenhe
1492 2461 2681 2532 faßt, was nicht ganz „verdichtet", d. h. in Handlung oder Charak¬
291 2484 1497 2559 stark genug, sich durch keinerlei Versuchung ablenken zu lassen. Sein
1489 2491 3301 2572 teristik umgesetzt worden ist. Stephan von Sala, dessen Niederlage seitig durchleuchten. Und wer me
296 2525 1496 2596 Mangel an Erfolg beruht zu einem Teil auf dem Mangel an starken
2671 2533 3299 2604 zum Austrag bringen will, der mu
295 2597 2694 2642 Theatereffekten, an Schlaglichtern, die dem Durchschnitt das Nach= im Kampf um ein höheres Dasein die zweite Hälfte der Dichtung
1568 2592 1624 2627 Rl
2671 2579 3298 2642 einander führen. Bei Schnitzler s#
292 2646 2686 2691 denken und Nachempfinden, das Belauschen innerer Stimmen zu er¬ ausfüllt — der Dichter Sala ist sich selbst zeitlebens ein schönes
2679 2623 3306 2683 keine Menschenkinder. Feine, bleich
291 2676 2678 2721 leichtern vermögen. Worauf es einem Psychologen von der Art Deklamationsthema gewesen. Sein Leben hat ihn niemals fort¬
2681 2669 3305 2736 mit zarten Konturen wallen den #
301 2682 2684 2772 Schnitzlers ankommt, ist die innere Komposition, der ideelle Zu=gerissen; er hat es in der Hand gehabt und ängstlich betastet und mit
1490 2711 3299 2801 geistreichen Deutungen, künstlichen Antithesen und Nuancen aus= Das Schicksal, das sich jedesmal
302 2749 1499 2825 sammenhang, sind nicht die Geschehnisse an sich, sondern die zarten
1492 2749 3297 2842 geschmückt, um ihm Interesse zu geben. Ihm hat alle Naivetät, alle chen unter vielen, auf das nur
2674 2792 3309 2856 Und hier ist der Punkt, wo Sch
294 2797 1503 2866 Schwingungen, die durch die Geschehnisse in den beteiligten
1496 2823 2686 2881 Unmittelbarkeit des Erlebens gefehlt, und die Kühle seines Naturells
2689 2837 3309 2907 weit abrückt, wie seine sentiment
302 2837 1496 2910 Menschenseelen hervorgerufen werden. Wie diese Menschenseelen
1489 2868 2683 2925 hat einen Abgrund um ihn geschaffen, in dem er am Ende versinkt.
2682 2894 3299 2952 auffassung weitab von der Größe
289 2883 1502 2951 sich zu einander bewegt haben, sich nah und näher gekommen und vor
1487 2909 2684 2972 Dieser Sala ist die Inkarnation des Schnitzlerschen Problems, das
2690 2926 3310 2999 Weltanschauung liegt; wo sich den
298 2929 1511 3000 einander geflohen sind, um hinfort einen einsamen Weg zu gehen:
304 2947 2691 3045 das ist die sogenannte Vorfabel der undramatischen Dichtung. Ihr wesentlich undramatisch ist und auf die Frage hinausläuft: wie ver¬
2680 2961 3307 3039 grandiosen Kraft des Skandinaven
310 3001 2692 3086 eigentlicher Inhalt aber ist: wie sich Schleier um Schleier von eben hält sich der Mensch meiner Generation, meiner Kultur und meines
2688 3005 3312 3078 mitgeteilt hat, der Kraft, jedes M
296 3040 2683 3134 jener Vergangenheit hebt, die die Vorbedingungen für das tragische Volks, der künstlerische Egoist, der sensitive Dilettant mit über¬
2686 3048 3317 3133 zu verknüpfen, in jedem einen Sin
298 3089 2692 3190 Ende, den melancholischen Ausklang der Dichtung geschaffen hat. reichem Selbstbeobachtungvermögen, mit wenig Willen und einem
2684 3100 3315 3166 tiven eröffnet ..... Und denno
2684 3143 3311 3214 uns wirken, nicht durch künstlerisch
381 3126 2686 3224 Schnitzler stimmt weich und leise eine Elegie an. Es herbstelt, großen Heimweh nach Schönheit und Naivetät, wie verhält sich dieser
1495 3170 2693 3238 Mensch im Leben? Die Antwort ist einfach: eigentlich hat er zwischen
2682 3183 3309 3247 tungstärke ihres Autors, sondern
307 3208 1505 3280 und mit der Natur rüsten sich ein paar Menschen zum Sterben,
1504 3217 2683 3284 den Menschen keinen rechten Platz und kann mit dem Leben nichts
2691 3230 3318 3293 dessen, der sie schuf. Und das e#
297 3242 1503 3314 nehmen andere stillen Abschied von den Illusionen, dem Menschen¬
1497 3263 2687 3326 anfangen. Darum geht er manchmal sterben. Oder er stellt sich
2686 3265 3321 3341 Inhalt des Buches eher vergessen
296 3288 1509 3373 glauben und der Hoffnung. Gealierte Augen blicken auf ein ver¬
1505 3304 2709 3371 allein, was fast dasselbe ist; denn nur der Starke ist am mächtigsten
297 3331 1506 3413 gangenes Leben zurück und entdecken, daß es ein verlorenes Leben
299 3361 3319 3463 war. Junge Augen blicken seherhaft hell in eine Zukunft, die ihnen allein. Oder er lebt weiter, mit hochmütiger Resignation ein zer= weckte, als die Fülle seelischer ###
2684 3352 3315 3424 unser Leben strömen ließen. So#
1496 3392 2694 3460 brechliches, künstliches Dasein, einsam mitten unter den Menschen
2687 3402 3318 3472 samen Weg“ gehen, der an Fülle
291 3420 1511 3518 das Leben nicht lebenswert erscheinen läßt. Gegenseitige Schuld¬
1507 3442 2685 3506 oder in selbstsüchtigen Kombinationen ihr heimlicher Herr wie der
2684 3449 3300 3530 Werke seines Dichters übertrifft.
294 3471 1507 3540 verstrickung löst sich, und Herzensschicksale werden offenbar, bei
1503 3484 1836 3563 „Puppenspieler“.
2851 3490 3296 3557 Die Aufführung des
296 3517 1513 3596 denen der Zwang der Umstände zwar nicht die Herzen brach, aber
1567 3521 3290 3595 Der „Puppenspieler“ war Schnitzlers vorletztes — einaktiges welchen Vornehmheit Schnitzlerj
302 3570 1529 3644 ihnen doch einen Riß für immer geb. Von vielen Lebenslügen und
1506 3579 3322 3656 — Werk und hat in Stil und Ton schon das letzte — fünfaktige — gegangen ist, aber sie bewies au
308 3605 1517 3680 unerfüllbaren idealen Forderungen fallen die Hüllen, und gegenüber
299 3626 3312 3713 stehen sich, entblößt und traurig, „Betrogene und Betrüger“. Der angekündigt. Hier wie dort ist der Dichter analytisch vorgegangen. Glücksucher, diese Mimosennaturen
307 3705 3324 3769 dieses Wort die Einsicht der Todesstunde eingist, Frau Gabriele [Aber hier w#'e dort, im großen wie im kleinen Rahmen, hat er ge=stecken geblieben sind. Nur ihr #
2694 3701 3321 3777 greiflich geworden, nicht ihr Leben
299 3716 2720 3820 Wegrath, hat ihrem Gatten vor dreiundzwanzig Jahren einen Sohnl zeigt, daß ihm diese Methode noch nicht so geläufig ist wie die
2693 3743 3286 3821 gesprochene Wirklichkeitgestalter
296 3759 2698 3865 geboren, auf den nach ihrem Tode Julian Fichtner Vaterrechte spragmatische Darstellung. Es wimmelt im „Einsamen Weg“ von
311 3846 3313 3907 geltend macht. Diesem Maler sind in blühender Jugend Gelübde [Repliken, die weder der dünnen Handlung noch der weniger plasti=nichts tun als ihre eigene herzhaft
310 3843 3318 3937 und bürgerliche Moral Mächte gewesen, denen sich sein individueller ischen als lincaren Charakteristik dienen; von Zügen, die man mehr Besser war Bassermann dran, der
313 3887 3311 4007 Freiheitdrang durchaus gewachsen geezigt hat. Jetzt aber, dastrraten muß als erkennen kann; von flüchtigen Farbenflecken für reichsten Seite zeigen durfte, der d
