3392 4256
1027 311 1113 382 W
721 315 1009 383 insäme
1369 313 1837 398 box 23/1
233 317 1238 422 18. Der elnenmeneß
908 743 1362 829 Selaschmidt
782 820 1151 907 Bureau für
686 888 1234 971 Zeitungsausschnitte
448 960 1467 1032 verbunden mit direktem Nachrichtendienst durch
681 1019 1220 1086 eigene Korrespondenten.
983 1066 1419 1143 Telephon: III, 3051.
487 1070 867 1146 Berlin N. 24.
789 1110 990 1184 —
538 1131 691 1187 —
733 1185 1182 1269 Ausschnitt aus
463 1355 1528 1482 Neue Badische Landeszeitung, Mannheim
987 1600 1371 1730 16 FEB 1904
1519 1700 3306 1767 für Wärmung entbehrten, die aber nie sich selber gaben,I manns Portraitkunst — ist der
2658 1756 3332 1810 der Negationen und der Ueberlege##
1525 1763 2664 1820 die nie einen Menschen geliebt und die jetzt auf dem Bergabweg,
2666 1799 3326 1850 seine Maske bis zuletzt, bis in das
1522 1802 2669 1867 der dunklen Tiefe nah, zum erstenmal Alleinsein fühlen und
692 1749 1239 1877 Jeuilleton.
2661 1840 3320 1885 Stunden. Ein Geisteshochmütige
1525 1842 1779 1907 erschaudern.
2666 1874 3329 1923 mit Charme und unnachahmlicher
1627 1869 2657 1934 Zwei stehen sich so gegenüber ähnlichen Schicksals, ver¬
704 1880 1230 1966 Berliner Theater.
2667 1920 3315 1972 seiner spöttischen Blague viel mehr
1540 1921 2665 1968 schiedenen Temperaments, Stephan von Sala und Julian
2670 1954 3301 2006 täts=Attacken des Lebens hat als S
1538 1941 2669 2010 Fichtner. Stephan von Sala ist der überlegene, der Lebens¬
687 1947 1216 2029 „Der einsame Weg.“
2669 1992 3316 2043 lich zusammengeholten Resten hocht
1537 2000 2661 2046 puppenspieler bis zum Ende, Julian aber verliert in der
459 2001 1510 2090 Artbur Schnitzlers neues Schauspiel „Der ein¬
2668 2038 3316 2094 worte zusammenbricht Sala trägt
1531 2030 2667 2083 kritischen Lebenswende die Maske, die er so selbstbewußt und
382 2051 1521 2113 same Weg#7Blch bei S. Fischer) das am Sonnabend abend
2660 2071 3325 2133 letzten Weges, er sträubt sich nich
1526 2083 2664 2120 selbstgläubig getragen, er starrt plötzlich in das Nichts, in
391 2095 1528 2142 im Deutschen Theater aufgeführt wurde, ist ein
2664 2122 3320 2173 Unabänderlichkeit ja er will es gar
1536 2112 2669 2164 die Leere, und in wilder verzweifelter Panik versucht er
388 2131 1522 2188 Werk voll tiefer psychologischer Feinheiten, voll einer Fülle
1530 2151 2666 2200 seinem Leben einen Inhalt zu retten. Seine Kunst ist ver¬
2675 2157 3317 2202 geschaffen, sein Inneres zu teilen m
385 2171 1524 2227 vielfältigen Lebenswissens, voll eigennachdenklicher Spiege¬
2670 2179 3320 2240 von denen, die sich in wohrstem S
1526 2187 2662 2241 braucht, sein Abenteurersinn ist welk und müde geworden,
374 2208 1533 2276 lung menschlicher Beziehungen, voll reifen resignierten Ver¬
2682 2231 3307 2290 Aber dieser Skeptiker hat dabei de
1534 2230 2667 2289 er, der in seiner Jugendzeit so selbstherrlich an seine Macht¬
378 2249 1523 2322 stehens. Es hat viel zu geben, aber es spricht reine Inner¬
2673 2272 3318 2324 für romantische Reize für die E
1519 2281 2655 2326 persönlichkeit geglaubt, entdeckt, daß in seinem Innern —
386 2289 1523 2348 lichkeiten in künstlerisch unzulänglicher Form aus. Wir hören
2673 2297 3329 2365 für die Opiate der Einbildungskra
1536 2305 2663 2360 als habe sie geduldig auf der Lauer gelegen — Weh und
388 2329 1524 2379 eine Stimme in der Dämmerung Dinge sagen, die uns die
1543 2352 2662 2401 Elendigkeit, Sehnsucht nach weicher ihn hegender Güte auf¬
2664 2352 3312 2421 er benußt die Leere. Er spielt, h
387 2363 1526 2420 Seele berühren, — wenn wir das Buch lesen; aber auf der
2672 2389 3317 2435 den Vorstellungen asiatischer Fern
1536 2390 2678 2448 tauchte. Er will nicht allein sein. Er will Felix seinen
390 2403 1529 2471 Bühne bleibt der peinliche Eindruck, daß ziemlich ohnmächtig
2670 2433 3323 2486 versunkener Städte mit opalschimn
1544 2429 2669 2478 Sohn für sich, den Sohn, der ihm nicht gehört, den Sohn
381 2457 1534 2508 und unsicher mit locker gereihten Szenen, ohne gestaltende
2666 2473 3314 2528 den Tiefen der Erde. Und der
1537 2464 2664 2516 der Frau, die er einst skrupellos in Stich gelassen und
388 2488 1527 2545 Hand, ohne Notwendigkeit, ohne künstlerisch zwingenden Wil¬
2667 2505 3320 2558 unsäglich feines Gefühl für den
1530 2495 2678 2567 die von einem sanften gütigen Menschen, dem Professor
376 2528 1527 2591 len, Gedanken und Gefühle krampfhaft und mühsam in Vor¬
2671 2549 3328 2602 sich innerlich nie gegeben, ist sicherl
1540 2551 2676 2596 Wegrath geheiratet wurde, als dessen Kind dann Felix gilt.
375 2577 1077 2644 gänge und Personen umgesetzt sind.
1537 2584 2670 2637 Den Konflikt aus diesen Beziehungesn bilden die eine Hand¬
2667 2586 3258 2638 künstler, er genießt die Frissor
481 2591 1526 2661 Schnitzler findet für seinen Inhalt nicht die schöpfungs¬
1530 2622 2675 2680 lung des Stückes. Szenen voll aufgewühlter Gemütswellen
2679 2630 3213 2679 in seiner Hand erzittern
387 2643 1538 2698 starke Gestaltung, ni# die Schicksalsplastik. Die Fäden gehen
1536 2664 2675 2716 bringen sie vor allem die als zwischen Felix und Julian
2668 2657 3207 2723 Dialogen von Stendhalscher
390 2689 1532 2743 ihm durcheinander er verwirrt die Eindrücke; er sieht selbst
2672 2709 3203 2754 aber das Drama, das zwisch
1536 2714 2674 2759 die Wahrheit halb erraten, halb gebeichtet aufdämmert. Mensch¬
381 2726 1522 2775 die Begebnisse nicht „von der Höhe eines anderen Sterns“
1530 2737 2678 2800 liche Erkenntnisse schimmern hier jenseits von Richten und
2671 2752 3219 2805 Tochter spielt, im Park mit
395 2762 1534 2814 und spiegelt sie nun überlegen, voll Einsicht in ihre wesent¬
1536 2781 2672 2835 Verzeihen. Die Erinnerung an die tote Mutter wird dem
2674 2786 3276 2845 grünlichen Teich, das hat Schni
399 2789 1538 2857 lichen Zusammenhänge. Er gleicht eher einem Zeugen und
1531 2825 2668 2876 Sohn zur erschütternden Einsicht in ein Frauenschicksal und
2666 2827 3319 2874 Er hat zu wenig für dieses Mädch
387 2838 1532 2893 Miterleber, der dabei war, der atemlos hereinstürzt und nun
1544 2861 2677 2919 inniger ist sein Gefühl, da er weiß, wie sie geliebt und gelitten.
2670 2866 3318 2925 mit Schleiern, die Ahnung und
400 2881 1545 2931 in wirrem Durcheinander, ohne ökonomische Verteilung des
1536 2901 2678 2950 Inniger aber wird auch das Gefühl für jenen stillen er¬
2671 2901 3317 2956 um sie Geheimnisse, doch er blieb
383 2923 1533 2971 Wichtigen und Unwichtigen, sehr komplizierte Geschehnisse
1538 2942 2668 2989 tragenden Mann, der ihm Vater gewesen ist. Keine Stimme
2687 2934 3321 2999 sprach sich viel breiter über viel un
388 2965 1530 3011 berichtet. Erregung, Spannungsatmosphäre kann von dieser
1537 2978 2670 3036 des Blutes regt sich für den Fremden, der jetzt liebefordernd
2671 2982 3334 3035 aus. Die Proportionen stimmen
385 2999 1532 3071 Art ausgehen, aber nicht jener tiefere Schicksalsanteil, jene
1537 3018 2673 3077 in sein Leben tritt. Der scheint ihm fremder als je und die
2672 3020 3252 3078 Es bleibt ein schöner Torso.
384 3039 1543 3099 reinigende Erschütterung, die aus dichterisch geoffenbarter
1536 3059 2672 3113 „Wahrheit“ die er von ihm hört, ist ihm, „eine Wahrheit
2669 3052 3308 3128 regender sein als glatte Rundheit.
390 3083 1535 3134 Einsicht in die verstrickten Bahnen des dunklen Lebens kommt.
1545 3096 2679 3150 ohne Kraft“ „ins Leere gesprochen“. Die eigen erworbenen,
2746 3107 3272 3179 Berlin, 14. Februar.
497 3125 1530 3171 Schnitzlers Werk konnte nicht den Erfolg der Zustimmung
1536 3130 2675 3190 die erwachsenen, die erlebten teigungen und Zusammenhänge
400 3154 1534 3205 und des Einverständnisses haben, das war bei seiner Art
1546 3164 2673 3236 gelten, nicht die vagen Blutsrechte. Julian beansprucht
395 3193 1534 3248 der Mitteilung nichtmöglich. Auf der Bühne siegen nicht
1536 3213 2677 3278 an Felix einen Menschenbesitz, den er nicht erworben, Felix
396 3226 1546 3297 die Gedanken, sondern die Gestalten. Der Widerspruch der
1541 3246 2674 3308 aber bleibt bei Wegrath nun mit einer viel zarteren ehr¬
388 3271 1535 3319 ganz Verständnislosen erweckt wenigstens für die geistige
1539 3288 2678 3352 süchtigeren Liebe als zuver. Und Wegrath sagt, als er aus
386 3318 1536 3376 Qualität und für die große Darstellung dieser Dichtung, den
1543 3330 2679 3390 Felix Worten „Mein Viter, mein Vater“ einen nie ver¬
397 3359 1541 3408 ihr zukommenden Beifall. Schnitzlers Dichten stellt sich
1547 3376 2686 3430 nommenen schmerzenszärtlichen Klang herausfühlt: „Müssen
395 3395 1542 3453 wie eine Kristallisierung, die sich um die Gefühlswelt der
1538 3422 2682 3477 solche Dinge geschehen, daß mir dieses Wort klingt, als hörte
388 3438 1533 3484 Menschen drehen, bilden einen zusammenhängeden Orga¬
1540 3460 1966 3522 ich's zum erstenmal.“
389 3459 1531 3517 nismus, alle seine Arbeiten sind wie mit vibrierenden Nerven¬
1622 3483 2690 3550 Diese Handlung ist gefühlsdialektisch geführt, schwimmen¬
387 3516 1540 3565 Krängen verbunden. Fühlfäden schlingen sich vor den leben¬
1547 3542 2680 3596 der, schwankender nur in Andeutungen ist die Sala=Handlung.
393 3548 1538 3604 digen Stunden vom „Pupvenspieler“ von den Sterbenepellen
1543 3582 2704 3639 Wäre ### gestaltet, so wäre sie fascinierender geworden, als
389 3594 1534 3645 zum „Einsamen Weg“. Es ist der Weg des Tode#dia
1542 3624 2698 3681 die andere, eine Dichtung hätte sie werden können voll
392 3634 1542 3683 in vita; Herbstlaub liegt darüber, welk und fahl, Schatten
1538 3653 2699 3722 Lyrik und Stepfis, in der voll Traum, romantische Fernen
395 3671 1542 3721 fallen in das grüne leblose Wasser eines Teiches und die
1542 3692 2707 3769 und superiore Lebensherrschaft sich vereinten. So kann man
400 3711 1550 3779 Menschen frösteln: Abstieg und Abschied Einsamkeit und
1543 3747 1863 3811 das nur ahnen.
395 3742 585 3818 Oede.
1614 3759 2690 3827 Dieser Stephan von Sala wohl die feinste Gedanken¬
487 3767 1557 3849 Vom Herbst des Menschen ist hier die Rede, die viel
384 3813 2693 3890 geliebt wurden, die im Rausch des Lebens nie fremder Glut Skulpta, die Schnitzler geschaffen, eine Aufgabe für Basser¬
