3436 4256
1374 237 1839 325 box 23/3
219 247 1224 344 18. Der einsane Neg
1196 854 1555 950 Telephes 12591.
665 997 1373 1081 „UDOERTER
480 1079 1602 1142 I. österr. bebördl. konz. Unternehmen für Zeitungs-Ausschaltte
686 1118 1420 1191 Wien, I., Concordiaplatz 4.
888 1177 1237 1239 Vertretungen
484 1230 1595 1287 in Berlin, Basel, Budapest, Chicago, Cleveland, Christiania,
487 1272 1592 1311 Geuf, Kopenhagen, London, Madrid, Mailand, Minneapolis,
482 1315 1588 1366 New-Verk, Paris, Rom, San Francisco, Stockholm, St. Peters¬
890 1348 1203 1402 burg, Toronto.
808 1383 1283 1455 (Arell##angabe ehns Gevähr.)
486 1451 914 1536 Ausschnitt aus
910 1467 1575 1563 ch Westph. Zeiteng, Essan
499 1540 678 1609 vom:
483 1697 1489 1817 Amist und Wissenschaft.
375 1817 1593 1930 7XX Düsseldorf, 7. Jan. Schauspielhaus. Man kann nicht
393 1866 1588 1959 behaupten, daß das Schauspielhaus mit der Annahme des im
390 1904 1588 1982 Jahre 1903 herausgekommenen fünfaktigen Schauspiels von
736 1942 1587 2018 —Der einsame Weg“ eine glückliche Hand ge¬
397 1993 1585 2062 ist jetzt gerade zehn Jahre her, da bedeutete
397 2010 1594 2102 Schnitzler für uns noch etwas. Damals stellte er den weich¬
394 2066 1593 2151 lichen Wiener Dekadenten und das neue Wiener Mädl auf
399 2133 1588 2180 die Bühne. Das Weib war nicht durchaus neu; dem Manne
394 2150 1597 2225 gab er einige neue Nüancen. Er machte ihn nicht nur noch
396 2186 1593 2283 dekadenter als frühere Dekadenten, sondern er machte ihn
411 2223 1601 2304 gllch — wie Huysmans das im Romane tat — körperlich
392 2274 1606 2372 #adenscheinig, vor allem nervös. Diese mimosenhafte Dekadenz
400 2299 1595 2385 zeigte uns Schnitzler, und das war sein weiteres Verdienst,
400 2355 1604 2445 in feingeschliffenen, durch das Unausgesprochene starken:
409 2368 1600 2461 Dialogen. So sah der Schnitzler der neunziger Jahre aus.
409 2429 1600 2492 Und jetzt? Matt und kraftlos sind seine früheren Farben ge¬
406 2485 1599 2543 worden, und die neuen Zutaten und Auffrischungsmittel ge¬
409 2496 1612 2578 hören ihm nicht. Nichts Geringeres wollte er mit dem
416 2535 1610 2626 „Einsamen Weg“, als ein Drama der Resignation. Dazu
405 2582 1599 2641 reichten seine Dekadenten und sein Wiener Mädel nicht, und
413 2624 1602 2702 so wurden sie nur halbecht. Können solche Menschen eine
410 2656 1598 2740 argendwie gültige pessimistische Weltanschauung verkörpern?
412 2707 1601 2770 Das fühlte auch Schnitzler, und so tastete er überall nach dem
412 2736 1612 2803 Werke des Meisters der Resignation, nach Ibsen. So konnte
413 2782 1603 2851 nichts Ganzes herauskommen. Höchstens eine oft ans Hyper¬
404 2811 1608 2913 sentimentale streijende Elegie, die uns wenigstens hie und da
415 2860 1602 2937 eine Stimmung gibt. Dies gern zugegeben, ist „Der einsame
402 2889 1605 2997 Weg“ wirklich erschreckend einsam. Die unglaubhaftesten Vor¬
412 2938 1603 3015 aussetzungen, kein dramatischer Pulsschlag, eine fast dilettan¬
409 2980 1608 3063 tische Szenenführung und fünf endlose Akte. .. Gespielt wurde
420 3026 1605 3092 mit großer Hingabe. Wir nennen vor allem Otto Stoeckel, dem
423 3046 1610 3142 die Figur des Dekadenten Sala (ein wenigstens noch einiger¬
422 3083 1619 3172 maßen echter Schnitzler) zugefallen war. Neben ihm taten
413 3136 1607 3208 Fanny Ritter als Johanne und die stets interessierende Her¬
418 3179 1604 3262 mine Könner als Irene Herms das Menschenmögliche, um
424 3217 1611 3296 ähren Rollen Leben einzuhauchen. Der jugendliche Ludwig
423 3250 1614 3333 Bettelheim=Gabillon war als Felix eine tadellose Figur und
427 3291 1611 3366 wirkte mit sparsamen Mitteln durchweg überzeugend. Diese
419 3330 1610 3405 Wirkung ging jedoch nicht immer von Otto Ottberts Julian
425 3373 1612 3440 Fichtner aus. Doch er mag sich trösten: Julian Fichtner ist
424 3407 1616 3485 selber alles andere nur nicht überzeugend. Die übrigen Per¬
427 3447 1608 3537 sonen, Professor Wegrath, seine Frau Gabriele und Doktor
424 3504 1623 3576 Neumann fanden durch Hans Battige, Martha Krüger und
434 3549 1622 3597 Emil Geyer eine durchaus angemessene Darstellung. Die
416 3572 1611 3646 Regie Hans Sturms verriet sich in vielen sorgsamen Maß¬
419 3612 1655 3686 nahmen und gab in Dekoration und Gruppierung manch)
430 3649 1643 3731 feinen Eindrücke; nur wurde anfangs zu leise gesprochen. 9),
2561 1811 2965 1905 Telephon 12801.
1852 1995 2746 2072 Mm WL
1809 2047 1888 2093 —
1827 2077 2634 2146 O l. österr. echördl. konz. Unternehmen für
1974 2094 2862 2206 Wien, I., SancenAplatz 4.
2200 2176 2650 2262 Vertretungen¬
1885 2205 2953 2304 in Berlin, Budapest, Chicago, Christiania, Genf, Kopen¬
1871 2249 2966 2331 * hagen, London, Madrid. Mailzun--Minncapolis, New-Vork,
1927 2301 2934 2396 Paris, Rom, San Fräncisco, Stockholm, St. Petersburg.
2228 2349 2624 2406 (Quellenangabe ohne Gewähr.)
1829 2405 2317 2505 4 Ausschnitt aus:
2140 2385 2996 2564 1 brankfurter Zeitung
1830 2533 2132 2617 E vom
1891 2572 2985 2666 Aus Düsseldorf wird uns geschrieben: Arthur
1832 2638 2989 2698 Schnitzlers „Der einsame Weg“, den das hiesige Schau¬
1841 2683 2989 2747 spiethaus (Dumont=Lindemann=Theater) am Montag zum
1842 2710 2992 2787 ersten Mal aufführte, erregte bei einer abgerundeten darstelle¬
1855 2754 3010 2815 rischen Wiedergabe und guter szenischer Ausarbeitung leb¬
1838 2806 2430 2897 haftes Interesse. — Aus Halt
