3436 4352
232 306 872 393 18. Der eins
1388 284 1855 382 box 23/2
867 308 1298 402 ane Neg
948 1180 1183 1278 —
1150 1255 1196 1354 2
1001 1311 1227 1409 —1
860 1413 964 1518 —
900 1650 2151 1738 Ein Kleeblatt der neuesten Dramen.
1049 1772 1998 1839 Von Dr. P. Expeditus Schmidt in München.
960 1850 2256 1943 Die Berliner haben sie natürlich schon gesehen — alle drei, und „Bühne
995 1926 2258 1981 und Welt“ hat darüber berichtet. Novarum rerum cupidi sind
815 1935 2270 2027 ed ja die Berliner Premierenbesucher schier mehr als Cäsars Gallier und
799 2019 2274 2083 ihre Nachfahren. Die Neuheit ersetzt nicht gar so seltn, was an echter
809 2072 2042 2146 Kunst gebricht. Die Buchausgabe ermöglicht da ein solides Urteil.
932 2133 2266 2195 Eine Neuheit war es, Otto Julius Bierbaum als Dramatiker zu
804 2179 2262 2251 sehen; bisher kannte man ihn nur als Lyriker, zeitweilig auch vom Unterbrettl
814 2238 2271 2311 her. Nun hat er den Sprung auf die Bretter gewagt, mit einem recht alten
802 2287 2268 2364 Motive zwar, aber in sehr geschickter Einkleidung. „Stella und Antonie“!)
817 2366 2272 2416 ist des Stückes Titel. Die beiden Frauennamen künden schon das Motiv: Der
809 2392 2271 2464 Mann zwischen zwei Frauen. Man sieht, das ist nicht neu, schon Jason
819 2453 2276 2521 selig zwischen der Kolcherin und der korinthischen Königstocher ist einer seiner
810 2518 2279 2572 Ahnherrn. Aber die Einkleidung ist entschieden höchst reizvoll. Ein Mann, den die
809 2582 2282 2632 Literaturgeschichte kennt, hat dem Helden Vornamen und Charakter geliehen, wenn
814 2610 2276 2680 auch die Schicksale frei gestaltet wurden; Johann Christian ist kein anderer als
811 2653 2284 2734 der unglückliche Günther, den Goethes Wort so richtig charakterisiert: er wußte
825 2722 2139 2791 sich nicht zu zähmen, und so zerrann ihm sein Leben wie sein Dichten.
936 2792 2278 2847 Als Direktor einer wandernden Schauspielgesellschaft kommt Johann Christian
817 2841 2268 2904 an einen schlesischen Grafenhof. Sein Weib Stella ist ihm zur Abwechslung
823 2898 2274 2952 mit dem buckligen Souffleur durchgegangen. Das kann er nicht verwinden. In
816 2946 2270 3005 jedem Weide sieht er nun sie, nur sie. So kommt es, daß sich beim ersten
816 2999 2283 3070 Auftreten des Dichters holder Wahnsinn sehr unhold entwickelt und er die
824 3042 2284 3126 Komtesse, deren Verlobungsfeier er verherrlichen soll, mit der durchgebrannten
825 3093 2271 3159 Gattin verwechselt und sie an der Gurgel packt. Komteßchen liegt im zweiten
822 3147 2277 3207 Akte zu Bette, eine Situation, in der man damals, zwischen Barock und Rokkoko,
824 3202 2284 3269 zu empfangen pflegte; ob dieser Brauch unserem heutigen Publikus bei der Auf¬
824 3269 2293 3330 führung klar geworden, kann man freilich bezweifeln. Die Besprechungen, die ich
833 3318 1573 3410 las, scheinen diese Zweifel zu bestätigen.
947 3393 1966 3471 !) München 1903, Albert Langen. 164 S. 8°. Mk. 2.—.
3261 2334 3355 2398 o sin
3239 2398 3352 2456 rausg
3191 2445 3355 2513 nVöllch
2935 2499 3353 2569 chauspiel „Der einsa
2768 2494 2890 2564 seinem
2752 2561 3352 2622 eine ganze Gesellschaft solcher Leu
2743 2609 3332 2667 was er bringen mag, er darf
2744 2652 3350 2732 Kreisen, die nicht zur „Gemeind
2738 2706 3354 2787 durch die „virtuosen Alkovenstu
2740 2756 3366 2840 kommt er als Ibsen maskiert un
3196 2814 3362 2879 „Stehen
3189 2867 3369 2932 Zu Ges
2867 2919 3360 2982 Ich muß verneinen. S#
2747 2972 3370 3057 man fühlt doch die Absicht dah
2748 3021 3366 3121 menschen nicht, und das Ganze
2752 3089 3361 3157 dings ist das Ganze vorzüglich.
2874 3141 3025 3206 Akadem
3166 3140 3349 3202 Weyrath
3208 3196 3357 3254 n, ihn
2764 3187 2848 3252 Sol
3236 3247 3358 3319 gams
2765 3253 2836 3319 ein
3284 3304 3366 3385 ußer
3264 3345 3372 3444 ischer.
