3484 4256
2231 97 2558 178 T 10
1446 130 2039 190 Fremden-Blatt.
889 138 1278 210 Wien. Mittwoch
373 151 595 217 Nr. 134.
1748 193 3135 257 Das feinfühlerische, nervenhorcherische Wesen, das bereits die
1756 235 3149 305 Schwingungen, die Wellenlängen jedes einzelnen Gefühls zählt, wie
609 252 1451 372 Feuilleton.
1751 299 3149 354 der Physiker die des roten Lichtes oder des Vierundsechzigsteltones,
1758 338 3147 408 dichtet auch Dramen, wie diesen „einsamen Weg“, dessen Inhalt
717 365 1371 461 Theater an der Wien.
1743 377 3139 448 man mit dem kürzesten Worte „Sesenheimische Geschicke“ nennen
1746 423 3153 487 kann. Man muß die umständliche Beichte hören, die Vater Julian
324 416 1735 528 Gastspiel des Berliner Lessing=Theaters: „Der einsame Weg“, Schauspiel
1748 469 3145 536 dem Sohne Felix ablegt. Wie er seine Empfindungen vor, wahrend
670 487 1423 552 in fünf Akten von Arthur Schnitzler.
1746 527 3154 590 und nach dem schmählichen Liebesverrat in allen Schattierungen
450 547 1741 608 Das ist eine seltsam leise, tief nachdenkliche, aus Narkosen von
1757 564 3143 647 feststellt. Es ist eine menschliche Urkunde; dagegen ist kein Streitens.
336 585 1737 663 Versonnenheiten plötzlich auffahrende Dichtung. Schwere Bangig¬
1764 623 3150 678 Er bekennt aufrichtig, es sei die glücklichste, frischeste, freieste,
337 632 1728 702 keiten lasten auf ihr, stille Schrecken lauern, so viel Uneingestandenes
1758 673 3154 737 fruchtbarste Zeit seines Lebens gewesen, die nach seiner Flucht.
336 683 1737 747 drängt zum Geständnis, mit so fremden Gesichtern schauen uns die
1758 700 3159 789 Als es ihm glücklich gelungen war, Gabrielen schmählich sitzen
339 725 1739 800 bekannten Dinge an, so verworren ist die Verwirrung, deren an¬
1760 758 3146 830 zu lassen. Und Gabriele? Es war ihr tiefstes Elend, natürlich;
339 770 1744 840 deutende Abbildung der Dichter versucht hat, und ringsum liegt das
1761 795 3158 861 aber trotzdem ihr höchstes Glück, von dem sie dem Sohne noch in
344 814 1742 895 Pfadlose, voraus liegt das Aussichtslose. Es ist ein Gebilde von
1755 857 3155 908 den letzten Augenblicken ihres Lebens Schwärmendes vorgefaselt.
351 863 1742 942 Sehnsucht und Traurigkeit. Es sind Menschen, die das Menschliche
1759 886 3155 959 Das ist der Speer des Achilles, der Wunden schlägt und wieder
342 910 1751 997 ergeben hinnehmen, die sich nichts mehr einreden, die auch nichts be¬
1762 934 3157 1007 heilt. Gibt es auf diesem Gebiete ein Verbrechen? Braucht ein Ver¬
343 960 1745 1034 reuen, einander nichts vorwerfen; desillusionierte Menschen, weltlich
1758 982 3167 1063 brechen Sühne, das selbst der geschädigte Teil nicht ungeschehen
348 1009 1744 1080 skeptische; überlegene Egoismen, Selbstleber ohne empfindsames Vor¬
1768 1034 3156 1104 wissen möchte? Das ewige Sesenheim.... Auch Johanna, das
346 1054 1743 1125 urteil. Menschen, die überwunden haben, oder vielmehr in dieser
1763 1091 3163 1160 stille, starke Mädchen, gibt sich Herrn v. Sala, obgleich sie weiß,
344 1100 1746 1177 Täuschung befangen sind, und eigentlich doch alle nichts anderes
1769 1146 3158 1203 daß er bald sterben muß. Sie weiß, daß Menschen einander über¬
351 1152 1745 1222 als verfehlte Existenzen. So ist das Leben. Sie verbringen es im
1763 1161 3163 1249 haupt nichts sein, oder werden, oder bleiben können, als eine Er¬
353 1190 1755 1273 vertrautesten Verein und wissen doch nichts von einander. Sie können
1761 1207 3159 1295 innerung. Er bietet ihr sogar die Ehe an; sie fühlt ein ungeheures
358 1240 1753 1324 sich nicht erraten, nicht deuten, nicht auflnacken; leben von den kleinen
1769 1263 3164 1333 Glück und schweigt... und geht in den Teich. Und er, dessen ohne¬
354 1286 1756 1369 Zugeständnissen und Hehlereien des Augenblicks; fristen sich von Not¬
1773 1330 3166 1384 hin ein Siechtum harrt, tötet sich. Sie schätzen das Leben nicht,
363 1331 1744 1406 lüge zu Notlüge fort und sind schließlich in aller herkömmlichen, als
1778 1368 3164 1439 diese ganze Gesellschaft mit dem Schlagworte des Auslebens. Wo
367 1382 1757 1455 hochanständig geltenden Form maßlos unmenschlich und gemein ge¬
1771 1400 3162 1498 einer sogar sagt, es sei Pflicht, alles Gute und alles Schurkische zu
361 1424 1759 1508 wesen. Ich gegen Ich, Ego mit seinem Egoismus im Triumph
1780 1462 3167 1533 begehen, das man innerhalb seiner Fähigkeiten spürt. Nun wollen
354 1483 1754 1550 einherfahrend, über ungezählte, unbeachtete Leichen von anderen Egos
1777 1497 3179 1561 wir nur sehen, ob Herr v. Sala Recht hat mit dem heranwachsenden
364 1535 1024 1622 mit schwächeren Egoismen ...
1780 1560 3166 1624 besseren Geschlecht, das mehr Haltung und weniger Geist hat. Es
476 1572 1762 1641 Doch es ist Rache unter den Sternen. Die zwei glänzenden,
1774 1590 3176 1682 kann schon etwas Wahres daran sein. Vielleicht haben wir schon
369 1640 1763 1701 sieggewohnten Selbstlinge, die da am Schlusse sich gegenseitig beichten,
1776 1660 3172 1722 viel zu ästhetisch gelebt, zu artistisch, zu durchtrieben „in Schönheit“.
372 1666 1759 1733 was sie alles als unbedenkliche Weltkinder verbrochen haben, stehen
1784 1696 3180 1770 Und nun will die Erdachse des Herzens ihre Richtung ändern und
359 1714 1756 1774 vor dem kalten, finsteren Nichts. Der geniale Maler Julian Fichtner,
1781 1741 2734 1810 wir werden einen anderen Polarstern erblicken.
359 1758 1759 1817 der sich in Unstätheit verbummelt hat, kehrt bloß heim, um sich vor
1887 1772 3182 1862 Man konnte wirklich gespannt sein, wie dieses feingesponnene,
367 1804 1765 1908 seinem Sohne Felix, der als Sohn des Professors Wegrath gilt, zu
1784 1830 3178 1902 in fast heimlichen Durchkreuzungen und Parallelismen angelegte
364 1854 1758 1935 rechtfertigen. Um sich gleichsam von ihm adoptieren zu lassen, als
1787 1880 3178 1949 Stück sich auf der Bühne ausnehmen würde. Schnitzler hat sich eine
369 1897 1773 1982 rechtmäßiger oder mindestens physiologischer Vater etwas von seiner
1776 1923 3173 2007 eigene Spielart von Dramen geschaffen. Die spielbare Novelle, das
368 1952 1755 2033 Liebe zu ergattern. Doch vergebens das Werben. Seine Geständnisse
1781 1963 3184 2036 aufführbare Tagebuch, das szenierte Selbstbekenntnis, den dialogi¬
371 1993 1764 2082 rücken ihm den Sohn nur ferner und nähern ihn dem guten,
1792 2018 3180 2097 sierten Monolog. Im „Einsamen Weg“ schillert es von dergleichen.
377 2031 1773 2112 ahnungslosen Nährvater, dem von ihnen allen sein Leben lang
1786 2064 3206 2139 Ibsen ist dagegen ein Realpolitiker der Bühnenwirkung. Aber die
365 2090 1765 2163 betrogenen Professor. Ihm wird nichts anderes übrig bleiben, als
1780 2133 3188 2193 Dichtung hat ihren eigenen Stil, der sich langsam im Zuschauerraum
365 2135 1762 2224 der einsame Weg, hinaus in die Oede. Und der andere Selbst¬
1777 2174 3192 2240 verbreitet, sich als Stimmung auferlegt. Der Eindruck steigt von
373 2178 1760 2256 herrliche, der brillante Herr v. Sala, der spöttisch lächelnde Herz¬
1791 2223 2051 2297 Akt zu Akt.
379 2234 1769 2309 kranke, der soeben heimlich das trotzige Mädchen Johanna gewonnen
1900 2230 3195 2331 Vom zweiten Aktschluß an, wo Felix erkennt, wer er ist, hatie
367 2277 1769 2344 hat, die Tochter jener Frau Professor, die einst vom Maler Julian
1792 2295 3199 2380 der Dichter seine Hervorrufe; laute und zahlreiche. Starke Stim¬
371 2336 1767 2400 erobert worden — dieser Todeskandidat, unter drei oder vier Todes¬
1793 2344 3193 2439 mungen stellen sich ein. Im vierten Aufzug, in dieser sichtlich zu Ende
373 2374 1767 2461 kandidaten des Stückes, in dem viel Leben und Sterben durcheinander
1794 2402 3197 2471 welkenden Herbstszene, wo der eine alte Lebemann dem anderen
376 2431 1767 2487 wuchert — dieser impermeabel Ausgepichte und dreimal Ausgeglühte,
1793 2449 3200 2521 die Wahrheit der Wahrheiten sagt. Und Johannas heim¬
371 2467 1775 2538 der elegante Stoiker für die Welt, wie sie nun einmal ist, derselbige liest
1793 2477 3202 2576 licher Liebestod, wie er unter unheimlichen Spannungen sich langsam
373 2519 1778 2589 nun dem bitter gedämpften Sohnsucher den Text, der auch ihm selber gilt.
1795 2560 3196 2606 offenbart. Und Salas, des Lebemannes, bitterer Abschied vom Leben.
379 2562 1770 2633 Haben, wir denn je geliebt? „Lieben heißt für jemand andern auf
1797 2584 3208 2664 Der Anteil des Zuschauers war ungewöhnlich tief, bis an den
376 2617 1773 2676 der Welt sein.“ Davon waren sie beide gleich fern, der Unterschied
1805 2636 3199 2705 Schluß. Dennoch erschienen auf der Bühne gewisse Hauptsachen, die
378 2659 1781 2743 ist nur, daß der Maler „etwas wehleidiger“ ist als Herr v. Sala.
1805 2675 3205 2754 im Lesen einleuchten, etwas mehr konstruiert. Es liegt vielleicht mit
377 2697 1779 2803 Sala ist gewiß ein Philosoph; ein Weltweiser für die Welt, die
1804 2729 3201 2799 an der Darstellung, die hier den Dichter im Stich ließ. Schon
382 2757 1777 2832 nicht weise ist. Er hat längst seine Schlußrechnung beendet und sich
1798 2766 3202 2857 Herrn Stieler (Felix) glaubt man, bei seinem völligen Mangel
389 2794 1788 2887 mit dem großen Fehlbetrag abgefunden, als mit einer verdrießlichen
1811 2821 3199 2899 an Lyrik, also auch an prophetisch ahnendem Wesen, keineswegs,
388 2840 1787 2913 Unvermeidlichkeit. Er kann ja nichts dafür, daß er nichts dafür kann.
1809 2866 3211 2941 daß der blutjunge Leutnant Herrn Julian einen so schwierigen
392 2892 1792 2971 Er ist ein Mensch ... und der ist besten Falles ein halber Ueber¬
1807 2917 3206 2990 Indizienbeweis der Vaterschaft zusammenstellen kann. Daß er über¬
396 2939 1780 3010 mensch, durch einen halben Untermenschen ergänzt. Was kann bei
1810 2959 3203 3032 haupt schon so „erfahren“ ist, seiner Mutter einen solchen Ehe¬
393 2986 1786 3064 solchem Moralkentauren Säuberliches herauskommen? Ueberdies ist
1807 3007 3211 3072 irrtum zuzutrauen. Als eigentliche Gefahr des Stückes erwies sich
383 3041 1789 3109 er ja längst zum Tode verurteilt, als Herzleidender, allerdings nicht
1811 3063 3221 3134 aber die Beichte im dritten Akt. Der Vater erzählt dem Sohne den
387 3079 1786 3152 wegen seines Vergehens wider Johanna. Es ist ein größeres Ver¬
1810 3099 3212 3178 Fall seiner Mutter, mit allen grausamen Menschlichkeiten solcher
390 3125 1792 3195 brechen, eine insuffiziente Bi= oder Trikuspidalklappe zu haben.
1818 3145 3216 3241 Naturerscheinungen. Und Herr Reicher spielt den Vater. Mit einer
398 3185 1799 3247 Johannas wegen könnte er hundert Jahre alt werden, die Klappe
1821 3202 3216 3279 nüchternen Verständigkeit, wie eine rein geschäftliche Sache, berichtet
400 3222 1790 3289 kennt keinen Pardon. Er lächelt ironisch, daß dem sohnlosen Maler
1817 3242 3224 3321 er den ganzen Hergang. Eine interessante Börsenoperation müßte ihn
400 3288 1798 3344 vor der Einsamkeit graut. Darauf mußte er doch gefaßt gewesen
1819 3297 3220 3371 mehr aufregen. Aber er hat ja überhaupt keinen Funken von dem Feuer
405 3327 1802 3390 sein. „Den Weg hinab gehen wir alle allein... wir, die selbst
1816 3341 3219 3409 dieses großen Herzenbrechers Julian, der geradezu „faszinierend“ sein soll.
405 3362 1795 3426 niemandem gehört haben. Das Altern ist nun einmal eine einsame
1816 3383 3218 3465 Wäre er ein Mitterwurzer, mit dem liebenswürdigen Teufel im
401 3407 1794 3480 Beschäftigung für unser einen, und ein Narr, wer sich nicht beizeiten
1818 3427 3221 3516 Leibe, der glänzende und wärmende Mensch voll unwiderstehlicher
396 3463 1801 3529 darauf einrichtet, auf keinen Menschen angewiesen zu sein.“ Er selbst
1821 3488 3227 3565 Lebensansteckung, so wäre die Szene vielleicht möglich. So stellt man
394 3513 1799 3577 hat sie stets „in gemessener Entfernung“ gehalten; wenn sie es nicht
1824 3526 3220 3612 sie sich im Leben vor. Aber diesem dürren Berichterstatter müßte der
404 3554 1801 3619 merken wollten, ist's nicht seine Schuld ... Und daß Sohn Felix
1828 3571 3218 3667 junge Leutnant, der über seine Mutter solche Sachen verbreiten hört,
411 3612 1800 3674 von Vater Julian, nach aller weltmännisch reifen Beichte und welt¬
1834 3622 3231 3706 schon beim zehnten Satz an die Gurgel fahren und allen ferneren
413 3659 1792 3709 männisch zugestandenen Absolution — menschlich ist ja menschlich —
1826 3666 3228 3754 Indiskretionen auf Kosten einer heißgeliebten Toten mit Gewalt ein
402 3696 1802 3773 daß der Sohn doch von diesem leiblichen Vater zu dem nichtleiblichen,
1823 3725 3220 3793 Ende machen. Uebrigens macht sich da auch noch ein leidiges, sehr
410 3754 1806 3817 zu dem armen braven Manne mit den Hörnern zurückkehrt, das freut
1824 3777 3227 3845 prononziertes Element geltend, das allenfalls in der Leopoldstadt
410 3792 1808 3855 den Herrn v. Sala. Ihm ist das ein Zeichen, daß die Welt sich
1827 3804 3225 3896 weniger stören könnte. Herr Reicher und Frau Triesch, zwei
406 3848 1809 3916 doch bessert. „Es scheint mir überhaupt, daß jetzt wieder ein besseres
1838 3856 3221 3943 gewiß sehr tüchtige Künstler, scheinen beide unrettbar diesem
417 3892 1708 3954 Geschlecht heranwächst ... mehr Haltung und weniger Geist.“
1837 3903 3229 3990 westöstlichen Teufel verfallen. Alle Schulzucht und Bühnenübung hat
520 3937 1800 4001 Man könnte auch sagen: mehr Gefühl und weniger Gefühle.
1836 3950 3234 4033 nicht genügt, ihn auszutreiben. Frau Triesch spielte natürlich die
409 3995 1809 4049 Die letzte Generation hat wahrhaftig ein inneres Panorama von
1826 4007 3236 4076 Johanna; hauptsächlich mit Intelligenz, dem Besten, was sie hat,
405 4023 1805 4112 Gefühlen an sich vorüberziehen lassen und in aller Hast jede leifeste
1835 4041 3231 4123 man könnte sagen, mit mehr Verstand als Glück. Für einen so in
415 4075 1814 4143 Kurvenschwankung der Empfindungslinie mitmarkiert (Stenopathie,
1822 4096 3233 4167 Grund und Boden Verwöhnten, wie Herr v. Sala, ist sie doch
416 4120 1809 4177 Schnellfühlen), daß man von einer neuen Wertherzeit reden könnte.
