3436 4352
877 382 959 453 im
226 370 1826 494 18. Der ein.g box 23/1
1771 1437 2613 1558 Dr. Max Goldschmidt
1854 1534 2394 1622 „ Bureau für .
1928 1598 2437 1688 Zeitungsausschnitte
1676 1671 2679 1744 verbunden mit direktem Nachrichtendienst durch
1928 1725 2444 1805 eigene Korrespondenten.
516 1677 1365 1817 Dr. Max Goldschmidt
2218 1764 2630 1854 Telephon: III, 3051.
1720 1787 2097 1859 Berlin N. 24.
745 1774 1146 1878 Bureau für
1892 1835 2705 1901 —
685 1844 1206 1942 Zeitungsausschnitte
1952 1898 2406 1983 Ausschnitt aus
439 1918 1435 2011 verbunden mit direktem Nachrichtendienst durch
674 1964 1191 2047 eisene Korrespondenten.
470 2024 835 2096 Berlin N. 24.
961 2027 1375 2109 Telephon: III, 3051.
492 2076 662 2120 —
1913 2026 2537 2139 Prager Tagblatt, Prag
817 2080 1423 2145 —
699 2130 1141 2238 Ausschnitt aus
623 2315 1295 2433 Hamburger Nachrichten
2303 2346 2668 2476 TIFEB. 1904
809 2430 1099 2540 ———
2141 2467 2455 2566 Theater.
1787 2519 2797 2693 Die Premidre von Arthur Schnitlers
484 2562 1317 2650 Theater und musik.
1998 2601 2528 2696 „Der einsame Weg“
459 2655 1383 2729 Kva. Im deutschen Theater in Berlin erlebte
2139 2658 2729 2768 U. O. Berlin, 13. Feb.
438 2712 1371 2817 Gestern Arthur Schnitzlers jünfaktiges Schauspiel
1880 2697 2769 2836 Arthur Schnitzlers neues fünfalliges Schau¬
460 2765 1378 2835 *„Der einsame Weg“ seine erste Aufführung. Das
1780 2770 2774 2884 spiel „Der einsame Weg“ wurde heute im
449 2800 1383 2863 gänzlich undramatische und handlungslose Stück,
1787 2817 2761 2929 Deutschen Theater zum erstenmal gegeben, die
451 2842 1389 2905 das in endlosen Gesprächen von dem Unglück ein¬
1780 2877 2771 2978 Hauptrollen hatten Irene Triesch, Else Lehmann,
453 2879 1383 2953 samer Menschen erzählt, konnte trotz mancher geist¬
1771 2899 2753 3017 Rittner und Bassermann. Das Stück fand beim
455 2934 1393 3003 reichen Stelle und trotz des meisterhaft durch¬
448 2979 1386 3059 geführten Dialoges nicht fesseln. Nach dem ersten
1779 2954 2768 3063 Publikum nur geringes Verständnis, das den
465 3030 1391 3079 Akte gab es ein paar Hervorrufe. Im zweiten
1776 3011 2765 3121 großen und feinen Schönheiten des eigenartigen
464 3067 1385 3135 Akte aber sing das gelangweilte Publikum an, recht
1771 3051 2768 3190 Werkes nicht entfernt gerecht wurde. Es fehlte,
458 3113 1397 3170 angeduldig zu werden und nur die Achtung vor dem
1759 3110 2739 3207 nicht an Beifall und an Hervorrufen des an¬
461 3154 1386 3243 Autor bewahrte vor einer lärmenden Zurückweisung.
1767 3144 2748 3264 wesenden Dichters, aber auch starke Opposition
1759 3193 2753 3311 machte sich geltend, sogar brutales Lachen bei
1763 3253 2756 3368 einer ernsten Stelle. Das Stück selbst ist gewiß
1764 3306 2750 3416 nicht frei von Schwächen und Längen, aber es
1762 3348 2736 3462 bietet doch eine wundervolle Behandlung eines
1757 3393 2748 3506 tiefen Lebensproblems, es ist voll sprühenden
1748 3454 2696 3550 Geistreichtums und starken poetischen Zaubers.
