3484 4352
941 223 999 278 I
281 213 1284 311 18. ber einseg
1445 222 1885 308 box 23/2
1098 1546 1467 1628 Telephon 12801.
1282 1618 1969 1754 „OBSERVER'
1084 1737 2211 1820 I. österr. behördl. konz. Unternehmen für Zeitungs-Ausschnitte
1292 1802 2022 1872 Wien, I., Concordiaplatz 4.
1508 1866 1801 1929 Vertretungen
1094 1903 2210 1969 in Berlin, Budapest, Chicago, Christiania, Genf, Kopenhagen,
1088 1957 2211 2030 London, Madrid, Mailand, Minneapolis, New-York, Paris, Rom,
1274 1996 2047 2057 San Francisco, Stockholm, St. Petersburg.
1455 2035 1866 2092 (Quellenengabe ohne Gewähr.)
1088 2091 2255 2201 Ausschnitt aus: Schweizerische Handelszeitung
1751 2156 1966 2238 Zürich
1433 2171 1744 2267 18 SER 1906
1102 2217 1249 2277 vom:
1277 2257 2205 2332 See een eneen d Doet Krege. —n
1574 2360 1907 2453 Feuilleton.
1452 2440 2045 2535 Kunst und Literatur.
1335 2511 2200 2580 Stadtkheater (Pfauenbühne). Schnitzler und
1478 2555 2196 2604 ein Kontrast wie Hohenlohe und Dern¬
1279 2543 1422 2612 Shaw
1279 2600 2202 2661 burg! Das Publikum entschied sich sichtlich für den
1286 2638 2198 2689 letzteren. Und doch enthäll Schnitzlers Schauspiel
1290 2670 2198 2727 „Der einsame Weg“ eine wahre Perlenreihe der
1284 2713 2213 2762 feinsten, psychologisch begründeten Lichter, atmet die
1287 2764 2200 2805 Schwüle, die in allen Werken des Wiener Poeten
1285 2808 2202 2842 fühlbar ist, und gibt die Charaktere in weichen Sepia¬
1281 2837 2207 2883 tönen wieder wie ein feiner Kupferstich. Das spär¬
1281 2864 2205 2924 lich erschienene Publikum lehnte ab, einzeine versuchten
1281 2915 2195 2961 sogar zu zischen. Mit letzteren richten wir nicht, sie
1288 2949 2197 2994 verdienen den Genuß nicht, den Schnißler immer
1286 2988 2208 3039 bereitet, und verstehen ihn nicht. Eine gewisse Kühle
1298 3029 2208 3078 finden wir dagegen bei den zahlreichen ermüdenden
1287 3074 2212 3117 Längen des Stückes nicht unbegreiflich. — Es wurde
1296 3100 2216 3158 wacker gespielt, besonders Frl. Flanz (Irene Herms)
1293 3151 2206 3196 und Frl. Herterich (Johanna) interessierten uns, von
1292 3194 2206 3235 den Herren zuerst Herr Althauser, der den de Sala
1290 3228 2213 3275 lebemännisch genug, doch vielleicht nicht vornehm
1285 3258 2212 3315 genug gab, und Herr Achterberg dessen treffliches
1286 3289 2219 3376 Spiel untex einer unglücklichen Uniform wider Ver¬
1286 3345 1476 3408 dienst litt
