3484 4352
1442 244 1901 338 box 23/2
1091 248 1170 318 W
282 261 1304 357 18. Der einsane neg
1424 1388 1544 1480 Msenn
793 1469 3303 1507 Nun, nach so langer Zeit, in welcher Gabriele scheinbar * Das Visionäre des Stückes hatte sich sogar der sonst guten
754 1518 3299 1552 kglücklich in ihrer Familie gelebt, aber ihrem Manne niemals von Regie bemächtigt oder war es keine Vision, daß derselbe schöne
766 1562 3292 1645 ihrer Untreue etwas gesagt hat, stirbt sie. In dieser Zeit kommt Eichbaum sowohl vor Wegraths Haus als auch vor der Villa des
758 1592 2544 1648 Julian zurück. Er ist gealtert und sehnt sich, nachdem er als Herrn von Sala stand?
3136 1614 3263 1680 M.
763 1634 2040 1703 Herrenmensch“ genommen, was er begehrte, endlich nach einem
763 1668 2028 1746 ihn liebenden Wesen. Er macht in seinen Gedanken Anspruch auf
772 1728 2031 1788 „seinen Sohn“, und als dieser ihm von einem Aquarellporträt
762 1772 2036 1834 seiner Mutter erzählt, von dem sie auf dem Sterbebett gesprochen
757 1811 2037 1884 und das Julian früher gemalt hat, glaubt er, daß Felix ihn mit
758 1850 2035 1894 kindlicher Liebs umfassen werde, wenn er erfährt, daß er sein
765 1893 2048 1953 Vater ist. Felix errät den Sachverhalt auch wirklich, wendet sich:
759 1926 2033 1978 aber von ihm ab und ist mit noch größerer Liebe als bisher
761 1971 2029 2041 seinem vermeintlichen Vater zugetan. Den letzteren wvifft ein
764 2018 2028 2076 neuer, schwerer Schlag. Johanna, seine Tochter, welche den,
767 2059 2041 2124 durch ein Herzleiden dem Tod verfallenen Schöngeist Stephan
755 2103 2032 2182 von Sala liebt, stürzt sich in den Teich seines Parkes. Auch Sala
757 2141 1799 2207 tötet sich, und Julian steht einsam und verlassen da.
642 2109 756 2224 liche.
612 2203 729 2250 ient¬
820 2190 2022 2254 Nach dem, was ich oben schon sagte, erübrigt es noch kurz
597 2242 751 2293 khaften
755 2216 2030 2316 auf die Einzelheiten d’eses Stückes einzugehen, das kein Drama
762 2281 1854 2347 ist, sondern eine Novelle, voll von spiritistischem Unfug.
607 2279 754 2359 u sein
816 2308 2027 2401 Die krankhafte Stimmung suchten die mitwirkenden Künstler
561 2355 749 2421 as liebe¬
759 2366 2030 2436 gleich von Anfang an zu markieren. Leider war das Mittel dazu
543 2412 701 2466 an, über
755 2418 2026 2492 absolut verfehlt, nämlich das außerordentlich leise und gedämpfte
758 2448 998 2523 Sprechen.
549 2452 695 2507 nacht ur
615 2472 762 2547 schau¬
827 2498 2029 2562 Meines Erachtens ist das in letzter Zeit auch
320 2528 513 2602 venführun
608 2540 753 2593 dauf¬
746 2539 2033 2605 bei uns eingeführte leise Sprechen geradezu
247 2579 480 2645 letzteren o
610 2579 742 2651 n ge¬
755 2585 2026 2629 ein Unfug. Die Künstler sprechen nicht für sich,
754 2629 2021 2687 sondern für das Publikum, und dieses hat das
372 2646 561 2716 nan sei ei
749 2665 2023 2714 Recht, eine deutliche und hörbare Aussprache
352 2701 550 2757 tür bis in
546 2696 742 2764 8 Kleinste
756 2710 2017 2770 zu verlangen. Abgesehen von diesem Fehler gaben sich die
398 2742 744 2805 ten Motiven, die
751 2749 2015 2800 Mitwirkenden alle erdenkliche Mühe, die Novität zu retien, wenn
401 2787 747 2860 igten Be fall ent¬
755 2789 2017 2842 es ihnen auch schwer fiel, sich in das Unwahre derselben hinein¬
762 2836 2017 2899 zufinden. Herrn Bauer und Herrn Bolz gelang dies am
747 2875 2021 2938 besten, da dem ersteren, wie schon gesagt, die bestgezeichnete Per¬
535 2844 749 2970 bifteder
749 2917 2026 2979 son des Stückes, Professor Wegrath, zugefagen war, und letz¬
415 2961 476 3005 we
605 2954 716 3008 r, da
754 2960 2028 3019 #terer das Urbild seiner Rolle, Stephan von Sala, bei Ibsens
612 2996 753 3072 entlich
400 3001 466 3059 pas
744 2990 2024 3061 Nora wiederholt studiert und wiedergegeben hat. Fräulein Poll¬
754 3047 2025 3108 ner, Johanna, und Herr Fricke, Felix, machten aus ihren
747 3078 2034 3133 Rollen, was daraus zu machen war, ebenso Fräulein Boch als
432 3047 723 3197 Segltat, voet
749 3120 2029 3194 Frau Gabriele Wegrath. Daß Herr Kirch mit Julian nicht viel
761 3167 2023 3233 Sympathie erweckte, lag nicht an ihm, denn diese Person, welche
576 3192 666 3261 er,
745 3215 2026 3276 Kals treibende Kraft der ganzen Handlung durchgearbeitet sein
564 3253 679 3313 estieg
748 3257 2013 3313 müßte, entbehrt jeden Studiums sie ist weder. markant noch geist¬
566 3299 670 3346 m al
754 3293 2028 3345 Preich. Julian und Johanna sind unverstandene Nachempfind¬
542 3338 681 3392 öne, ac
744 3332 2021 3395 ungen aus Ibsens „Die Frau vom Meer“. Fräulein Lange
567 3381 675 3435 samm
740 3381 2017 3432 Hund Herr Pfeil als Fräulein Herms und Doktor Neumann
574 3424 676 3473 als
750 3421 2030 3483 waren gut, doch lug letzterem die Rolle des sentimentalen Arztes
430 3460 757 3523 e heirabet bald
740 3462 2020 3528 Enicht, während Fräulein Lange das Gemisch von unverdienter
362 3511 2019 3575 stgeborenen einen! Behaglichkeit und die aufflackernde Reue über ein vergangenes,
343 3550 626 3620 anna, schenkt.
745 3545 1415 3622 sündhaftes Leben gut vereinigte.
