3436 4256
1402 234 1890 345 box 23/1
1063 257 1127 328 K
759 260 1003 334 insam
260 262 1387 384 18. Der einsane deg
342 1127 1174 1249 Dr. Max Goldschmidt
429 1210 986 1308 „ „ „ Bureau für
475 1288 1019 1383 Zeitungsausschnitte
252 1321 1266 1436 verbunden mit direktem Nachrichtendienst durch
488 1410 1011 1496 eisene Korrespondenten.
772 1443 1205 1539 Telephon: III, 3051.
294 1462 669 1557 Berlin N. 24.
444 1485 1284 1594 —
527 1575 1000 1684 Ausschnitt aus
396 1729 1035 1931 Prager Pacsial Pras
772 2020 1175 2124 13FER 1904
1360 2026 3279 2138 # Smechue Kaeee „rawierter“ Geldzei=wurde, mit seinem viel zu wenig gewurdigun
2331 2137 3278 2242 — genossen. Nun stehen sie frierend da in ihrer Ein¬
1299 2169 2332 2285 schen zusammen, Jahre hindurch, man wechselt mit —
1853 2230 1908 2273 7
2284 2226 2912 2309 samkeit, die sie selbst sich schufen.
1318 2239 2285 2309 ihnen Hunderttausende von Sätzen, Millionen von
2381 2242 3270 2343 In die Familie ihres Freundes, des wackeren
1311 2278 2304 2383 Worten, und plötzlich, eines Tages, merkt man, daß
2287 2306 3272 2387 und biederen Professors Wegrath, sind sie beide einge¬
1309 2339 2290 2401 man im Grunde gar nichts von ihnen gewußt hat, daß
2286 2360 3272 2439 brochen. Fichtner, als er einst die ##t des Ver¬
1317 2378 2296 2461 sie selbst nichts von uns wissen, daß jeder mit seinen
497 2383 1208 2496 „Der einsame Weg“.
2283 2393 3276 2475 trauenden verführte und verließ. Sala, indem er jetzt
1339 2430 2285 2504 Träumen, seinen verschwiegenen Wünschen und Leiden¬
2295 2444 3277 2532 seiner jugendlichen Tochter heißblütige Sinnlichkeit
358 2467 1336 2561 Schauspiel in fünf Akten von Arthur Schnitzler.
1329 2488 2293 2566 #schaften mit seinem Grauen vor sich selbst und seiner
1056 2517 1174 2567 CAN
2299 2496 3252 2584 sich zu Nutze macht. Der schlanke Leutnant Felix Weg¬
1301 2523 2296 2603 Sehnsucht ein eigenes, abgeschlossenes Leben führt.
816 2517 1323 2607 Berlin, 14. Febriar.
2299 2557 3277 2627 rath trägt seinen Namen zu Unrecht; er ist Fichkners
1332 2572 2306 2663 Und wehe denen zumal, die mit unzulänglicher Kraft
465 2581 1350 2660 Es ist eine wehmütige Erkenninis, die letzten
2292 2594 3274 2671 Sohn, und der in der Verlassenheit Erteinkende möchte
1341 2621 2305 2700 dies eigene Leben allzu bewußt meistern wollen! Sie
371 2641 1349 2720 Endes bei aller Welt= und Lebensbetrachtung in uns
2303 2641 3266 2732 sich die Liebe seines Kindes nuch der Mutter Tode
1348 2670 2294 2756 werden am grausamsten in die Einsamkeit verschlagen.
367 2688 1342 2759 Wurzel schlägt: wir sind allein und bleiben allein.
2294 2683 3268 2775 retten. Er sagt ihm alles; sagt ihm, wie er dereinst,
1423 2717 2301 2797 Solche ernste Gedanken sind es, die Arthur
373 2736 1351 2822 Der Schicksal bringt uns mit andern Menschen zu¬
2301 2740 3278 2820 im lauen Sommer vor dreiundzwanzig Jahren, seine
1348 2761 2309 2858 Schnitzlers neues Drama durchklingen. Er hat
370 2783 1352 2861 sammen, mit Freunden und Frauen, die wir lieben.
2303 2779 3274 2876 Mutter geliebt, und wie er sich brutal von ihr los¬
1343 2822 2306 2889 darin eine Anzahl von Menschen vereinigt, an denen
373 2836 1341 2915 Wir heiraten, zeugen Kinder und erziehen sie — es
2300 2841 3277 2922 gerissen. Doch der Sohn, den ein tiefes Gefühl zu
1339 2863 2299 2933 sich jener Fluch, der auf uns allen lastet, unerbittlich
379 2888 1350 2965 hilft alles nichts, wir bleiben allein. Nicht in dem
2304 2872 3275 2964 ihm gezogen hatte, solange er in ihm nur den Freund
1340 2914 2300 2989 bewährt. Zwei Egoisten stehen im Mittelpunkt, zwei
381 2929 1356 3013 schlechten Sinne des Wortes, gewiß nicht. Von ihm
2304 2922 3278 3018 seines väterlichen Hauses sah, weicht erkältet und ver¬
1349 2957 2299 3036 von den Toren, die, wie wir es eben formulierten, ihr
372 2975 1360 3065 aus gesehen, sind wir von andern Leibern und Seelen
2305 2980 3286 3057 wirrt zurück vor diesem Geständnis, und ein unwider¬
1353 3002 2306 3078 Dasein allzu bewußt meistern wollten, zwei alternde
372 3026 1354 3094 umgeben. Aber wenn wir tiefer nachspüren, so bleibt
2305 3026 3290 3109 stehlicher Drang führt ihn nun mit heiligem Sohn¬
1341 3049 2315 3132 Männer, die sich ihr Leben lang gescheut haben, ihre
378 3080 1356 3144 doch ein Grenzwall bestehen, unabänderlich, unver¬
2309 3085 3287 3164 empfinden zu dem gütigen Manne, in dessen Haus er
386 3100 2308 3194 rückbar, wir sehen uns dann plötzlich als einsame Herr= Existenz mit einer andern anders zu verknüpfen als
2299 3124 3277 3200 geboren und erzogen wurde, und der ihm in Wahrheit
1345 3144 2313 3223 zu Genuß und Rausch der Leidenschaft, und die nun
388 3165 1366 3244 scher unseres eigenen Reiches, das niemand mit uns
1345 3166 3274 3270 zehnfach bankerott dem Ende entgegentaumeln. Es ist ein Vater geworden, wenn auch eines andern Blut in
381 3215 1352 3312 teilt, zu weit sind die andern, als daß ihre Nähe uns
2310 3219 3274 3302 seinen Adern fließt. Er hält doppelt zu dem ewig
1331 3244 2315 3310 ein Maler und ein geistreicher Weltmann, der als ein
376 3273 1190 3363 erwärmen könnte, — und wir erschauern.
2299 3276 3288 3340 Betrogenen, da dessen wirkliches Kind, die Tochter
1356 3292 2312 3370 feiner, aber schwacher Dichter dilettierte: Julian
492 3303 1360 3385 Nur der, dem das gütige Schicksal die Gabe der
2311 3322 3285 3393 Johanna, den Vater verläßt, ohne seiner nur zu ge¬
1351 3341 2305 3427 Fichtner und Stephan von Sala. Sie haben — der
384 3361 1369 3437 Harmlosigkeit, der Blindheit verliehen, wird die Tragik
2305 3358 3277 3438 denken, da sie, die ihre Frauenehre an einen Unwür¬
1346 3384 2304 3471 eine in heißem Drang, alle schlummernden Kräfke zur
384 3406 1369 3495 dieses Gesetzes nicht so schmerzlich empfinden. Und
2304 3411 3293 3484 digen fortgeworfen, zur Erkenntnis kommt, wem sie
1350 3437 2306 3524 reichsten Entfaltung zu bringen, der andere in berech¬
392 3457 1367 3541 indem er es nicht so deutlich fühlt, leidet er nicht so
1363 3467 3289 3558 nender, blasierter Kühle — nie ein winzig Stückchen ihre Liebe schenkte, und freiwillig aus dem Leben
398 3506 1361 3584 sehr darunter. Wir andern aber, die wir von der
1363 3504 3290 3606 ihres Selbst geopfert, haben Existenzen zertrümmert, scheidet. Auch Sala steht, von Johannas Selbstmord
397 3558 1368 3640 Frucht der Erkenntnis gekostet, wir sind verloren. Ein
392 3551 3280 3697 für alle Male verloren! Man lebt mit vielen Men= Hoffnungen getötet, Illusionen gemordet und haben vernichtet, am Schlusse auf den Trümmern seines
