3436 4256
264 165 1903 291 18. Der einsane Neg box 23/3
1595 1060 1968 1166 K
332 1104 3374 1227 den Lüften. Die Erde ist sein Reich, nicht die hat keine bedeutenden Einfälle. Reinhardt besitzt pönte Wort!. . . — ihre Stars! In Berlin zähltMen
3239 1136 3384 1217 die
2276 1148 3265 1242 dazu auch Herr Reicher; in Wien hat er nur ein¬
328 1186 2294 1280 Luft. Es ist etwas Schwerfälliges um die Art mehr Witz, die Russen Witz und Größe dazu.
2284 1200 3255 1281 mal tiefer gewirkt: im Vorjahr als alter Leiser
3240 1242 3369 1310 gar
333 1229 2291 1318 dieser Berliner; sie kleben am Boden. Sammeln] Es ist Brahms große Schuld, daß er nach ihnen
2276 1250 3261 1334 Frünkel in den Juden“. Leider müßte eigent¬
3244 1297 3389 1359 Harts
343 1282 2282 1382 Beobachtungen, registrieren kleine Wirklich=] kam. Ihr episch gewaltiger Zug und ihre Gabe,
2280 1291 3250 1398 lich ein jedes Stück, in dem er spielt, diesen Titel
1309 1336 2291 1401 unmerklich im Kleinen zu symbolisieren, mangelt
3245 1343 3392 1409 gleich
2279 1338 3254 1423 führen. Nicht nur seine Tongebung, auch die
340 1348 1330 1420 keiten. Niemand kann so gut fegen, waschen,
1312 1379 2290 1453 ihm. Er begnügt sich damit, zu dozieren, statt zu
3246 1397 3375 1454 bei
2284 1382 3255 1474 synagogale Feierlichkeit seiner Mimik erinnern
340 1392 1325 1473 Feuer anmachen, essen, spucken, brummen, sich
1314 1423 2299 1513 illustrieren wie Reinhardt, lebendig zu machen
3243 1443 3373 1510 Man
2283 1448 3257 1526 an eine andere „Schule“ als an jene des Herrn
328 1451 1321 1530 kratzen wie die Berliner. Niemand hat weniger
3252 1493 3388 1553 Ehrl
1311 1479 2293 1563 wie Stanislawski. Es wird vorgetragen in den
2281 1491 3258 1579 Brahm. Auch ohne die Belästigung durch den
337 1505 1314 1593 Leichtigkeit. Ihnen sind keine Fittiche gewachsen.
1320 1520 2297 1602 Unterrichtsstunden von sieben bis zehn Uhr
3254 1536 3367 1604 des
2287 1558 3273 1624 Jargon würde seine verhaltene Temperament¬
337 1551 1322 1615 Und nun haben sie uns diesmal kein neues
1318 1573 2295 1646 abends: Ibsen — Hauptmann — Schnitzler. Bei
3257 1590 3389 1647 erre
2286 1594 3268 1672 losigkeit, die glanzlose Trockenheit seines Wesens
335 1602 1335 1681 Milieu bringen können, sondern sie agierten
1327 1618 2296 1700 besonders schwer verständlichen Stellen wird eine
3261 1623 3390 1702 schwo
2297 1642 3260 1724 jedes dramatische Leben ausdörren. Im „Ein¬
342 1649 1328 1717 bisher die heftige Schauerballade „Elga" und
1322 1674 2292 1749 Pause gemacht, damit sie die Schüler ganz genau
3261 1684 3376 1753 zu
2300 1690 3262 1768 samen Weg“ nahm er den schönsten Szenen durch
345 1680 1334 1779 die zwei Höhendramen „Rosmersholm" und
3257 1730 3385 1806 ohn
1320 1718 2300 1805 fassen können. Die Berliner sind einfach die
2287 1740 3269 1831 seine Reizlosigkeit fast den Sinn, und wäre die
349 1735 1330 1821 „Den einsamen Weg“. Da merkt man einiges.
1328 1759 2298 1848 Schauspieler der Pausen. Nun — im Burgtheater
2293 1781 3281 1873 Dichtung nicht so meertief und schön, hätte
355 1797 1333 1876 Zuerst, daß sie mehr Fleiß und Verstand mit¬
1318 1811 2307 1896 können sie besser sprechen, in Rußland besser
3267 1814 3395 1900 Sch
2300 1831 3277 1921 Schnitzler wohl schwerlich so glänzend gegen
354 1848 1279 1932 bringen, als bei Vorstellungen in Wien -
1323 1862 2307 1944 schweigen. Die Pausen in „Rosmersholm“ oder
3260 1866 3386 1942 von
2292 1888 3036 1983 seinen Schauspieler siegen können.
337 1886 1334 1985 wenigstens in den prinaten Geschäftsunter¬
1334 1902 2312 1992 im „Einsamen Weg“ unterstreichen vernünftig,
3262 1928 3383 1992 imm
2335 1911 3274 2010 Herr Sauer hatte während dieses Gastspiels
341 1937 1330 2028 nehmungen der Firma Thalia — üblich ist.
1324 1964 2317 2063 allein sie haben keine ungeheure Beredsam¬
3269 1980 3396 2047 hint
2306 1981 3276 2064 erst eine Gelegenheit. Allerdings eine feine. Im
343 1988 1344 2069 Sie wissen immer, was sie sollen. Es wäre ver¬
1334 2010 2305 2102 keit ... Schule überall, und Brahm hat tüchtig
3263 2024 3391 2084 sonn
2300 2029 3278 2105 Trauerspiel des Wieners war er der unechte
349 2034 1345 2129 wegen, wollte man dies auch stets von den
1332 2043 2314 2146 gedrillt. Aber man fühlt: der preußische Schul¬
2304 2062 3387 2154 Vater, dessen Treue sich die Seelen erobert. Seine das
359 2088 1333 2170 Wienern behaupten... Nur leider reicht die
1329 2102 2306 2188 meister hat bei Sadowa gesiegt, allein er wird
3263 2116 3399 2188 scha
2302 2131 3280 2218 Art zu spielen ist eine fast peinlich diskrete. Seine
358 2136 1343 2222 Intuition unserer Gäste nicht so weit wie ihr
1340 2156 2302 2245 kaum noch in den großen Entscheidungsschlachten
3267 2167 3394 2237 unsch
2293 2194 3286 2269 Seele lispelt sozusagen... An diese stille, müde
362 2184 1328 2274 Intellekt. Im allgemeinen: Die Kleinen unter
3271 2209 3390 2292 Per
1331 2225 1889 2295 unseres Theaters siegen.
2299 2214 3296 2303 Kunst muß man sich wohl erst gewöhnen, allein es
361 2233 1343 2315 ihnen sind schlechter, die Großen besser als bei
1376 2230 2319 2340 Glücklicherweise hat Brahm einige vortreffliche
2297 2266 3391 2374 dürfte die Mühe lohnen. Frau Triesch, die dies- apa
351 2270 1356 2376 uns. Das ist erklärlich. Im Norden sind die
1342 2307 2313 2390 und drei große Schauspieler. Sie bringen zu
2303 2306 3389 2396 mal so sehr im Vordergrund stand, ist ganz un- ssale
357 2325 1341 2418 Schauspielernaturen selten. Der Deutsche ist zu
1334 2351 2323 2453 seiner Klarheit ihre Phantasie, zu seiner Nüch¬
2310 2358 3405 2447 heimlich gescheit. Ein schauspielerisches Gegen=sam
355 2384 1340 2468 ehrlich dazu. Er hat zu viel Persönlichkeit, sein
1340 2404 2314 2485 ternheit ihren Rausch. Man mag die Grenzen
2309 2418 3394 2509 stück zu Brahm: sie versteht alles.: Kann wohl sich
370 2433 1342 2504 Blut strömt zu schwerflüssig, die Freude am
1329 2456 2311 2551 der Berliner noch so deutlich erkennen, es war
2312 2472 3387 2552 auch alles. Sogar die Verführung, obwohl die sim
361 2483 1350 2576 leichten Truge, an den Teufeleien der Verwand¬
1336 2505 2321 2598 doch in jedem Abend ein Ton, den wir nicht an¬
2309 2516 3377 2608 Grazien leider ausgeblieben sind. Es läßt sich zwi
366 2522 1355 2610 lung fehlt ihm. Was sich mit Schweiß und
3280 2567 3392 2627 Ein
1342 2549 2323 2646 schlagen können, eine Kraft, um die wir sie be¬
2307 2554 3300 2661 wirklich gegen sie nichts einwenden — außer die
373 2572 1343 2666 Arbeit erreichen läßt, das wird er völliger be¬
1341 2597 2319 2687 neiden. Vom Burgtheater ist hier natürlich nicht
2315 2613 3309 2701 Kleinigkeit, daß sie kein Genie ist. Was man ja
376 2624 1350 2709 sitzen als wir. Im Erlernbaren bleibt er der
1342 2650 2323 2738 die Rede, das ist eine Klasse für sich, ist sui
2323 2676 3218 2766 nicht sein muß. Aber es wäre doch besser.
373 2675 1358 2760 Primus. Nur — fängt die große Kunst dort an,
1347 2699 2321 2779 generis. Allein, und dies ist vielleicht die selt¬
2360 2708 3300 2795 Bei Bassermann, Rittner und der Lehmann
385 2704 1362 2804 wo das Erlernbare aufhört. Gewiß, wir haben
1353 2746 2327 2833 samste aller Wahrnehmungen! — mit den Stücken
2318 2769 3303 2855 spürt man das Genie. Sie berühren unmittelbar,
380 2771 1361 2856 mehr Temperamente, mehr Begabungen. Allein
1345 2804 2319 2868 und den Erfolgen der Berliner hat sich auch die
2316 2816 3306 2890 müssen nicht erst den Umweg durch den Intellekt
376 2821 1358 2905 sie nützen sich hier ab, statt sich auszunützen. Ein
1352 2845 2330 2934 Art ihrer Wirkung geändert. Sicherlich sind sie
2332 2862 3347 2943 nehmen. Und kommen weiter, viel weiter. Gleich si?
388 2867 1353 2950 unverarbeiteter Rest bleibt — genau so groß
1348 2893 2323 2982 noch ein Ensembletheater; aber als solches haben
2326 2912 3303 2998 sind sie mit unseren Seelen auf „du“. Die Leh¬
387 2909 1372 3003 wie der Unterschied zwischen Brahm und unseren
1347 2944 2333 3034 sie uns nichts Neues mehr zu sagen. Was an
2323 2958 3339 3050 mann geht auf die Bühne, ihr rundes Gesichtchen
387 2969 1365 3052 Direktoren. Also durchaus nicht unbeträchtlich...
1348 2987 2337 3086 ihnen — besonders in Wien — noch immer nd
2324 3005 3401 3090 leuchtet ihre Augen schwimmen, ihre Stimme All
435 3024 1359 3100 Eine zweite Anmerkung: Die Berliner sind
381 3042 2322 3156 nicht geistreich. Die Regie bringt das Charakte= immer wieder interessiert, das sind ihre führen¬
382 3060 3354 3236 #ristische beraus. rein. deutlich. bestimmt, aber sie den Persönlichkeiten, ihre — wagen wir das ver.# fireichelt das Gemüt, und sofort hat mian dieseni
