3392 4256
1374 193 1839 291 box 23/5
217 199 1248 295 18. Der einsane Neg
2623 1075 3160 1152 Zugus cgurcalient à Sà
897 1085 1396 1163 — M „odpentiia
336 1100 526 1180 U0r A P
2276 1088 3151 1180 inère, mais en raison de l’enflure du doigt,
526 1123 1401 1209 aura lien demain. A son ordre du jour
117 1125 326 1215 tsariste.
2277 1143 3160 1239 la hagse ne put étre détachée. Malmgreen
529 1179 1403 1253 figurent les débats sur la ratification des
153 1185 496 1265 il réservera en
2272 1198 3161 1265 demanda alors à ses deux compagnons del
1397 1175 2272 1288 La vague de chaleur en Amerique
522 1215 1054 1281 conventions de Nettuno.
125 1214 512 1314 fantages aux deus
2274 1224 3164 1319 couper ce doigt, mais ceux-ei s’y refu¬
2277 1262 2457 1331 sèrent.
523 1255 1399 1345 Les députés de l’oppositon se rendent dans
1434 1271 2279 1347 New-York, 5 aodt. — Hier, le thermo¬
723 1300 1192 1378 leurs circonseriptions
1400 1301 2267 1396 metre marquait à Rhode Island 39 degrés
2312 1315 3158 1401 Mariano et Zappi sont encore restés en¬
118 1325 482 1414 Grande-Bretagne
518 1336 1404 1434 Zagreb 5 aodt (serv. sp. de TInformation)
2279 1363 3161 1435 viron 24 heures à proximité du savant et
1397 1372 2272 1445 à T’ombre. A New-Vork on a enregistré
125 1391 523 1469 d’autre part, que
1394 1405 1920 1476 zune température de 330.
2271 1391 3161 1468 virent ce dernier lever encore une fois la
551 1404 1403 1475 On mande d’Agram que les membres du
126 1419 509 1493 de la Grande-Bre¬
2274 1432 3160 1508 téte, mais il refusa de les suivre. Ses der¬
525 1418 1403 1516 comité daction de l’opposition ont quitté
1430 1440 2271 1520 Trente-trois personnes sont mortes d’in¬
117 1473 516 1551 ane ont surpris et
2275 1471 3154 1550 nières paroles furent Aller et dites aum
521 1466 1403 1563 la ville peur tenir leurs électeurs au cou¬
1388 1503 2289 1577 solation. Des centaines dautres, frappées
2264 1508 3157 1606 Suédois que je ne puis plus revenir; je
507 1513 988 1594 rant des événements.
1402 1537 2210 1609 de congestion, sont dans un état gravé.
2268 1544 2645 1627 veug mourir iei.
112 1622 518 1700 venx des admi¬
504 1636 1405 1721 leures, qui a occupé l’affiche durant toute
1443 1661 2265 1721 A Edouard-VII, une belle reprise de
107 1675 512 1750 efut une assez
2273 1662 3159 1751 ment, Il y eut une scission entre les
505 1695 1394 1760 la saison. L’excellent Dorville y montra
1399 1698 2278 1784 Jean de La Fontaine et du Mari, In
132 1723 516 1793 sans doute, dut
2278 1719 3164 1794 deux directeurs, MM. Choisy ct Jou¬
504 1728 1401 1808 dans des scènes. de véritable comédie,
1397 1759 2264 1815 Femmé et PAmaht,Guinpermirent à
128 1769 508 1834 s jours de Tau¬
2277 1768 3152 1830 vin; tandis que M. Jouvin garde la
508 1775 1394 1829 une finesse et une mesure qui ont sur¬
1400 1799 2260 1864 Sacha Guitry de remplir la saison sans
133 1801 505 1880 perdre si brus¬
2266 1808 3152 1884 maison-mère, M. Choisv se prépare à
512 1829 1397 1908 piis méme ceux qui le goütaient si fort
1401 1830 2031 1916 donner de vt
121 1846 505 1922 un bel hommage
2269 1850 3154 1927 fonder une suceursale, et. évidemment,
509 1858 886 1924 au Music-Hall.
116 1892 503 1967 hne des plus hau¬
1440 1882 2266 1946 K Femina, TEcole du Jar, de MM.
2272 1895 3152 1975 une concurrence dans la salle du Jour¬
557 1919 1394 1994 Aux Capücihes, Comme le Temps
1388 1926 2270 2001 Glaude Farrère et Dal Médico, dont le
120 1940 511 2001 re contemporain
2274 1942 3164 2028 nal Comadid, spécialement aménagée
507 1958 1386 2039 Passe 7, autre revue de Rip et Alfred Sa¬
2264 1986 2708 2058 rue Saint-Georges.
121 1977 510 2057 cruellement l’an¬
1387 1978 2262 2054 goüt américain étonna quelque peu le
508 1999 1387 2082 voir, dont le succès fut vif et ou l’on a
1388 2025 2271 2085 püblic, une ceuvre passionnée, comme
2298 2030 3151 2113 Au Gymnase, une reprise du Seeren
509 2060 1394 2129 spécialement äpplaudi une comédlienne
1385 2063 2263 2138 tonjours un peu éperdument lyrique de
2264 2046 3161 2146 de M. Henry Bernstein a rempli Tan¬
112 2072 504 2154 our Darzens, Lu¬
505 2104 1384 2163 profondément originale, Mlle Pierry.
1388 2109 2266 2173 M. Maurice Rostand, le Trouble, et
2263 2106 3153 2173 néc entière avec une interprétäzion de
111 2133 513 2202 ortait une piece
509 2159 1395 2213 Puis, Maud et son Banquier, et enfin
1392 2163 2267 2216 Pimage de M. Denys Amiel, fort belle
2262 2157 3153 2248 premier ordre ou l’on eut le plaisir de
97 2165 510 2238 iemain du Gaur
505 2192 1387 2266 une triomphante opérette, Fes, que l’on
1387 2210 2266 2283 piece, dont la fortunc eüt sans doute été
2261 2185 2947 2262 voir reparaitre Mmne Simone.
105 2219 501 2279 e Amour, com¬
513 2234 1391 2302 allait revoir hientôt aux Variêtés, lors¬
1384 2241 2069 2313 meilleure sur ure autre scère.
2298 2233 3150 2315 Tandis que le directeur avec sa
109 2250 504 2336 noins grand, ter¬
508 2268 1393 2344 qu'elle dut laisser la place boulevard des
2260 2281 3138 2347 troupe au complet, renouvelant Theu¬
1427 2288 2257 2361 Remarquez qile, dans cette rapide re¬
102 2293 367 2378 Kla saison.
510 2304 1384 2389 Capucines aux archiiecles occupés à
2269 2330 3144 2412 reuse expérience de la saison précé¬
1390 2334 2250 2412 vue, parcille rétlexion revient à chaque
114 2355 505 2435 ule à peu près
509 2363 1310 2436 transformer complétement la salle.
2257 2374 3151 2451 dente en allant représenter ie Secrer du¬
1386 2375 2253 2449 instant sous ma plume; à l’heure ac¬
109 2412 512 2481 nberg obtint par
541 2418 1371 2489 A la Comédie-Caumartin, quatre ou¬
2254 2413 3155 2487 rant quelques soirées à Berlin, Vienne
1394 2421 2254 2491 tuelle, la moitié des cuvres nouvelles
100 2454 506 2518 euse réussite. On
506 2450 1384 2535 vrages, dont aucun ne fut indifférent.
2261 2465 3147 2536 et Budapest, une troupe allenlande ve¬¬
1389 2474 2252 2541 sont présentées sur des théätres dont ie
117 2486 496 2554 ##t sa Veriu de
504 2502 1378 2563 et, cependant, de fortunes incertaines:
2257 2501 3139 2586 nait chez lui à Paris jouer de Dénion de¬
1388 2510 2256 2583 genre, la clientèle, l'atmosphère ne cor¬
112 2529 500 2598 aventures furent
500 2546 1386 2609 Je serai seule après minnit de M. Albert
2254 2543 3143 2633 la Terre, de Frank Wedekind etde Che¬
1383 2534 2261 2619 respondent nullement au caractère du
118 2572 505 2649 li se dénouèrent
500 2600 1382 2661 Jean; Un ccur lout neuf par M. Paul
2261 2596 3132 2667 min Solitaire AArthur Schnitzler de¬
1386 2602 2257 2661 spectacle. Conséquences désastreuses
106 2614 512 2692 ieme. Et tout de
507 2633 1382 2706 Vialar; Vingt ans, Maiume, de M. Gan¬
2258 2624 3148 2714 vant des salles hélas ! trop peu garnies,
1381 2634 2260 2722 du déclassement géneral des scènes pa¬
102 2666 512 2737 uis Verneuil et
505 2683 1379 2751 dera et enfin Fentose de M. Jacques De¬
2258 2678 3140 2745 car le publig#prrrg##n ne semble point,
1382 2678 2256 2770 risiennes Par ssuite des combinaisons
113 2706 504 2776 nt Ma Schur et
502 2720 1387 2799 val, certainement l’une des piéces les
2251 2710 3145 2794 malgrs tout pferfü gout aux spectar¬
1375 2727 2250 2803 et sous-locations, qui modifient profon¬
101 2752 500 2820 bles et faciles co¬
495 2770 1380 2840 plus curieuses de la saison, mais dont 1e
1379 2769 2184 2852 dément notre système dramatique.
2256 2771 3134 2833 cles de langues Strüngères. Cependant,
121 2796 501 2870 b est assurée rue
498 2806 1384 2865 sujet inquiéta la clientèle du Rocher.
2260 2811 3139 2875 les rares Parisiens qui se joignirent aux
1422 2817 2245 2902 II faut dire encore, à propos de
102 2833 508 2911 lent trio: Mlle
498 2843 1377 2918 Cette anticipation sur le Grand. Soir,
2253 2857 3132 2933 compatriotes des artistes, applaudirent
1373 2857 2258 2942 Elmage, qu'une erreur d’interprétation
112 2867 492 2964 zenberg et Ar¬
492 2902 1377 2955 traitée par T’auteur avec une franchise
2248 2900 3145 2967 dans des pièces, il est vrai un peu péri¬
1374 2911 2248 2982 faussa gravement „le sens, de. l’cuvre,
504 2941 1378 3004 qui Jui conférait une äpreté imprévue
2247 2948 3140 3009 mées, car elles dataient toutes deux de¬
1370 2953 2245 3029 mais la piece'n’en reste pas moins l’une
111 2957 499 3054 es-Parisiens con¬
492 2975 1370 3041 nétait point dans'son cadre, et eut cer¬
2252 2991 3130 3051 vingt on vingt-cing ans, une fort belle
1363 2978 2253 3071 des meilleures productions de T’année,
105 3024 505 3084 lopérette, n'est
502 3030 1377 3101 tainement mienx réussi au Théatre-An¬
2251 3027 3137 3096 compagnie de comédiens. L’étoile, Mmne.
1409 3047 2242 3122 Au Grand-Guignol, spectacles habi¬
501 3069 665 3132 toine.
110 3061 498 3132 ressort car c’est
2248 3071 3141 3146 Maria Orska, ne parut point tout à fait.
1373 3074 2251 3168 tuels, terreur et rire; il faut mettre à
104 3116 495 3175 eider qui à la
2244 3123 3141 3167 aussi géniale qué d’imprudentes notes
526 3103 1367 3193 Au Daunou, une fine comédie de M.
1382 3139 2241 3209 part Haricot Vert, un de ces actes char¬
2988 3152 3106 3203 gende
112 3155 507 3218 lans ce journal;
2253 3166 3120 3209 de publicité nous l’avaient laissé espf¬
497 3149 1380 3239 Ivan Noé, la Chienne aur heux de
1378 3187 2249 3259 malits ou excelle M. Henri Duvernois,
115 3193 503 3269 esurpris que je
2247 3200 3128 3270 rer, mais, en revanche, dans ie Chemin
496 3212 1371 3276 emme, un acte de M. Henri Duvernois,
1366 3213 2240 3298 Tet une vraiment jolie chose de M. Al¬
118 3231 503 3314 s ouvrages de ce
2247 3245 3130 3306 Solitaire, Albert Bassermann qui, bien
496 3239 1379 3328 Devant la porte, et retour à l’opérette
1361 3259 2240 3342 fred Machard les Oreiltons. Le succès
2249 3271 3124 3363 qu'illustre dans son pays, restait assez
106 3290 3118 3386 ie de Rip, Auqui semble, en réalité, ie vrai gemie de 1 semble se maintenir rue Chaptal, bien] inconnu en France, a parn un comédien¬
114 3336 1030 3430 une de ses meil- 1 cette élégante maison.
1350 3347 3134 3468 qufen réalité le genre s’épuise visible- magnifiduc et nous a laissé une prat
3174 4086 3276 4145 S
