3436 4256
904 350 992 403 a m
267 315 1879 445 18. Der einsane deg box 23/1
2561 903 3128 976 s0 waren auchmebrereshaad
2175 951 3130 1027 #. u. oemerkien wir die Herren Geh. Rat Prof. Rose¬
1305 952 1789 1030 um winigsten Gruny,
1860 1010 3131 1074 Ledolus, Prof. Magnus, den General Kom.=Präsidenten Netz= Hanne
708 986 1822 1095 Zwecke des „Stimmenfanges“ seine Arbeiterfreundlichkeit
1854 1035 3129 1118 Frankurt a. O., Graf Arnim=Suchow, Geh Rat Dr. Ohl= Belen
721 1034 1853 1131 „marktschreierischer Manier anzupreisen“. Wie schon bemerkt
1853 1074 3140 1155 müller vom königlichen Gesundheitsamt, Dr. Buchwald=Neu= Uerdir
713 1101 1854 1168 haben bei den letzten Wahlen gerade auch die katholischen
1856 1113 3140 1185 Streblitz, Professor Zuntz=Berlin, Schulrat Dr. Brandenburg= Clas
718 1141 1860 1212 Arbeiter, wo man sie genügend aufgeklärt hat, dem Cenirum
1865 1175 3140 1276 Jug nosünde und den Betrug, den ssie gegen ihren „liter
1847 1220 3138 1328 Mann durch ein ganzes Leben verübt, estanden. patri
864 1236 1739 1320 Aus Kunst und Wissenschaft.
2796 1280 3137 1354 er gar Gold
1857 1286 2802 1368 Und er gesteht demgegenüber, daß auch
1374 1292 1834 1371 Berlin, 15. Februar.
1946 1324 2960 1412 gern ein Roué sein möchte, und daß e
1863 1358 1956 1414 zu
790 1354 1862 1431 „Der einsame Weg“. Schauspiel in 5 Akten von
1870 1376 3139 1453 nur deshalb ein anständiger Mensch zu bleiben verurteilt sei, hängt
719 1396 1856 1474 Arthur Schnitzler. Erstaufführung im Deutschen Theater
1855 1412 3141 1500 weil ihm das Temperament dazu fehle, den Verführungs= See i
2985 1453 3139 1525 gleich
723 1467 1088 1539 am 13. Februar.
1863 1476 2251 1545 künstler zu spielen.
766 1465 1872 1562 Manche Berliner Blätter sprechen von einem vollen, andere
1892 1489 3133 1581 Alle diese Leute wandeln ihren „einsamen Weg“. Jeder gehör
730 1531 1874 1607 von einem Achtungserfolg. Achtung vor dem in tiefster Un¬
1879 1534 3121 1620 hat seine Tragödie für sich und jeder spielt sein weit
718 1570 1869 1671 sittlichkeit watenden Wiener Pornographen — das gehört ja
1866 1583 3138 1669 Theaterstück für sich, dergestalt, daß man den Ein= „Wal
734 1615 1884 1701 mit zum guten Ton! Ich für mein Teil habe dem Herrn
1870 1634 3150 1709 druck gewinnt, ein Jeder sei Mittelpunkt der Handlung, so= hätte,
733 1666 1873 1741 Schnitzler den Durchfall von Herzen gegönnt. Wenn sich nach
1866 1677 3123 1751 bald er die Bühne betritt. Da sich nun aus jedem öfter
723 1712 1878 1770 dem ersten Aktkeine Handrührte, wenn nach dem zweiten und dritten
1882 1705 3132 1795 dieser Schicksale ein Stück hätte schreiben lassen, so reden ge= schöpf
740 1751 1878 1835 Akt die Cloque trotz aller Anstrengungen nur je einen ein¬
1885 1768 3141 1838 wisse Krinker von dem „ungeheuren Reichtum“ des Verfassers, seiner
742 1787 1874 1868 maligen Hervorruf zustande brachte, wenn am Schluß des
1882 1806 3141 1880 wäbrend sich doch gerade darin seine Impotenz offenbart. Nicht und 6
2995 1850 3090 1906 er
742 1839 1871 1910 vierten Aktes das Publikum direkt in die Bühne hineinlachte:
1872 1848 3004 1931 fähig, eine einzelne dieser neben einander gehenden dramatischen
737 1875 1878 1960 dann nenne ich das einen Durchfall. Der „Achtungserfolg“
1876 1890 3136 1960 Skizzen zu einem wirklichen Drama auszubauen, immer, asien
733 1929 1881 1997 besteht lediglich in der Phantasie einer gewisseng Presse,
1876 1934 3145 2014 weil ohne Kraft der Phantasie, in den ersten Anläufen Ports
748 1965 1878 2038 die von dem „einsamen Weg“ als von dem „reifsten Werke
1873 1986 2860 2053 stecken bleibend, klebt und kleisiert er
752 2027 1348 2092 dieses reichen Dichters“ orakelt.
1878 2025 3137 2087 einander und macht daraus ein Einziges — aus einem halben Bini
790 2033 1887 2132 In dem Stück wird die nachgerade literarisch zu Tode ge¬
1880 2071 3121 2140 Dutzend Stücken ein Stück, das natürlich Stückwerk bleiben den
747 2098 1888 2165 hetzte Theorie des „Sichauslebens“ bis zum Ueberdruß breit
1891 2112 3127 2184 muß. Dos ist die Folge des Fabrizirens so vieler Einakter, Jür
750 2139 1886 2219 getieten. Sie findet zwar schließlich in der Schilderung des
1880 2154 3134 2224 das Schnitzler seit langer Zeit mit Virtuosität betreibt. Im von
738 2179 1897 2271 Lebensbankerotts der vorgeführten Uebermenschen ihre Ver¬!
1890 2197 3138 2265 Grunde genommen könnte jede Figur seines neuesten Dramas! Ha¬
742 2226 1893 2288 urteilung. Aber das kann durchaus nicht versöhnend wirken
1895 2249 2874 2324 für sich den Mittelpunkt für einen Einakter abgeben.
740 2269 1894 2350 angesichts der Behaglichkeit, mit der der Verfasser in den
1912 2286 3127 2346 Doch schon zu eingehend beschäftige ich mich mit einem als
752 2314 1898 2387 sumpfigen Niederungen sittlicher Vorurteilslosigkeit — der
1890 2327 3127 2398 Machwerk, über das man kein Wort zu verlieren brauchte, Ta
756 2362 1749 2449 Ausdruck ist noch viel zu milde! — herumplätschert.
793 2402 3128 2467 Ein „genialer“ Künstler, Fichtner, ein Don Juan moderner wenn es nicht durch eine allzu gefällige Clique mit aller Macht inkon
753 2404 3138 2518 Sorte, verführt die Braut seines Busenfreundes, Professor den „literarischen" Vordergrund geschoben würde. An der Aufführung verf
762 2461 3146 2562 Wegrath, der später ihr Gatte wird. Sein natürlicher Sohn, beteiligten sich die ersten Kräfte des Deutschen Theaters, die überhaupt dabe
1902 2499 3155 2583 zu, den ersten Kräften der deutschen Bühnenwelt gehören: Brat
761 2519 1893 2604 der offiziell der Sohn des Freundes ist, wendet sich von ihm
768 2543 3155 2648 ab, nachdem er seine wirkliche Herkunft erfahren. Der „geniale“] Rudolf Rittner, Albert Bassermann, Else Lehmann, Hilft
759 2589 3157 2696 Künstler, der sein Leben in wüsten Orgien verbummelt hat, Irene Triesch, Oskar Sauer, und zu ihnen gesellte sich beila
767 2659 3154 2748 ist enttäuscht, denn er hoffte den Sohn für sich der junge. talentvolle Curt Stieler. Das Großartigste bot wird
848 2659 3155 2776 gewinnen und so aus einem verfehlten Leben aber doch Bassermann, der in dem Schriftsteller Sala eine gebe¬
1902 2713 3150 2800 Figur von unvergleichlicher charakteristischer Eigenart und Kraft weis
757 2746 1918 2830 wenigstens die Liebe eines Kindes zu relten. Daneben steht
2698 2765 3007 2840 Paul Lerch.
1905 2785 2346 2860 auf die Bretter stellte.
764 2803 1903 2873 Stephan von Sala, ein „Dichter“, gleichfalls ein alter Sünder,
2987 2782 3154 2868 dem
767 2829 1911 2912 der aber ein kühl berechnender Egoist uno Skeptiker ist. Auch
1935 2831 3145 2924 Richard Skowronnek's Schauspiel „Waterkant“ er= war
772 2889 1922 2963 dieser geht zu Grunde, nachdem ein junges Mädchen, die
1905 2890 3159 2975 zielte am Sonnabend im „Berliner Theater“ einen recht natür
760 2920 1905 2980 Tochter des von dem „Gemialen“ betrogenen Professor Weg¬
762 2944 3156 3046 ratb, sich an ihn gehängt und aus Gründen, die Herr freundlichen Erfolg. Wenn man das Publikum dieser Bühne eine
1426 2974 3171 3061 lassen beliebt, sich nicht genauer kännte, müßte man sogar von einem starken das
777 3017 1442 3096 Schnitzler im Unklaren zu
1903 3027 3039 3097 Erfolge reden. Ein Glück, daß nicht gerade eine Flotten¬
781 3053 1907 3122 im Teich ertränkt hat. Dieses Mädchen ist
785 3066 3175 3164 nebenbei Anbängerin der Seelenwanderungstheorie, außer= vorlage in der Luft liegt; „Waterkant“ wäre für eine Sch¬
2253 3114 3127 3175 im Interesse des Marinismus eines
1921 3125 2266 3190 Stimmungsmache
778 3132 1919 3231 dem ist sie Hellseherin und leidet an Halluzinationen. In diese
1913 3145 3137 3224 ausgezeichnetes Zugstück. Es ist hochpatrionisch und schildert, da
781 3172 1908 3252 traurige Gesellschaft bringt sogenannte Frische eine einst
1922 3198 3125 3274 wenn man will, allegorisch den Kampf, der sich in der Seelej w#
781 3219 1917 3297 berühmt gewesene Schauspielerin a. D., die sich sowohl von
1912 3229 3140 3315 des deutschen Durchschnittsbürgers angesichts der immer weiter Ri¬
781 3269 1913 3357 Fichtner, als auch von zahlreichen anderen Männern vor und
784 3340 3136 3386 nach ihm hat mißbrauchen lassen. Dies erzählt sie mit lachen= nach der Weltpolitik drängenden Entwickelung abspielt. Ichj sa
771 3369 3130 3436 dem. Munde dem gelangweilten Publikum und ver= weiß nicht, ob Skowronnek so etwas im Sinne gehabt hat.] Ti
2721 3369 3142 3436 mehr schildern T
1914 3374 2694 3454 Aber es ist nicht unmöglich, daß
784 3402 1925 3482 kündel zu gleicher Zeit ihren einzigen Schmerz, der
780 3440 3144 3533 darin besteht, daß sie nicht aus ihren „Verhältnissen“ wollte, als den tiefgehenden Konflikt zwischen dem lob
2790 3448 3146 3530 und der Re¬
2035 3457 2806 3525 das Seeleben begeisterten Sohne
1929 3487 2022 3541 für
778 3483 1931 3580 wenigstens ein Kind gerettet hat, da sie gern auch noch das
3037 3502 3125 3570 in
1931 3508 3045 3576 als Landratte fües ganze Leben vorher bestimmten Mutter.
787 3526 1923 3616 Mutterglück genossen hätte. Der Kritiker des Berl. Tagebl.
3048 3540 3142 3601 gar
1927 3550 3045 3622 Wir wollen uns darüber nicht den Kopf zerbrechen und einem
793 3578 1924 3655 nennt sie „eine Frau mit dem Scheine der Verderbtheit“.
1931 3583 3155 3661 der wenigen verhäl'nismäßig anständigen Dramatiker deshalb! M
793 3600 1922 3685 in Wahrheit also nach seiner Meinung ungeheuer moralisch!
790 3638 3065 3732 Nicht vergessen sei noch ein Arzt, der Hausfreund in der die Lust an der Arbeit verderben, weil er uns nicht mit genial
796 3724 3087 3806 Familie Wegrath ist. Diesem hat die Frau des Professors ihre sein sollenden Perversstäten kommt und ein nicht durchaus
