3436 4320
1110 300 1185 366 W
1350 307 1910 380 box 2372
299 298 1299 395 18. Der einsane
1324 941 1730 1043 Telephon 12801.
967 1004 2099 1126 älex. Weigls Unternehmen für Zeitungs-Ausschnitte
1147 1102 1920 1255 „OBSERVER“
966 1217 2088 1324 Lösterr. behördl. konz. Burean für Zeitungsberichte u. Persenalnachrichten
1182 1276 1944 1382 Wien I., Concordiaplatz 4.
1403 1357 1700 1423 Vertretungen
988 1394 2096 1483 In Berlin, sapt t, Chicago, Genf, London, New-Vork,
992 1435 2113 1530 Paris, Rom, ###i#dl, Stockholm, Christiania, St. Petersburg.
1276 1489 1845 1588 (Quellenangabe ohne Gewähr.)
1002 1551 2104 1693 Ausschnitt aus: S#. Porarsburger Zeitung
998 1721 1198 1796 vom:
1446 1727 1670 1817 —
1186 1813 2247 1901 — ArthurSitlen neues Schauspiel „Der einsame Weg“.
1100 1866 2233 1920 ist am vorigen Sönnabend im Stadttheater zu Frankfurt a.
1118 1906 2249 1968 M. zum erstenmal aufgeführt worden. Der Inhalt des Stückes
1107 1947 2248 2015 ist folgender: Nach einem bewegten Leben voll Ruhm und
1111 1985 2246 2067 [Genuß fühlt der alternde Maler Julian Fichtner sich leer und
1116 2036 2252 2095 unbefriedigt, und es zieht ihn zu Felix, seinem Sohne, den ihm
1112 2060 2249 2119 die Frau seines Freundes, des Akademie=Direktors Wegrath,
1110 2100 2249 2190 einst geboren hatte. Wegrath ist eine ehrliche, grundgütige, aber
1124 2133 2255 2199 etwas nüchterne Natur, und als er damals den glänzenderen,
1121 2175 2242 2230 hinreißenden Fichtner mit Gabriele, seiner Braut, bekannt machte,
1132 2213 2249 2293 singen die beiden jungen Seelen bald Feuer. Wohl wollten sie
1124 2243 2258 2335 gemeinsam fliehen, aber Fichtner, der seine Zukunft durch einen
1116 2282 2259 2354 allzu frühen Bund vernichtet glaubte, floh allein. Wegrath aber
1113 2325 2263 2415 heiratete Gabriele und zog Felix, den er für seinen Sohn hielt,
1117 2365 2266 2435 mit gleich liebevoller Sorgfalt auf wie seine Tochter Johanna,
1115 2416 2260 2486 die ihm seine Frau später gebar. 24 Jahre schwieg Gabriele,
1127 2439 2266 2516 und erst kurz vor ihrem Tode macht sie ihrem Sohn, der in¬
1139 2529 2275 2617 zwischen ein lebensfrischer Offizier geworden ist, einige An¬
1138 2565 2276 2653 deutungen. Fichtner, der dem Hause Wegrath seinem Sohn zu¬
1144 2611 2283 2679 liebe nicht völlig fremd geworden ist, gibt sich ihm als Vater
1145 2646 2280 2735 zu erkennen, in der Hoffnung, kindliche Liebe für sein nahendes
1139 2690 2275 2769 Alter zu erwerben. Felix hat sich wohl immer zu dem eigen¬
1133 2734 2304 2832 artigen Wesen Fichtners hingezogen gefühlt; doch als ihm die
1142 2760 2267 2832 Wahrheit bekannt wird, denkt er mehr an den, der ihn in väter¬
1133 2803 2283 2892 licher Fürsorge bisher geleitet hat: an Wegrath. Doch erst das
1128 2851 2283 2925 tragische Geschick seiner Schwester Johanna weist ihm den Weg,
1126 2893 2270 2965 den er zu gehen hat. Johanna hat die Hand eines um sie
1138 2925 2277 3007 werbenden Arztes ausgeschlagen und ihre eigenartig träumerische
1131 2966 2268 3046 Liebe einem alternden Schriftsteller geschenkt. Stephan v. Saha
1133 3005 2260 3077 hat wie Julian Fichtner ein wechselvolles Leben hinter sich.
1123 3051 2274 3136 Aber nicht wie diesen führte es ihn zur Leere, sondern zur Reife.
1120 3090 2260 3160 Kaum hat er die Zuneigung Johannas erworben, als es ihn
1129 3125 2266 3211 weiter treibt zu einer gefährlichen, aber hohen künstlerischen Ge¬
1113 3160 2266 3243 nuß versprechenden Expedition nach Indien, zu der er auch
1121 3198 2267 3286 Felix, als militärischen Begleiter anwirbt. Doch Saha weiß
1113 3254 2260 3314 nicht, daß seine eigenen Tage gezählt sind. Wohl aber weiß es
1125 3276 2268 3375 der junge Arzt und durch ihn Felix und Johanna. Als Saha
1124 3315 2256 3389 nun seiner Geliebten die Hand zur Ehe reichen will, um sie
1121 3369 2248 3436 mitzunehmen auf die „weite Reise“, geht sie ihm im Tode voran.
1121 3399 2252 3482 Felix will den schwer getroffenen Wegrath nicht verlassen und
1110 3436 2253 3497 auf die Expedition verzichten. Doch Wegrath nimmt das Opfer
1119 3472 2245 3546 nicht an, er will nicht die Zukunft des jungen tatlustigen Offi¬
1109 3525 2245 3593 ziers in ihrer Entwickelung hemmen, während der wirkliche
1109 3559 2259 3636 Vater den Sohn für sich zurückzuhalten wünscht. Da bekennt
1110 3590 2237 3668 sich Felix nunmehr ganz zum alten Wegrath, und Julian Ficht¬
1122 3626 2251 3711 ner geht seinen „einsamen Weg“. Über die Aufnahme, die das
1113 3659 2250 3747 Schnitzlersche Schauspiel in Frankfurt fand, berichtet ein
1114 3702 1444 3761 Privattelegramm:
1164 3750 2238 3826 Schnitzlers „Der einsame Weg“ machte wegen seiner novelli¬
1103 3785 2241 3867 stischen Breite nur geringen Eindruck. Die Aufführung war
1100 3823 1828 3901 im ganzen gut. Der Beifall war matt
1237 3881 2248 3964 Der Weiberkönig“ eine neue Ausstattungsposse von
1106 3933 2238 3988 Jean Kren, Alfred Schönfeld und Leopold Ely, mit der das
1099 3963 2244 4034 neuerbaute Berliner Thalia=Theater am 15. (2.) September er¬
1102 3990 2237 4069 öffnet wurde, ist nach der Premiere für Wien, Leipzig, Frank¬
1098 4027 2235 4138 furt a. M. und Hamburg erworben worden. In Berlin hat
1094 4070 1846 4158 der „Weiberkönig“ großen Erfolg gehabt.
1290 4117 1456 4188 o mi .
1598 4140 1770 4187 oM
1831 4133 2212 4209 Pae #. v
