3436 4256
1054 331 1135 397 W
1388 326 1842 423 box 23/1
833 333 901 397 S 3
236 325 1257 438 18. Der ein. une#
2131 574 2609 666 Telephon 12801.
1765 651 2980 746 Alex. Welgl’s Unternehmen für Zeitungs-Aussohnitte
2662 722 2918 816 e Ausschaltt
1780 744 2681 878 105 „OBSERVER
2763 777 3039 877 Nr. 14
1648 876 3105 944 I. österr. behördl. conc. Bureau für Zeitungsberichte u. Personalnachrichten
1904 928 2838 1016 Wien, I., Concordiaplarz 4.
1649 1001 3110 1064 Vertretungen in Berlin, Budapest, Chicago, Genf, London, Newyerk, Paris, Ron.
2015 1040 2738 1110 Stockholm, Kristiania, St. Petersburg.
1656 1120 3124 1249 Nassehnu uns Oemle, komer e Gaden
674 1338 1139 1414 Telephon 12801.
1659 1319 2180 1441 vort 740%
301 1411 1521 1495 Alex. Weigl’s Unternehmen für Zeitungs-Ausschnitte
445 1488 530 1586 *
540 1471 1463 1631 „OBSERYER“
1928 1536 2755 1620 Kunst, Wissenschaft und Leven.
1198 1530 1521 1635 Nr. 9
1854 1573 2853 1680 * (Berliner Theater.) Berlin 14. Febr.
192 1627 1637 1702 I. österr. behördl. oonc. Bureau für Zeitungsberichte u. Personalnschrichten
1805 1641 2858 1718 Schnitziers neues Dräma „Der einsame Weg“ (Buch¬
1798 1701 2854 1759 ausgabe S. Fischer, aufgeführt im Deutschen Theater)
455 1674 1384 1764 Wien. I., Concondiaplatz 4.
1802 1732 2845 1822 bietet in seinem inneren Wesen viel seine Lebensnach¬
197 1736 1635 1826 Vertretungen in Berlin, Budapest, Chicago, Genf, London, Newyerk, Paris, Rom.
1798 1792 2849 1859 denklichkeit, viel ahnungsvolles Verstehen und Deuten
564 1798 1280 1861 Stockholm, Kristiania, St. Petersburg.
1806 1820 2856 1902 menschlicher Beziehungen, aber es ist in seinem Gefüge,
1800 1880 2862 1944 in der Art, wie es seinen Inhalt ausspricht, zu unsicher,
192 1877 1551 2018 Ausschnitt aus: (Adtuner Dag eo
1804 1929 2864 2009 zu hülflos, durcheinander gewirrt, als daß es von der
1804 1975 2858 2048 Bühne wirken könnte. Schnitzler ist hier nicht Herrscher
1798 2014 2863 2088 über den Stoff, sondern tief in ihn befangen, eigent¬
2880 2054 3095 2130 inclusive
1681 2074 1784 2136 Für
1779 2080 2856 2157 plich sogar verstrickt, sodaß die ungebändigten Ausläufer
2886 2106 3055 2151 Porto.
202 2075 730 2187 vom: 7 #
1004 2011 1436 2179 Staunn.
1776 2113 2862 2200 2 seine Themas dies und ihn überwuchern. Zuviel wird
2886 2139 3065 2193 Zahlbar
1773 2153 3118 2222 5 durcheinander gesponnen, und ohne Oekonomie des im Voraus.
1708 2210 2855 2290 " 10 Wesentlichen und Unwesentlichen verschlingen sich die
2847 2242 3118 2313 hitte ist das
1819 2260 2853 2337 Szenen, als wären die Einfälle aus dem Skizzenbuch
2852 2288 3124 2348 steht es den
1681 2309 2993 2384 Abonn eines Dramatikers losgelassen und wirbelten undiszip=Indern.
1677 2360 1845 2418 Abenne
1816 2355 2856 2434 liniert im Kreise, der Dramatiker aber steht dabei und
397 2360 934 2433 Mriontot im gungt. —..
376 2384 1382 2459 Im Deutschen Theater in Berlin hat am Sonnabend
2841 2387 3118 2467 Sthaltend die
1799 2423 2250 2495 kann sich nicht helfen.
328 2434 1365 2501 Arthur Schnitzlers Schauspiel „Der einsame Weg“
2884 2448 3111 2502 Morgen¬
328 2462 1381 2532 einen Erfolg=genr der nach dem 4. und 5. Akte stark be¬
1684 2452 2849 2526 Inhalt. Der einsame Weg ist der herbstliche Abstiegspfad
2849 2473 3124 2544 her Zeitung“)
324 2499 1387 2567 kämpft wurde. Der erste Akt hatte interessiert, ohne das
1687 2515 2848 2574 blätlder lebenshochmütigen Individualisten, der eingebildeten
2849 2529 3121 2593 Erthschaftliche
331 2534 1385 2599 Publikum bereits zu gewinnen. Der 2. und 3. Akt fanden
1685 2562 1860 2612 wodure
2884 2566 3125 2625 Diese Mit¬
1691 2558 2857 2654 Leben „Puppenspieler“ (die Verwandtschaft mit dem kleinen,
344 2571 1377 2634 lebhaften Beifall und übten starke Wirkung aus. Schnitzler
344 2604 1377 2672 konnte vom zweiten Aufzuge ab nach jedem Akte wiederholt
1697 2607 2856 2695 thellunober in sich streng geschlossenen Drama dieses Titels ist
471 2639 1376 2704 m. Als der Vorhang nach dem 4. Akte fiel.
1811 2657 2861 2732 deutlich) die mit Menschen skrupellos und despotisch ge¬
488 2672 1376 2738 is Stück einen Augenblick gefährdet — ein paar
515 2707 1361 2767 hatten in die Schlußscene hineingelacht, es erhob
1816 2714 2875 2783 schaltet haben und an einer kritischen Wende plötzlich be¬
526 2739 1375 2799 Zischen. aber der Beifall war stärker. Und nach
1813 2749 2863 2823 merken, daß sie allein stehen, daß sie einsam sind, daß
512 2775 1389 2832 ußakte kämpften Beifall und Zischen in vielleicht
504 2805 1385 2867 Stärke. Dramatisch hat dieses Werk — wie der
1809 2803 2874 2875 es nichts mehr zu spielen gibt, daß sie bei lebendig m
1414 2830 1623 2881 inclusive
512 2835 1393 2905 k.=Anz.“ in Uebereinstimmung mit anderen Berliner
1817 2840 2876 2919 Leibe tot sind und niemand ihnen nachfragt, sie selbst
1428 2875 1597 2923 Porto.
529 2872 1383 2940 neint — viele Mängel, aber rein als dichterische
333 2827 465 2943 3.
1412 2908 1604 2962 " Zahlbar
1820 2905 2776 2994 Tietzt ein abgetakeltes Spielzeug für das Schicksal.
326 2908 1372 2972 Schöpfung betrachtet, ist es das Werk eines echten, feinen
331 2933 1653 3033 Poeten, reich an intimen Schönheiten, an psychologischei— im Voraus.
1875 2937 2860 3048 Julian Fichtner, der Maler, ist das Beispiel. Durch
329 2986 898 3053 Gehalt, an Tiefe der Gedanken.
1818 3016 2862 3082 ddie Gesten seines Herrenmenschentums, seines Persön¬
343 3008 1660 3089 Im Gegensatze zu anderen Bureaux für Zeitungsausschnitte ist dis
218 3060 1663 3141 Abonnement durch keine bestimmte Zeitdauer begrenzt; — auch steht es den
1836 3048 2863 3151 ichkeitstrotzes schleichen sich fratzenhaft verzerrte Angst¬
232 3099 1540 3193 Abonnenten frei die aufgegebenen Themen zu ergänzen oder zu ändern.
1830 3107 2867 3187 tüge; er hat so fest an seine inneren Rechte und Kräfte
1824 3155 2876 3238 Geglaubl, und nun, mit einem Mal, bricht das alles zu¬
341 3161 1673 3253 Der „OBSERVER“ veranstaltet täglich einen Auszug enthaltend die
1833 3192 2879 3302 sammen. Ein alternder, welker Mann, der nicht mehr
225 3226 1657 3291 Inhaltsangabe aller wichtigen Mittheilungen der Wiener Morgen¬
1836 3232 2888 3335 pofft, der auch an seiner Kunst verzweifelt, steht er allein
236 3257 1655 3347 Flätter (Tagesjournale ausser „Neue Freie Presse“ und Wiener Zeitung")
240 3287 1670 3372 wodurch eine Uebersicht über des gesammte politische und wirthschaftliche
1831 3295 2883 3392 Ha. Und in panikartigem Entsetzen greift er klammernd
247 3336 1666 3419 Leben des In- und Auslandes in drastischer Kürze geboten wirk. Diese Mit¬
1822 3352 2870 3408 Um sich und schreit nach einem Menschen, der ihm etwas
253 3391 1265 3458 sbeilungen werden in Wien um 9 Uhr Früh verschickt.
1838 3389 2873 3476 sein könnte. Nach seinem Sohn schreit er, nach dem
1821 3438 2879 3524 Sohn der Frau, die er vor dreiundzwanzig Jahren in
558 3463 1324 3553 Prospecte gratis und fnanco.
1821 3492 2887 3572 der schwersten Entscheidung feige verlassen, um sich seine
700 3532 1253 3612 Quellenangabe ohne Gewähr.
1830 3546 2875 3610 Freiheit zu bewahren. Gabriele hatte ihr gebrochenes
1825 3584 2870 3659 Leben in eine stille Ehe mit einem gütigen Menschen,
1825 3626 2873 3699 dem Professor Wegrat gerettet, in dieser Ehe kam Ju¬
1824 3651 2885 3749 lians Sohn Felix zur Welt; unter der Last der Lüge
1827 3718 2877 3783 starb die Frau. Nach Felix streckt jetzt Julian die Hand.
1821 3763 2885 3845 Halb erraten läßt er ihn die Wahrheit, halb beichtet!
1830 3825 2875 3907 er, und endlich entblößt er sich in schonungslosem Selbst¬
1827 3874 2350 3949 gericht vor seinem Sohn.
1887 3894 2893 3995 Voll starker Tragik, die nicht durch große Worte oder
1836 3963 2877 4036 emphatische Gebärden geschwächt wird, ist die Situation
1826 4007 2876 4092 dieses Sohnes. Als Mann steht er dem bekennenden
1839 4056 2878 4134 Mann gegenüber; Schicksalsschauer überrieseln ihn in
1834 4104 2896 4184 der Erinnerung an die Mutter; nicht die Mutter allein
1839 4152 2882 4247 ist sie für ihn jetzt, sondern auch die Frau, die unsäglich
2187 4202 2890 4258 sommenbrach Während der Vater
