3436 4448
812 251 970 326 186
1422 254 1886 363 box 23/1
254 257 1280 356 18. Der einnane Nex
629 494 1488 629 Dr. Max Goldschmidt
802 614 1214 713 „ Bureau für
783 683 1310 779 Zeitungsausschnitte
531 748 1542 828 verbunden mit direktem Nachrichtendienst durch
779 817 1309 887 eisene Korrespondenten.
1683 807 2946 936 gezeugten Sohn, den jungen Leutnant Felir, an sich zu fesseln und in
1065 853 1504 933 Telephon: III, 3051.
1680 844 2946 968 ihm einen Gefährten seiner Einsamkeit zu gewinnen. Aber Felix, der
574 863 963 939 Berlin N. 24.
765 897 1574 989 —
1678 879 2951 1007 vorher mit begeisierter Verehrung an der lebensfrischen, imponierenden
1674 907 2948 1047 Künstlernatur Fichtners hing, fühlt sich jetzt, da er alles erfahren hat,
819 972 1292 1072 Ausschnitt aus
1673 964 2948 1087 von ihm, dem Verführer seiner Mutter, abgestoßen. Er schließt sich
1669 996 2942 1121 dem Manne an, in dessen Haus er aufwachsen durfte und den er
1682 1039 2944 1164 so lange für seinen Vater gehalten hat. Das gemeinsame Unglück führt
1672 1071 2929 1190 ihn seinem Herzen noch näher. Denn auch Wegrath war bisher ein
976 1094 1546 1197 beiterzeitung, Dresden
1669 1109 2931 1237 Einsamer. Die Gattin, die soeben verstorbene, und die Freunde
1672 1154 2927 1288 haben ihn betrogen. Die Kinder blieben ihm fremd. Felix fühlte
1674 1193 2931 1315 sich zu Fichtner hingezogen und Johanna, die Tochter, krankt an einer
1668 1231 2916 1356 bysterischen Sehnsucht nach fernen, märchenhaften Gesilden des Glücks.
1656 1276 2923 1402 Sie wirft sich schließlich einem kühlen, egoistischen Lebenskünstler, Stephan
1653 1326 2907 1437 v. Sala, in die Arme und endet — man weiß nicht recht: weshalb —
1660 1353 2909 1464 durch Selbstmord, den Geliebten in den Tod nach sich ziehend. Alle
1015 1364 1401 1473 4— MRZ. 1904
1662 1391 2915 1490 haben sie ihr Glück verscherzt, bis auf den armen Wegrath, dem zwar
1664 1429 2916 1550 Stück um Stück von seinen Lebenshoffnungen abbröckelte, der aber am
1666 1467 2913 1576 Ende doch einen stillen Triumph über den Trost der Selbstherrlichen
1658 1502 2913 1627 feiert, da er der einzige ist, der den einsamen Weg nicht zu wandeln
1659 1545 2910 1662 braucht: denn sein Sohn, auf den er von Natur kein Anrecht hat. wird
631 1541 1449 1674 Zuhn arsieen
1645 1570 2908 1709 kein mitfühlender Freund und Gefährte. — Die Darstellung der Novität
1637 1622 2912 1726 Hehörte zu den ausgezeichnetsten Leistungen, die das Deusche Theater seit
536 1616 1661 1763 Das Deutsche Theater hat außer dem Fuldaschen Drama;
1639 1660 2902 1774 flanger Zeit aufzuweisen gehabt hat. Rittner als Fichtner, Bassermann
410 1665 1662 1793 Novella d'Andrea, das schon vorher an anderen Orten gespielt worden
1652 1711 2900 1821 als Saia, Sauer als Wegrath, Irene Triesch als Johanna und vor
418 1722 1657 1845 war, ein neues fünfaktiges Schauspiel von Artur Schnitzler: Der
1651 1748 2902 1873 allen Else Lehmann in der schwierigen Rolle der Schauspielerin Irene
1653 1785 2893 1904 Herms — der feinsten und originellsten Figur des Dramas, die aber
405 1736 2875 1936 einsame Weg, zur Aufführung gebracht. Es war kein Erfolg. mit der eigemtlichen Handlung nur in losem Zusammenhang steht —,
407 1783 2895 1934 Das Publikum wurde von der komplizierten und unklaren Handlung alle waren in gleicher Weise unübertrefflich und es schien fast, als ob¬
403 1833 1651 1951 verwirrt. Sein Interesse richtete sich bald auf diese, bald auf jene
400 1863 1661 1993 Figur man sah Katastrophen eintreten, deren Notwendigkeit man nicht
1648 1897 2900 2023 dex=Dichter jedem Darsteller seine Rolle auf den Leib geschrieben hätte.]
403 1909 1665 2039 begriff, da die zwingende Motivierung mangelte, anscheinend wichtige
401 1942 1663 2068 Episoden wurden angesponnen und wieder fallen gelassen 2c. Es kam
398 1977 1654 2107 nicht zu einer entschiedenen Ablehnung, aber dem lauwarmen Beifall
397 2022 1660 2150 widersetzte sich eine kräftige Minorität von Zischern und der technisch
384 2056 1643 2185 ungeschickte Schluß des vierten Aktes entfesselte sogar ein ostentatives Hohn¬
393 2110 1649 2226 gelächter. Schnißzle will die Vermessenheit eines törichten Egoismus
386 2136 1648 2266 geißeln, der Opfer annimmt, aber nicht bringt, und der Ansicht huldigt,
376 2176 1649 2304 eine selbstherrliche Persönlichkeit dürfe sich nirgends binden und verpflichten
375 2218 1642 2350 lassen, sondern sie müsse, und ginge es über Leichen, ihren Lebensweg in
382 2249 1645 2377 Einsamkeit wandeln. Julian Fichtner, der geniale Künstler, der in der
380 2283 1631 2413 Jugend die Braut Gabriele seines Freundes Wegrath heimlich verführt und
370 2314 1634 2477 verlassen hat, sucht jetzt, als er das Alter nahen fühlt, seinen mit Gabriele
247 2424 3331 2610 sämtliche Reichemte, und Landtagsmandate derlist in erster Linie der „Deusche Volksverein“ de. svon der unerstegdaren Krust der Serschen Be
1251 2615 3340 2700 männer, die uns Schnitzler erzählt. Der] Vor einem Jahre ungefähr drang aus England
376 2657 1181 2746 Berliner Theaterbrief.
1259 2684 3341 2758 akademische Maler Julian Fichtner und ein neuer Dichter zu uns, dem der Ruf eines großen
1261 2709 3336 2797 der Rentier Stephan v. Sala sind bei Talentes voranging. Er trägt den auf englischem
735 2729 1253 2794 Berlin, März 1904.
1279 2778 3338 2842 jenem Wendepunkte angelangt, wo das starke Grau= Boden ziemlich häufig vorkommenden Namen Shaw.
311 2767 1280 2840 „Wozu die saure Arbeit der dramatischen Form,“
1289 2815 3348 2888 werden der Haare und das allmähliche Erschlaffen Das hiesige „Neue Theater“ brachte kürzlich Shaws¬
257 2817 1287 2901 schreibt Lessing in seiner Hamburgischen Dramatur¬
1287 2871 3342 2937 der Körperkräfte den Menschen daran erinnern, daß Einakter „Der Schlachtenlenker“ und bald
257 2889 1286 2952 gie, „wozu ein Theater erbaut, Männer und Weiber
1289 2906 3337 2984 es Herbst geworden ist in seinem Leben. Fichtner und darauf die in drei Aufzügen gegliederte Komödie
252 2934 1286 2992 verkleidet, Gedächtnisse gemartet, die ganze Stadt
2868 2980 2882 2992 —
1291 2970 3346 3044 Sala haben die Freuden dieser Erde bis zur Neige „Candida“ zur ersten Aufführung. Im „Schlach¬
262 2966 1299 3046 auf einen Platz geladen, wenn ich mit meinem Werke
1281 3014 3348 3091 ausgekostet und in ihrem Egoismus wohl Liebe ge=tenlenker“ zeigt uns der Dichter den großen Na¬
247 3030 1295 3091 und der Aufführung desselben weiter nichts hervor¬
2306 3053 3340 3123 poleon als eifersüchtigen Liebhaber. „Candida“ be¬
1286 3073 2304 3134 nossen, wo sie ihnen geboten wurde, aber nur mit
250 3079 1310 3155 bringen will, als einige von den Regungen, die eine
2310 3111 3335 3176 handelt das interessante psychologische Problem der
247 3119 2321 3189 gute Erzählung, von jedem zu Hause in seinem Win= den Sinnen, nicht mit dem Herzen. Nun die tolle Zeit
2299 3163 3348 3225 Liebesleidenschaft, die junge Männer so oft zu älteren
253 3155 2320 3231 kel gelesen, ungefähr auch hervorbringen würde?“ vorbei und die Begierden abgestumpft sind, bangt
2297 3197 3335 3273 Frauen fassen. Allein Sy#w läßt uns bis zum letzten
1293 3219 2312 3272 ihnen vor dem einsamen Wege zum Grabe, reinere
327 3203 1288 3280 Diese Worte Lessings lassen sich im großen und
2306 3260 3343 3325 Worte im Unklaren darüber, was er mit seinem
1294 3260 2323 3329 Empfindungen werden wach und schreien nach edler,
258 3269 1296 3330 ganzen auf fast alle Stücke anwenden, die im ver¬
2306 3288 3347 3367 Drama eigentlich sagen will. Ist's Scherz oder
1291 3317 2321 3379 aufopfernder Liebe. Fichtner hat einen Sohn aus
271 3315 1297 3384 flossenen Monate auf den literarischen Bühnen Ber¬
2302 3352 3343 3413 Ernst, ist's Weisheit oder Unsinn, Lüge
1287 3360 2324 3421 einem Verhältnis mit einem jungen Mädchen, das
265 3375 1302 3433 lins zur Erstaufführung kamen, vor allem auf Ar¬
2304 3407 3334 3468 oder Wahrheit, was seine Gestalten sagen?
1296 3414 2314 3471 in seiner Verzweiflung, als es von dem geliebten
260 3421 1301 3483 thur Schnitzlers fünfaktiges Schauspiel „Der
2707 3440 3344 3520 ist auf einen Doppel¬
2430 3450 2732 3518 jeder Satz
2305 3453 2437 3520 Fast
1295 3444 2310 3521 Manne verlassen wurde, den späteren Akademie¬
257 3462 1295 3515 einsame Weg“ und Bernhard Shaws drei¬
2302 3505 3335 3566 sinn zugeschliffen, jede Situation zeigt einen
1288 3503 2318 3568 direktor Professor Wegrath heiratete. Mit einem Be¬
259 3508 1293 3571 aktige Komödie „Candida“. Schnitzlers Dramen
2307 3553 3336 3619 Januskopf, und es bleibt dem Empfinden jedes ein¬
257 3554 2319 3625 zeigen zumeist romanhaften Charakter. Eine gewisse trug tritt sie vor den Traualtar, denn das Knäblein,
2302 3592 3339 3650 zelnen überlassen, was er sich bei der Geschichte
248 3608 2303 3670 Müdigkeit und theaterunlustige Melancholie brüten welches sie in der Ehe gebiert, hat sie von Fichtner
2308 3651 3345 3716 denken will. „Candida“ ist also ein Vexierstück, beis
1295 3653 2309 3710 empfangen. Das zweite, rechtmäßige Kind dieser
250 3655 1307 3708 darüber. Die Sitnation belebi sich nur, wenn erotische
2302 3695 3339 3768 dem man sich schließlich ebenso gut unterhält, wenn
257 3702 2308 3766 Erregungsmomente eintreten. In seinem jüngsten Ehe, Johanna, ist ein verdrehtes Geschöpf mit per¬
2309 3745 3346 3804 man der Bühne den Rücken zuwendet und die Zu¬
1289 3748 2319 3809 versen Instinkten, das mystisches Zeug zusammen¬
266 3753 1303 3810 Opus hat Schnitzler seiner Vorliebe für die sensible
2303 3788 3336 3849 schauer beobachtet. Während der eine das Gesicht in
263 3795 2315 3861 Breite des Dialoges besonders gefröhnt und es förm= schwätzt, sich dem mindestens ein Vierteljahrhundert
2309 3842 3338 3903 ernste Falten legt, lacht der andere bei derselben
262 3848 2317 3913 lich darauf angelegt, so undramatisch als nur mög=sälteren Stephan v. Sala als Geliebte an den Hals
2319 3876 3340 3945 Stelle, und wenn der Akt um ist, wissen die Zu¬
262 3896 2313 3966 lich zu schreiben. Das Stück zerflattert in Roman= wirft und im vierten Akte ins Wasser geht. Das
1288 3918 3347 4000 Publikum zeigte wenig Lust, Herrn Schnitzler auf schauer nicht, ob sie sich unterhalten oder geärgert
263 3944 1300 4009 episoden, die mosaikartig an einander gereiht sind.
2302 3984 3335 4046 haben. Entkleidet man die äußeren Vorgänge ibres
262 3999 1303 4059 Motive werden angeschlagen und verschwinden wie¬
1299 3987 2328 4049 seinem einsamen Wege zu folgen. Aber es liegt Ge¬
1292 4024 3332 4097 danken= und Stimmungsgehalt auf mancher Seiterhetorischen Gewandes, so erscheinen sie auch den
262 4043 1303 4104 der, ohne daß sie auf die Entwicklung des Stückes
2275 4078 3351 4158 beschränktesten Kopfe kinderleicht verständlich, abe—
261 4097 1596 4162 Einfluß ausübten. Es ist die Geschichte zweier Lebe= seines Buches.
