3484 4384
1424 420 1913 534 box 23/4
807 438 1015 511 nsam
279 438 1302 545 18. Der einaane Neg
417 1448 3393 1605 Das Leben dampft wie ein R. gout von Abstrakten, von Baktrien?“ fragt er, „als meine Frau?" Und sie die Ein Drama ist er nicht. Denn de
411 1558 3361 1645 Liebe, Entsagung, Pflicht, Zwang, Erkenntnis, betäubt die weiß, daß die Reise anderswo hingeht als nach Baktrien, von außen nach innen. Durch 2
415 1549 3405 1701 einen und kitzelt die Nüstern der anderen. Sieger werden lächelt gut und geht wortlos voran; schenkt ihm für die Logik der Vorgänge, durch Ge
417 1654 3404 1745 besiegt, derbe Zusammenhänge reißen, zarte erweisen sich letzte Spanne seines Lebens eine außerordentliche Er- gesprochenem, vielleicht zu Unaus
424 1704 3403 1800 stark wie Eisenketten, Schuld und Sühne erscheinen ein innerung. Herr v. Sala kann leider nicht mehr viel damit samen Weg“ ist's umgekehrt. Wir
417 1746 3356 1830 kultivierter Nihilismus sendet scharfe Düfte. Es wire viel anfangen. Es ist ihm nicht die Zeit vergönnt, das Er= und müssen die Tatsachen fast
419 1739 3404 1889 gezweifelt; aber mit Manieren, nett, geschmackvoll, molta lebnis als neues Futter für sein verhätse#eltes Ich nach erscheinen Intellekt= und Gefühlssch
422 1798 3403 1929 con delicatezza. Auch das Schrille hat noch eine Art Hause zu tragen. Er hort, daß sein eigenes Ende nahe, huscht etwas Körperliches über die
428 1902 3407 1996 Melodie. Auch die Schmerzbeladenen sind noch Schmerz=und ist augenblicklich entschlossen, ihm nicht entgegen= nimmt dem, was ist, Luft und At
1571 1891 3399 1997 zusiechen. Der Aesthe“. flüchtet vor dem üblen Geruch, vor wie oft in Schnitzlerschen Schausp
428 1975 655 2062 genießer.
537 1939 3405 2081 Kampf, Abwehr, Protest liegen hinter diesen mit der Häßlichkeit und Pein des Todes in den Tod ... Ach, Perfektum erschlagen wird. Imm
432 1993 3395 2139 Melancholie gesalbten fein=Organisierten. Jetzt ist ihre immer müssen Frauen sterben, damit Männer erlöst werden, Drama die größte Rolle im
2714 2036 3414 2122 erscheinen Revenauts und ver
439 2058 2721 2179 Tätigkeit nur mehr: reden, reden und sterben. Und ein Aber der gerührte Zuschauer weiß in seinem Innersten:
2703 2090 3398 2154 Ist das wirklich Ibsen aus dem
1585 2124 2217 2212 Es war nicht der Mühe wert!
1685 2126 3409 2231 Wie ein Orgelpunkt beht durch das ganze Stück das währendes Mühen um das Pr.
435 2146 1609 2236 schmachtendes Aeugeln mit dem Schicksal, dem sie sich ver¬
434 2180 1605 2282 fallen wissen. Es sind abgeblühte oder im Keim zertretene
438 2233 3413 2316 Menschen. Die letzteren sagen „Ach!“ und da liegen sie. Wort: Tod. Ich weiß nicht, ob es ein kunst=ehrliches sequenz alles Geschehens? Oder li
434 2293 3410 2383 Die ersteren machen Musik. Sie rascheln herbstlich (ve¬ Mittel, die Perspektive eines Dramas dadurch zu vertiefen, Ahnung eines schweren künstlerisc
434 2326 3405 2424 sonders wenn die Vergängenheit, ein kühles Lüftchen der daß man als Ort der Handlung vorschreibt: knapp neben Das Gefühl, zu dünn=abstrakt, zu!
448 2323 3407 2475 Erinnerung, ihre Seele streift und wie welke Blätter der Unendlichkeit. Mit dem Tod reliefiert der Dichter das also das Bedürfnis, statt der fehl
438 2380 3404 2534 fallen die Erkenntnisse: leise, traurig, weich und unablässig. bißchen Leben auf seiner Bühne. Es ist ein Spiel zwischen gänge wenigstens den Schatte
437 2456 2954 2571 Manchmal scheint es, als ob noch irgendeine Leidenschaft Gräbern, und die Akteure sind Tote, Tod=Suchende und mischen?
2831 2441 3368 2548 Die fünf Akte klingen
445 2495 2742 2623 dieses schwermütige Psalmodieren unterbrechen wollte. Aber Tod=Geweihte. So tropft ein Teil der schwermütigen
2734 2522 3347 2600 fader, süßlicher Hauch ist
445 2553 2737 2685 ihre Mechanik ist eingerostet. Und so bleibt der Anlaß Stimmung des Schauspiels automatisch aus dem Thema. Aber
451 2577 3391 2718 ungenützt. Und so bleibt die Dämmerung Dämmerung, der andere ist redliches Werk des Dichters, seiner Kunst der Symptom für Unsterblichkeit zu 1
1589 2617 3410 2721 verdämmernden Lichter und halben Töne. Ein brennender tiefes Schauspiel. Kein tiefes
450 2690 1196 2781 Und so bleibt das Drama Novelle.
559 2667 3414 2803 Die Liebe der Johanna zu Herrn v. Sala bringt Kummer über die kutzlosigkeit aller Erkenntnis redet Schauspiel in der Tiefe. Gerade
458 2765 3419 2866 die zartesten Augenblicke des Schauspiels. Sie gibt das im „Einsamen Weg“. Sozusagen: eine Trauer des Gehirns. stimmt bedenklich. Weil ja die
459 2814 3383 2914 Gegenstück zu den getiftelten Schmerz=Gourmandisen, denen Und mancherlei Mitleid, das sich doch nicht recht hervor- dramatischen Genius, daß er, 1
458 2860 3430 2966 im Stück so ausgiebig gefrönt wird. Die Einsamen der traut, sondern alles Zucken um die Lippen in ein ironisches Oberfläche zu entfernen, der Tich
458 2917 3422 2995 Komödie genießen ihre Kümmernisse mit einer wahrhaft Lächeln zwingt. Und Schmerz über der Frauen Los: daß und Zauber ahnen läßt. Der Dich
452 2963 3401 3058 artistischen Wollust; man hat das Gefühl, daß sie um ihnen so leicht zum Schicksal wird, was dem Mann, ganz hingegen? Er ist tief, indem
464 3021 3340 3116 keinen Preis ihre Traurigkeiten hergeben würden. Anders, besonders dem Künstler, so leicht zur Episode schrumpft. Stühle auf den Grund setzt.
2836 2994 3424 3085 Das Burgtheater hat den
461 3040 2760 3150 menschlicher, unliterarischer sind die Frauen im „Einsamen Und daß ihnen in dieser Beziehung nicht zu helfen, ab¬
455 3056 3414 3209 Weg“, vor allem Johanna. Hier versteckt sich ein Gefühl solut nicht. Etwas sast wie Unerbittlichkeit ist in der stille Schauplätze gebaut. Der #
2739 3093 3424 3181 ist ein Prachtstück. Ein schwer
457 3128 2763 3254 nicht hinter Geistigkeiten, und die Sehnsucht nach dem Komödie. Ein nobler Verzicht allseits auf Ausflüchte,
2735 3132 3430 3232 Abend, Stille, Herbst und Ver##
454 3197 2094 3305 anderen wird nicht sterilisiert durch die allzu genau erfüllte Verstecke, holde Lügen.
1709 3194 3419 3305 So mag der „Einsame Weg“ eine Dichtung sein. Natur schweigen. Und der Mensch
465 3256 1653 3377 Pflicht gegen sich selbst. „Willst Du mit mir gehen nach
