3392 4384
1347 374 1811 479 box 23/4
190 389 1204 494 18. Der einsane Neg
1899 1087 1974 1178 6
816 1192 1971 1243 erhellend. Johannas Sein und ihr freiwilliger Tod ge¬
108 1197 815 1263 erlassen wurde, etwas von dem
821 1220 1963 1302 winnen von hier aus die Schicksalslinie. Und auch in
97 1241 818 1326 in, erkenntnisschweren Staunen einer
825 1281 1975 1340 Sala erwacht in diesem Augenblick das Bewußtsein einer
170 1287 817 1369 gehört zu jenem Geschlecht der
105 1308 167 1371 Sie
822 1317 1968 1397 Begegnung, wie sie nur zweien sich vorbestimmten und
101 1334 820 1422 shrenden, zu jenem Geschlecht der
823 1382 1973 1455 einzig für einander bestimmten Menschen beschieden ist.
109 1388 816 1474 ensbegierigen, welchem ihre Mutter
828 1420 1962 1481 Es schwingen Tristan=Klänge in diesem Augenblick see¬
113 1431 822 1511 dann in Haß erlegen war. So
830 1465 1964 1531 ligsten Naheseins und ewiger Trennung; in dieser Herbst¬
121 1483 815 1565 um Salas letztes, größtes Er¬
838 1511 1971 1586 stimmung, „da die Blätter rot sind, der goldene Dunst¬
153 1538 821 1612 Sala, der der Vollender,
834 1583 1980 1630 über den Wolken liegt und der Tag noch viel schöner
127 1585 797 1664 Menschentypus ist, den die
820 1608 1965 1699 und viel trauriger, als man ihn je hätte ahnen können!“
127 1628 816 1701 rzur talentvollen Skizze gedeihen
945 1664 1980 1738 Ein Stück, stark durch inneres Gleichgewicht. Dra¬
117 1671 819 1771 stikerin. Sie hat die Gabe, den Tod
832 1715 1980 1801 matisches wie seelisches. Niemand hat recht, und niemand
133 1728 829 1801 die tiefgründige Gewißheit, daß
837 1762 1974 1842 unrecht. Die Menschen, welche über jede Pflicht sich
118 1782 828 1849 Wiederkehr beschieden ist; sie blickt
837 1821 1983 1885 stellen, die Unbegrenzten, Sala, Fichtner, Johanna, sind
117 1821 829 1903 als in ihr früheres, in die ferne
840 1860 1985 1934 den Menschen gegenüber, die jeder Pflicht sich beugen,
117 1874 822 1952 r versprochenes Leben. Selbst die
838 1913 1979 1988 die ihre Grenzen freiwillig sich abstecken, die Wegraths,
112 1920 831 2004 schen zu verraten, an welchen sie
844 1961 1978 2028 Felix, Dr. Raumann. Man möchte denken, es sei ein
106 1971 834 2054 walstage zu erkennen vermag. So
844 2019 1989 2083 konstruiertes Verhältnis, eine errechnete Symmetrie. Wenn
133 2018 824 2089 Mutter zu sagen, weiß sie, daß
846 2055 1989 2124 eben die Zusammenhänge nicht mit so unlösbarer Be¬
146 2062 828 2142 erkennt die Landschaft, in der ihr
848 2099 1990 2174 dingtheit meinandergriffen. Wie Kette und Einschlag eines
114 2110 835 2182 wird zu sterben. An dieser dunkeln
845 2153 1988 2226 kostbaren Gewebes. Durch einen mysteriösen, an das
110 2165 832 2236 den Wissens, an dieser zu den
848 2199 1999 2275 Problem der Wahlverwandtschaften erinnernden Natur¬
119 2207 832 2288 enden Pforte des Bewußtseins be¬
858 2247 1980 2324 willen wird Johanna die wirkliche Tochter Wegraths,
122 2260 834 2338 la, dem Dichter, dessen Lebenstraum
849 2300 1988 2371 Fichter ähnlich (und dadurch in noch höherem Grade Sala).
133 2300 849 2387 Stadt auszugraben, in der Stufen
856 2343 2000 2430 Felix aber, der doch in Wahrheit Fichtners Sohn ist, zeigt
145 2339 852 2441 aufgedeckt wurden, die in endlose
851 2402 2005 2471 sich innig dem Wesen Wegraths (seines vermeintlichen
126 2398 856 2479 Wenn Johanna und Salas Seelen
860 2447 1998 2521 Vaters) verwandt. Wie dieser mit stiller, edler Einfachheit,
125 2452 851 2537 gen, so ist es nicht in landläufiger
855 2495 1992 2579 mit beinahe hochmütiger Selbstbeschränkung klaglos und
133 2504 850 2586 rn in der Gier, letzte Geheimnisse
863 2544 1996 2620 aufrecht durch ein Leben schreitet, welches er nur Anderen
857 2589 1994 2659 hingibt, so gehört auch Felix von dem Augenblick, wo
129 2584 844 2687 ie Liebesszene dieser beiden sinnlich¬
865 2636 2002 2719 sich ihm die Wahl stellt, seinem zufälligen ober seinem er¬
142 2667 847 2742 in die Schatten des Todes gestellt.
851 2686 1999 2752 worbenen Vater zu folgen, zu den geradlinigen Charak¬
174 2698 849 2781 , daß sie sich einem Marne hin¬
860 2729 2003 2800 teren, die den Sinn für das „Wesentliche“ haben. Das
132 2750 844 2832 ählt sind, findet sie, die immer Ver¬
865 2780 2008 2870 Wesentliche erkennt er darin, daß „man sehr wenig für
191 2807 853 2888 zum glühenden Bekenntnis ihrer
862 2811 2010 2900 einen Menschen getan hat, wenn man nichts tat als ihn
185 2852 851 2916 eines jener Momente, wo die
861 2873 1999 2954 in die Welt zu setzen". Für den Anderen, der einen
165 2897 854 2975 Schnitzler manche seiner Gestalten
866 2919 2001 2997 denkenden Menschen aus ihm gemacht hat, entscheidet sein
199 2945 861 3029 Man empfindet, daß sie irgend¬
135 2970 204 3033 rd.
862 2966 2010 3053 sachlich fühlendes Gewissen. Auch sonst hat er eine knappe,
183 2997 853 3071 von ihm abzuhängen, und so¬
867 3015 2002 3095 karge, feste Art, eine phrasenlose Haltung, die in einem
148 3038 854 3134 if eigene Faust weiterführen. „Hörst
873 3073 2008 3137 Augenblick ihn sogar Sala überlegen macht. Er tötet diesen,
147 3094 863 3167 Und ich möchte, daß Du es später
874 3116 2017 3196 den Verführer seiner Schwester, mit einem Wort: „Herr
185 3144 853 3228 wie ich es jetzt sage, in irgend
871 3177 2004 3235 v. Sala, wir werden nicht mehr unter einem Zelt schlafen,
130 3190 868 3276 blick, schön wie dieser ... und in
871 3224 1998 3295 so weit geht Ihre Reise nicht.“ Ein Satz, der Sala trifft,
146 3237 867 3310 mehr von einander wissen werden.“
869 3254 2006 3352 als hätte er in einem amerikanischen Duell die schwarze
131 3302 863 3366 eine Wiederkunft in dieser nur allen
862 3324 1240 3400 Kugel gezogen.,
137 3334 868 3413 chenseele sie versuchen läßt, ihren
969 3329 2006 3442 Mitten unter diesen Menschen „mit dem allzu wachen
127 3385 866 3470 blick für die Ewigkeit sicherzustellen,
878 3409 2019 3489 Bewußtsein“ blüht nun eine liebe, naive, zärtlich=sonnige
135 3437 869 3516 elische Wendung, die wie aus dem
150 3464 2020 3543 Unterbewußtseins sich entringt, alsMenschenseele. Irene Herms ist von dem Stamm der
150 3499 2020 3627 dunkelsten Falten eines Herzens! Christine. Sie ist das in e# älteres Fach übergegangene
1978 1151 3131 1233 „Süße Mädel“. Unkomplizierte Triebhaftigkeit, holder
1978 1199 3139 1278 Leichtsinn und eine mollige, Güte, die rosig schimmert,
1982 1241 3137 1317 wie ihre mollige, rosige, feine Haut. Die sinnlich an¬
1983 1291 3127 1372 spruchslose Wienerin. Die niemals durch innere Gesetze
1980 1311 3144 1411 dazu bestimmt gewesen wäre, einen „einsamen Weg“ zus
1974 1385 3141 1482 gehen. Und die dennoch in einem Alter, da Frauen das
1988 1436 3139 1514 Gebot der Pflicht zu segnen beginnen, in einem Alter,
1983 1499 3148 1581 da sie beginnen, in ihrem Kind ihr eigenes Leben auf¬
1991 1520 3150 1619 gehen zu lassen, allein steht. Fichtner begegnete ihr eben:
1995 1576 3141 1656 und zerstörte sie. Zerstörte in ihr die Geliebte, die Frau,
1982 1620 3138 1697 die Mutter. Indem er sie einer Liebe ohne Opfer frönen
1988 1676 3141 1769 lehrte, und sie hieß, das in ihr keimende Leben zu ver¬
1992 1737 3146 1799 nichten, weil es für ihn eine Fessel zu werden drohte. So
1984 1765 3149 1859 verfälschte er eine Seele. Irene Herms liebelte durch das
2002 1803 3149 1893 Leben, obwohl in ihr die Kraft der Liebe lag; sie wurde
1993 1848 3140 1956 untreu, obwohl Treue ihr Maß war; sie wurde unstet,
1998 1912 3143 1994 obwohl im innersten eine innige Heimnatur. Sie ist eben
1992 1957 3149 2045 wie alle anderen um sie herum, die in Salas und Fichtners
1994 2008 3156 2081 Kreise traten, das Opfer gesetzesloser Herrennaturen. Aber
1996 2049 3156 2129 in ihr schwingt nicht das Pathos dieser Anderen. Man hat
1999 2093 3152 2196 sie zwar um ihre Bestimmung betrogen. Sie wird die
2000 2140 3162 2232 Zahl der traurigen Kibitze vernehmen, die als Fräulein
2000 2198 3150 2265 Tante alle Gouvernanteneinsamkeiten durchkosten. Und
2012 2240 3151 2337 selbst diese Degradierung wird sie noch ohne Bitterkeit und
2018 2314 2395 2390 mit Grazie tragen.
2100 2330 3147 2422 An dieser Gestalt, die so naiv erleidet, fühlt man
2011 2390 3162 2476 besonders, wie merkwürdig die organische Entwicklung des
2015 2434 3160 2530 scelisch vielfach verzweigten Schauspieles ist. Man kann
2014 2486 3167 2585 drei Probleme darin verfolgen, die, wie die Lebensringe
2009 2536 3164 2617 eines Baumdurchschnittes, in konzentrischen Kreisen ge¬
2003 2582 3178 2673 lagert sind. Als primäres Thema ist wohl die Tragödie
2012 2634 3162 2721 zu czupfinden, die das Altern von Lebensgenießern um¬
2013 2703 3171 2769 spielt. In dem ersten Entwurf soll das Schauspiel tat¬
2016 2730 3178 2820 sächlich den Titel „Die Junggesellen“ getragen haben. Und.
2018 2781 3171 2865 die gefaßte Wehmut, die dunkle Glut, mit der Sala dem
2017 2834 3170 2910 Abschied von der Jugend letzte Wonnen entreißt, die
2025 2872 3187 2964 qualvolle Angst, die ins Leere tappende Sehnsucht tach:
2025 2925 3180 2998 Liebe, welche Fichtner, den tollen Verschwender jedes
2017 2969 3184 3041 Liebesbesitzes, zum wimmernden Bettler wandelt — dieser
2019 3010 3185 3100 seelische Zusammenbruch, der in einem physiologischen Zu¬
2016 3056 3097 3152 stand seine Wurzeln hat, er rollt in der zei
2023 3096 3183 3192 genössischen Dichtkunst zum erstonmal
2013 3161 3173 3258 das Problem des kritischen Alters auf.
2123 3214 3179 3304 Ein tiefer geschöpfter Konflikt wächst aber allmählich
2020 3266 3185 3350 aus diesem eng umschriebenen Problem hervor und ver¬
2033 3321 3189 3408 drängt es. Von der Liebe handelt es, die verdient sein
2026 3371 3184 3449 will. Von den Beziehungen der Menschen zu einayder,
2019 3424 3185 3501 die nur durch erworbene Rechte Giltigkeit erhalten.;
2033 3467 3183 3573 Bankrotteure des Daseins werden gezeigt, die, weil sie
