3392 4320
1336 302 1888 395 box 2372
269 305 1283 398 18. Der einsane Neg
805 1253 1220 1347 Telephon 12801.
439 1326 1581 1452 Alex. Weigls Unternehmen für Zeitungs-Ausschnifte
639 1402 1405 1563 „UBSERUER“
447 1502 1578 1629 Lösterr. bebördl. konz. Bureau für Zeitungsberichte u. Persontlrachrichten
648 1576 1422 1682 Wien, I., Concordiaplatz 4.
885 1666 1204 1730 Vertretungen
472 1675 1596 1793 in Berlin, Budapest, Chicago, Genf, London, New-Vork,
467 1743 1599 1841 Paris, Rom, Mailand, Stockholm, Christiania, St. Petersburg.
748 1789 1323 1884 (Quellenangabe ohne Gewähr.
488 1917 951 2002 Ausschnitt aus
744 1918 1673 2055 ## e zünchner Zeitung
500 2038 694 2102 vom:
678 2190 1248 2295 (Kleines Feuilleton.
540 2283 1442 2361 ab Frankfurter Schauspielhaus.] Die Auf¬
486 2311 1444 2397 (nahme, die Arthur Schnitzler's Schauspiel „Der
508 2349 1439 2426 einsame Weg“ bei semererstaufführung am
518 2376 1434 2463 Samstag fand, sah äußerlich fast eher einer Ab¬
504 2411 1434 2501 lehnung ähnlich, aber sie war eine ernste und gab
508 2463 1434 2527 zu starken Diskussionen Anlaß — das Merkzeichen
511 2495 1433 2559 einer bedeutenderen Arbeit. Schnitzler, der geist¬
498 2523 1431 2609 volle Novellist, blieb in seiner Welt der Liebeleien,
512 2561 1427 2634 in seinen lustigen oder boshaften Zeichnungen
500 2594 1423 2681 immer ein ernst zu nehmender Mann, der etwas
497 2638 1426 2725 zu sagen hat. Ware er in dieser Beziehung in die¬
493 2681 1420 2761 sem Drama ebenso der Beschränkung Meister ge¬
494 2704 1429 2792 blieben, wie in seiner „Liebelei“, es hätte ein vor¬
485 2748 1413 2836 treffliches Werk werden können. Denn der Gedanke,
482 2781 1409 2868 daß im Grunde alle Menschen einsam, daß bis zu
480 2811 1429 2913 einem gewissen Punkte der Seele nie eine andere
486 2856 1416 2943 gedrungen, gelangt hier bei den verschiedenartigsten
486 2891 1409 2972 Personen geistvoll zum Ausdruck. Am meisten tritt
477 2920 1404 3014 er bei dem Maler Fichtner in die Erscheinung, der
475 2972 1401 3052 ein Mädchen kurz vor ihrer Hochzeit mit seinem
481 2999 1408 3085 Freunde verführt und deren erster Sohn sein
477 3038 1398 3119 eigener sein soll. (Den Beweis hierfür bleibt uns
467 3066 1396 3151 der Dichter schuldig). Sein späteres Bemühen,
469 3108 1387 3197 diesen Sohn für sich zu gewinnen, ist vergebens, und
472 3149 1387 3230 einsam muß er seine Straße ziehen. Die Be¬
464 3182 1387 3259 ziehungen der übrigen Personen zueinander und zu
475 3225 1384 3307 einem Mittelpunkt sind für ein Bühnenwerk nicht
468 3258 1388 3347 stark und kraftvoll genug — als Roman könnte man
444 3279 1391 3392 den roten Faden nie verlieren, der sich durch das
466 3400 1398 3498 Ganze zieht. Die Aufführung kam der geistvollen
463 3421 1392 3524 Sprache nicht zu Hilfe. Die Schauspieler dürften
468 3462 1394 3579 die erste Aufgabe des Vortragenden: mit dem Wort
459 3507 1393 3617 das Ohr des Fernsitzenden zu erreichen nie aus
448 3531 1386 3655 dem Auge lassen. Die Anstrengung des Lauschens
445 3578 1380 3679 und Horchens ermüdet und ärgert den Hörer. Vor¬
449 3613 1385 3716 teilhaft in dieser Hinsicht zeichneten sich die Herren
447 3660 1371 3759 Kirch und Bauer, die Darsteller der beiden frag¬
444 3684 1375 3799 lichen Väter aus, und Frl. Lange, die Vertreterm
428 3720 1373 3837 einer Schauspielerin, einer echten Schnitzler=Figur.
2302 564 2720 659 Telephon 12801.
1937 662 3073 710 Alex. Weigls Unternehmen für Zeitungs-Ausschnitte
2129 736 2884 842 „OBSERUER“
1935 854 3068 908 L. österr. behördl. konz. Bureau für Zeitungsberichte u. Personalnachrichten
2129 920 2910 996 Wien, I., Concordiaplatz 4.
2361 991 2664 1045 Vertretungen
1953 1035 3053 1087 in Berlin, Budapest, Chicago, Genf, London, New-York,
1941 1074 3051 1141 Paris, Rom, Mailand, Stockholm, Christiania, St. Petersburg.
2216 1119 2782 1186 (Quellepangabe ohne Gewähr.)
2397 1169 3245 1264 Berliner Börsencourier
1900 1207 2425 1294 F Ausschnitt aus:
2207 1297 2503 1380 21. 9 904
1940 1309 2202 1385 vom:
2215 1417 2866 1528 Vor den Coulissen.
2068 1463 3054 1583 Aus Frankfurt a. M., 19. d., wird uns geschrieben:
2007 1500 3045 1624 Die Stimmungen, Reflexionen und etwas langatmigen
1988 1553 3037 1665 Reden, aus denen das gestern aufgeführte Schauspiel
1995 1603 3033 1704 „Der einsame Weg“ von Arthur Schnitzler zusammen¬
1993 1639 3032 1741 gesetzt ist, haben über dest iheitlichen,
1991 1682 3038 1786 geschlossenen Handlung nicht hinwegtäuschen können.
1980 1726 3029 1827 Wie schon telegraphisch gemeldet, war das Publikum
1989 1761 3024 1870 verstimmt und ermüdet, und in den mäßigen Beifall
1990 1799 3026 1899 mischte sich starker Widerspruch. Auch über die Ten¬
1984 1832 3023 1950 denzen gingen die Meinungen auseinander. Die Dar¬
1982 1875 3020 1981 stellung und die Inszenierung waren recht befriedigend,
1979 1919 3018 2055 aber man vermochte siche=fir keine der handelnden
1955 1953 2585 2051 Figuren recht zu erwärmen4—
2125 2556 2934 2670 Dr. Max Goldschmidt
2341 2664 2706 2749 Bureau für
2250 2734 2784 2821 Zeitungsausschnitte
2035 2811 2986 2892 Berlin N. 24. Telephon: III. 3051.
2277 2932 2758 3019 Ausschnitt aus
2287 3177 2921 3273 Berfiner Bürsen-Comsee
2451 3325 2753 3390 21. 9. 04
2175 3329 2858 3461 Vor den Coulissen.
2010 3465 3010 3517 Aus Frankfurt a. M., 19. d., wird uns geschrichen:
1974 3498 3003 3562 Die Stimmungen, Reflexionen und etwas langatmigen
1963 3529 3015 3605 Reden, aus denen das gestern aufgeführte Schauspfe
1964 3594 3006 3664 „Der einsame Weg“ von Arthur Schnitzler zusammen¬
1969 3629 3014 3689 gesetzrist—haven über den Mänger einer einheitlichen,
1973 3676 3011 3723 geschlossenen Handlung nicht hinwegtäuschen können.
1969 3700 3006 3778 Wie schon telegraphisch gemeldet, war das Publikum
1970 3747 3014 3796 verstimmt und ermüdet, und in den mäßigen Beifall
1974 3797 3011 3851 mischte sich starker Widerspruch. Auch über die Ten¬
1975 3848 3000 3888 denzen gingen die Meinungen auseinander. Die Dar¬
1972 3861 3011 3936 stellung und die Inszenierung waren recht befriedigend,
1970 3923 3016 3970 aber man vermochte sich für keine der handelnden
1983 3952 3006 4020 Figuren recht zu erwärmen. — Im Opernhause fand
1973 3990 3003 4049 gleichzeitig die erste Aufführung der melodiösen
1974 4020 3016 4093 Operette „Das Veilchenmädel“ von Josef Hellmesberger¬
1979 4079 2754 4152 statt und wurde mit Beifall überschüttet.
2119 4125 2333 4212 S
