3392 4352
1019 318 1165 394 WD
1348 320 1825 417 box 23/1
203 329 1234 433 18. Deeinsang
214 875 715 972 Selaschmidt
145 958 467 1054 Bureau für
119 1026 578 1117 tungsausschnitte
131 1091 798 1173 irektem Nachrichtendienst durch
124 1155 574 1229 ne Korrespondenten.
348 1201 760 1282 Telephon: III, 3051.
258 1245 832 1333 —
382 1325 504 1413 aus
833 1926 3238 2033 mit den ausgefurchten Zügen im Gesicht, die auf ein bewegtes ihn ganz zu sich hinüber zu ziehen. Aber Felix ist weit davon
839 1974 3248 2075 Leben voll Genuß und Leidenschaft schließen lassen. Er hatl entfernt, ihm gerührt in die Arme zu sinken. Mannhaft und
177 1995 585 2083 Feuilleton.
2033 2032 3247 2101 ernst läßt er sich die Geschichte des kurzen Rausches erzählen,
825 2043 2031 2131 den Namen, aber längst nicht mehr die Kraft eines großen
2028 2074 3241 2142 dem er sein Dasein zu verdanken hat, fühlt indessen, daß
131 2065 469 2150 tsches Theater.
849 2090 2035 2161 Künstlers. Im Wiener Museum hängt ein vielbewundertes
130 2098 851 2182 ng mit vertrochnetem Luub, das, von
2026 2104 3251 2192 Fichtner ihm dabei fremder als je wird und daß sein Herz
839 2137 2037 2204 Porträt von ihm. Es stellt eine junge Schauspielerin im
127 2161 839 2229 ber die Straßen raschelt, das nieder¬
2037 2152 3247 2231 weit mehr dem Manne gehört, der ihn von Kindheit an ge¬
839 2178 2033 2248 Harkelinkostüm mit einer griechischen Toga und einen. Gewirr
2031 2205 3252 2277 pflegt, behütet und erzogen hat. Kalt und fremd gehen
129 2198 847 2268 Schuld, die sich nicht wieder gutmachen
835 2222 2029 2285 von Masken zu ihren Füßen dar. Fichtner hat ihm die Züge
137 2243 847 2328 Pergänglichkeit und Tod durchziehen
835 2247 3252 2328 seiner Geliebten, einer namhaften Darstellerin gegeben, von fortan beide weiter auf getrennten Wegen. Schnitzler be¬
180 2290 846 2367 „Der einsame Weg“ von
844 2273 3253 2374 der er sich wegen ihrer leichtsinnigen Streiche trennte. Sie handelt diesen Teil seiner Handlung ohne die Pikanterie und
168 2332 843 2395 Eine sterbende Frau erscheint in
839 2325 3256 2429 finden sich nun wieder als gute Freunde, die nichts mehr von Sentimentalität, mit der ein solches Thema bei den Fran¬
133 2380 851 2456 das ganz von Häusern umschlossen
2031 2375 3255 2453 zosen gern verquickt wird. Er bohrt aber eifrig daran herum
851 2392 2049 2462 einander wollen. Die Schauspielerin hat ein behagliches
136 2418 854 2484 lick ins Freie fehlt. Ein Künstler,
851 2419 3261 2510 Unterkommen auf dem Lande bei ihrer verheirateten Schwester und häuft kleine Charakterzüge zusammen, bis sich die Schei¬
137 2447 854 2531 dessen Talent gebrochen ist, reißt sich
857 2463 3263 2556 gefunden und denkt nur noch mit Grauen an die Demüti= dung der beiden Männer vollzieht und sie allmählich an Be¬
133 2509 855 2578 los und steht im Begriff, seine schöne
2030 2506 2627 2591 deutung für uns verlieren.
841 2522 2046 2596 gungen und die Schmach, denen sie während ihrer Theater¬
126 2542 866 2623 E zu schicken. Ein vornehmer Mann
2123 2548 3251 2620 Wir schreiten durch den Nebel weiter und treffen andere
122 2554 2056 2667 Sträuchern und Bäumen seiner Be= laufbahn ausgesetzt war. Sie fühlt sich jetzt als Naturkind,
2038 2608 3262 2675 Menschen, die sich ebenfalls auf einsamen Wegen bewegen und
841 2604 2045 2687 dem die Dichter auf den Proben wie Narren vorkommen und
131 2628 853 2705 ken einher, denn er weiß, daß seine
2033 2644 3254 2708 gebrochene Naturen darstellen. Stephan von Sala hat vor
127 2660 2044 2748 gen wird. Als matten Trost läßt die das sich nicht scheut, das törichte Gerücht auszustreuen, einer
2042 2682 3259 2751 sieben Jahren seine Frau und seine Tochter verloren und
137 2712 2056 2794 Schein durch die Fenster seiner Villa ihrer Bekannten habe seine Frau umge# racht. Als Fichtner
2040 2738 3261 2798 spinnt sich nun immer tiefer in seine Träume ein, die ihn in
125 2729 2055 2841 wo die Marmorbüsten von römischen sie in ihrer reizenden Frische wiedersieh kommt ihm das Oede
2040 2766 3265 2850 seiner eben bezogenen Villa zerstreuen sollen. Früher fühlte
147 2783 2045 2871 e Geliebte alsbald ein kaltes nasses und Leere seiner Existenz erst voll zu: Bewußtsein. Er be¬
2044 2816 3261 2886 er sich als Dichter, dem mancher Vers gelang und der sogar
131 2823 2049 2926 ch wenn die Menschen Freundschaft sitzt nicht mehr die Fähigkeit, sich zu sammeln, sondern irrt
2043 2871 3264 2927 ein Stück zur Aufführung brachte. Nun ist es kalt und tot
134 2868 2055 2969 zu empfinden scheinen, sind sie doch planlos in der Welt umher. Das Alter klopft vernehmlich
2040 2902 3265 2979 um ihn geworden und er legt das schmerzliche Bekenntnis ab:
853 2913 2047 2990 an seine Tür und er hat als Junggeselle keine Seele, an die
148 2946 869 3007 Gedanken, ihrer Selbstquälerei und
2045 2929 3258 3011 „Freunde habe ich im allgemeinen nicht, und wenn ich sie
848 2962 1685 3037 er sich vertrauensvoll anschließen kann.
156 2989 866 3046 „Wer kümmert sich denn überhaupt
2045 2986 3262 3058 habe, verleugne ich sie.“ Er ist wegen seines Herzleidens
941 3006 2046 3069 Doch nein! Jemand lebt, dem er sich offenbaren möchte,
141 3031 882 3094 in einer bangen Stunde ein junger
2054 3030 3263 3108 einem Arzt in die Hände gefallen und überzeugt sich davon,
132 3050 2062 3151 Verschwinden seiner Schwester be¬ von dem er neue Belebung und Verjüngung seines trostlosen
2044 3091 3272 3154 daß es nicht mehr lange mit ihm dauern kann. Einmal möchte
140 3097 2062 3182 rzt des Hauses antwortet ihm viel=Innern erwartet. Das ist ein flotter Ulan, der aber manch¬
2045 3122 3262 3188 er sich aber doch noch aufraffen und alle seine Kraft zusammen¬
861 3136 2058 3209 mal daran zweifelt, ob er zur rechten Zeit geboren sei und
127 3159 883 3225 keinlich gut so, sonst würden wir alle
2052 3155 3265 3228 nehmen. Ein Graf will eine wissenschaftliche Expedition zur
863 3176 2065 3253 sich nach einem Leben ohne die moderne Ordnungsfexerei
127 3198 871 3279 oder Angst.“ Wo ist das Lachende,
2049 3209 3278 3277 Durchforschung Bactriens und zur Ausgrabung des alten
857 3225 2066 3293 sehnt. Seine dahinsiechende Mutter hat einen seelenguten
134 3245 863 3318 haftliche in der Begabung Schnitzlers
2053 3239 3273 3315 Eebatana ausrüsten. Sala sieht im Geist die hunderte von
863 3271 2057 3343 Mann, der sich bei der Leitung der Kunstakademie an die Tret¬
143 3290 868 3353 im „Schleier der Beatrice“ einen so
2046 3293 3275 3354 bläulich schimmernden Marmorstufen, die in das Innere der
860 3311 2058 3385 mühle gewöhnt hat, einen sogenannten Kunstbeamten, der
126 3331 875 3399 den goldenen Höhen der Renaissance
2054 3324 3267 3406 Erde führen, die prächtigen Säle und strahlenden Bilder
860 3355 2061 3429 sein Glück darin findet, sich für andere zu opfern. Er weiß
131 3364 884 3446 n dem neuen Stück wieder zu seinen
2051 3367 3276 3442 vor sich, um den Genuß dieser Entdeckung wie einen süßen
869 3384 2055 3470 nicht, daß sein Felix, den die Uniform so schmuck kleidet, der
134 3417 879 3484 ber wie sehr haben sie sich ins Trüb¬
2048 3437 3133 3487 betäubenden Trunk noch vor seinem Tode zu schlürfen.
863 3437 2057 3516 Sohn des Malers Fichtner ist und daß seine Frau in der
128 3462 880 3539 cken wie Gespenster auf Gräbern und
2138 3467 3273 3529 Eine tragisch ausgehende Liebesgeschichte hält ihn aber
872 3482 2074 3554 Sterbestunde mehr an diesen als an ihn gedacht hat. Der
146 3508 871 3573 e von sich. Was ehemals in den
867 3530 3269 3599 Maler betrachtet den jungen Mann mit schwärmerischen von der Ausführung dieses Planes zurück. Johanng, die
143 3546 868 3621 und die Welt ein Aschenhaufen ge¬
861 3576 3264 3634 Augen. Er will ihn sich nicht nur als Freund erhalten, Tochter des Akademiedirektors, ist ein seltsam phantastisches
139 3620 3270 3702 in dem Nebel dieser verschwimmenden sondern auch seine Liebe als Sohn erringen. Zögernd und Wesen voll unterdrückter Lebenslust. Ihre Ideen treiben sie
135 3634 3272 3752 personen hindurchzutappen! Da er= bang gibt er sich ihm, während er ein Jugendbild der Frauf aus dem Elternhause hinaus, wo die Mutter krank ist und
150 3739 3273 3806 graubärtigen Maler Julian Fichtner in den Händen hält, als Vater zu erkennen in der Erwartung, ihr dabei wie eine Last erscheint. In der Welt herumzu¬
