3532 4352
1452 285 1923 388 box 23/2
937 314 1021 372 3 M
298 292 1419 405 18. Der einsese Neg
787 957 2819 1076 Ziterarisces Weldlalt
988 1095 2595 1225 zum „Mähr.=schles. Korrespondent“ vom 11. März 1904.
769 1299 2832 1398 Nr. 40.* Die „Literarischen Beiblätter“ erscheinen in zwangloser Folge. S 1904.
2178 1457 2323 1563 ((*K)
1277 1456 2195 1590 „Der einsame Weg.“
1064 1585 2533 1677 Was neueste Werk Airthur Schnitzlers.
1492 1660 2110 1764 Von Hermann Basch (Brünn).
817 1750 2875 1837 Arthur Schnitzler ist der größte Stimmungskünstler vielleicht sind sie sie selbst gewandelt, vielleicht gehen
737 1825 2866 1899 unter den Autoren der Gegenwart. Speziell unter den sie sie noch heute. Und es ergreift uns dann eigen¬
2368 1854 2894 1926 tümlich, wenn das Schick¬
730 1871 1248 1934 Dramatikern. Es liegt so
2368 1907 2889 1966 sal solcher Leute vor uns
733 1925 1263 1989 etwas fein Abgetöntes in
2376 1956 2890 2030 ersteht. Wenn da eine
733 1969 1269 2036 seinen Bildern, er hat
2375 2002 2890 2065 stille Schwermut, eine
734 2021 1264 2089 eine so eigene Art zu
2378 2056 2882 2116 müde Sehnsucht zu uns
731 2061 1257 2130 uns zu sprechen, daß es
2372 2102 2892 2172 spricht. Ein Sehnen nach
747 2110 1262 2183 unser Innerstes berührt,
2374 2148 2897 2222 dem vergangenen Jungen
743 2166 1253 2225 als ob leise Hände dar¬
2380 2200 2889 2267 und Schönen, nach dem,
741 2210 1250 2271 über hinstrichen und Ver¬
2384 2251 2888 2312 was sich in uns ver¬
748 2255 1266 2330 gangenes in uns wieder
2384 2294 2901 2364 graben und da versterben
738 2303 1266 2372 belebten. Und dann
2386 2348 2494 2423 soll.
739 2355 1272 2418 tauchen Erinnerungen in
2469 2391 2896 2465 Um uns ist es Herbst.
749 2387 1274 2474 uns auf und wir sprechen
2383 2442 2898 2505 Vor uns ein „einsamer
747 2453 1269 2522 mit ihnen: „Ja so war
2381 2494 2906 2559 Weg“ Und an diesem
755 2502 871 2572 es
2380 2542 2900 2604 Wege sitzen Menschen,
836 2552 1274 2624 Und wenn es auch
2378 2585 2900 2646 die das Haupt müde auf
753 2608 1263 2672 nicht just Erinnerungen
2375 2636 2903 2699 die Hände stützen. Und sie
756 2644 1270 2723 sind, so doch wenigstens
2377 2679 2889 2748 träumen. Von dem son¬
758 2700 1268 2771 die Empfindungen, daß
2374 2726 2907 2800 nigen Sommer. Von
759 2759 1258 2821 es wirklich so sein könnte,
2380 2776 2908 2844 ihrem Sommer. Und
759 2798 1274 2871 so sein müßte. Weil
2381 2823 2906 2890 nun .. alles abgeblüht,
761 2842 1273 2919 Schnitzler eben immer
2387 2871 2901 2945 welk und kahl ... Die
751 2900 1268 2958 Menschen zeichnet.
2385 2922 2904 2992 Abendschatten lassen sich
762 2947 1280 3014 Uns selbst. Und was da
2387 2976 2907 3035 mählich hernieder und
758 2988 1262 3066 „einsam“ in uns ruht,
2382 3021 2897 3075 breiten ihre Schleier aus.
748 3043 1271 3112 erblüht dann für wenige
2388 3061 2910 3147 Und die Menschen werden
759 3092 1276 3149 Stunden zu neuem Leben.
2382 3120 2910 3185 unheimlich ... Und dort
758 3144 1267 3197 Doch nicht alle Menschen
2387 3165 2896 3230 liegt der Teich ... Der
760 3192 1275 3248 sind von diesem Schlage.
2383 3199 2909 3291 ist gar tief und zieht weite,
757 3237 1272 3294 Vielleicht nur wenige.
2381 3262 2899 3331 weite Kreise .... Und
748 3280 1276 3340 Die aber verstehen den
2382 3304 2907 3376 dort liegt die graue,
751 3339 1263 3395 Dichter voll und ganz.
2392 3345 2907 3432 große, trostlose Einöde
750 3376 1279 3443 Die erleben das, was
2395 3400 2815 3484 der Verlassenheit ..
764 3433 1280 3497 seine Menschen erlebt
767 3476 1284 3531 haben. Die verstehen,
1562 3489 2104 3582 Arthur Schnitzler.
2465 3491 2903 3571 Das sind Stimmun¬
764 3528 1284 3583 wohin diese „einsamen
2387 3550 2899 3628 gen, wie sie Schnitzler in
757 3568 1282 3634 Wege“ die abseits von
758 3588 2904 3674 der großen Heeresstraße liegen, führen. Vielleicht sind uns auslöst. Stimmungen und Gedanken, Visionen,
756 3665 2225 3739 sie ihnen schon im Leben begegnet und ausgewichen, Ausblicke, Welten.
1899 3718 2904 3772 Und in eine solche Welt der Vereinsamung führt
870 3723 1859 3795 *) „Der einsame Weg“. Schauspiel in fünf Akten
765 3759 2910 3835 von Arthur Schnitzler. Berlin 1904. Verlag von S. Fischer. auch der Weg Julian Fichtners, des Helden in Schnitzlers
569 4006 928 4220 #anten
