3484 4352
1090 340 1182 400 W
935 350 986 400 I
283 337 1282 419 18 Dee
734 900 1192 992 Ausschnitt aus
639 1181 1381 1288 Tägliche Rundschau, Berte
778 1427 1135 1520 74 FEB. 1904
659 1513 1344 1601 —Aus dem Kunstleben.
785 1585 1285 1660 Deutsches Theater.
533 1623 1490 1725 Arthur Schnitzler: „Der einsame Uleg“.
722 1688 1322 1760 Schauspiel in 5 Akten.
534 1745 1560 1807 Es ist ein herbstliches Werk, das Schnitzler in
488 1776 1557 1849 seinem neuesten Drama vorlegt, eine müde, resignierte
489 1826 1558 1886 Schöpfung, die von Vergehen und Welken redet, vom
497 1884 1567 1937 Fallen der Blätter, vom Schwinden letzter Illusionen.
497 1907 1560 1983 Wie die Zeichnung eines müden, abgedankten Ge¬
498 1953 1564 2017 schlechtes, das nicht mehr glauben kann, liegi
497 2006 1556 2055 es über den Szenen, die langsam, allzu langsam verfließen.
499 2041 1569 2103 Es sind schwanke, körperlich oder geistig zernagte Naturen,
488 2093 1563 2158 die in diesem Stück begegnen. Menschen der Skeptik, die
486 2135 1562 2205 sich im Sehnen verzehrten, ohne zum Vollbringen zu ge¬
500 2167 1570 2243 langen, die alles in der Welt erjagen („sich ausleben")
497 2214 1565 2276 wollten und dafür das einzig Mögliche verpaßten,
495 2278 1570 2327 das zu erreichen ihnen vielleicht vergönnt war:
490 2325 1565 2372 ein kleines Glück, eine bescheidene Tat, die, bereit, herbei¬
504 2354 1575 2424 zueilen, schon an ihrer Schwelle kauerten. Am Ende stehen
491 2396 1570 2447 nur die einfacheren Menschen mit einem Schatten dessen da,
503 2433 1573 2508 was man „Wohlergehen auf Erden“ nennen könnte. Die
506 2491 1562 2540 „Eroberer“, die Genialischen scheiden mit leeren Händen gleich
494 2523 1571 2580 den bankerotten Spielern aus dem Stücke. Sie stehen im Bewußt¬
508 2568 1575 2638 sein ihrer geistigen überlegenheit, aber auch im Bewußtsein ihrer
502 2610 1576 2666 menschlich= persönlichen Niederlage. Wie eine neue, immer
495 2653 1569 2710 wieder zu erlebende, wehmütige Erkenntnis senkt sich
497 2696 1569 2769 die alte Einsicht auf sie herab, daß man,
608 2745 1570 2807 etwas zu erringen, das wirklich verdiente, ein
493 2755 602 2810 um
623 2792 1578 2844 des Lebens genannt zu werden, sich selbst
638 2830 1588 2900 einen Teil seines eigensten Wesens mit
512 2852 630 2903 oder
496 2873 1584 2946 letzter Hingebung, schrankenlos, bedingungslos eingesetzt
853 2916 1576 2978 Fünf lockere Gespräche sind diese fünf
501 2935 854 2994 haben müsse...
513 2965 1578 3031 Akte, über die wir noch am Montag zu reden haben
501 3017 1574 3066 werden, oft sehr fein, nicht selten aber auch allzu breit
503 3056 1583 3113 ausgesponnen, allzu sorglos gleichgültige Dinge und
506 3096 1584 3169 belangloses Geplauder dem vorwärtstrachtenden Taten¬
508 3146 1574 3217 drange der Bühne zumutend. Die Aufnahme war
519 3181 1588 3248 im ganzen kühl. Nach dem vierten Aufzuge stellte
510 3219 1587 3290 sich stärkeres Zischen ein; nach dem fünften
506 3268 1571 3330 überwand die Achtung vor einem feinen Kopfe das all¬
511 3311 1582 3383 gemeinere Unbehagen über einen „unbefriedigenden“. Aus¬
522 3357 1581 3432 gang und einen allerdings höchst mangelhaft begründeten
518 3401 1599 3478 Selbstmord. — Unter den Darstellern sind vor allem
526 3449 1591 3510 Herr Rittner und Herr Bassermann hervor¬
526 3493 1585 3559 zuheben. Herr Rittner, der Enttäuschte mit einem
516 3548 1589 3634 Rest von Glauben, unglücklich, weil er wähnt, daß
1458 3593 1590 3653 Herr
519 3606 1462 3678 er hätte glücklich sein anen, wenn ...
527 3640 1599 3703 Bassermann, der völli „illusionierte" Skeptiker, von
522 3693 1606 3754 einer glänzenden weltmänn en Sicherheit, von einem ganz
530 3736 1603 3795 großen Schnitt der überlegenen Wurstigkeit, die alles hinter
537 3774 1589 3849 sich hat. Else Lehmann gab ein wundervolles, spontanes
534 3811 1606 3890 Künstlerintemperament, Frau Pauly und Frl. Triesch, Herr
536 3870 1603 3933 Sauer, vor allem auch Herr Stieler machten ein
530 3905 1607 3991 fein abgestimmtes Ensemble. Nur der lange Arzt dürfte
539 3948 1613 4017 an einem Theater, wie dem Deutschen, nie so, wie gestern,
1229 3993 1622 4067 Paul Mahn.
536 4011 771 4070 besetzt sein.
1431 330 1879 417 box 23/1
2309 541 2820 605 eigene Korrespondenten.
2599 590 3016 666 Telephon: III, 3051.
2113 601 2480 668 Berlin N. 24.
2347 709 2803 786 Ausschnitt aus
2120 1032 2918 1134 berüner Neueste Nächfichten
2384 1207 2749 1308 44 FEB.3894
2180 1290 2908 1402 Theater und Musik
1928 1360 2030 1425 1
2296 1382 2838 1456 (Siehe auch erste Beilage.)
2104 1417 3180 1483 Deutsches Theater. Zum 1. Male: „Der einsame
1950 1479 3183 1543 [Weg“, Schauspiel in 5 Akten von Arthur Schnitzler.
2048 1518 3185 1576 Mir ist, als hätte ich nie so stark den Dichter als Lebens¬
1960 1558 3184 1601 deuter in Schnitzler verspürt, als den Deuter unseres eigensten
1952 1601 3183 1651 Lebens und Wesens. Was, laut und leise, aus seinem neuen
1967 1629 3183 1683 Schauspiel „Der einsame Weg“ hervortönt, es ist die Sprache
1950 1670 3180 1721 von uns allen und unserem Gewissen, mit dem wir auf langer
1957 1709 3189 1764 Wanderung einig geworden sind, ohne ihm sein Uebergewicht neh¬
1953 1751 2506 1805 men zu können. Wir alle
1960 1747 3195 1842 Menschen im „Einsamen Weg“ ahr lehren Schnitzlers
2663 1788 3193 1842 sind Einsamkeitsmenschen.
1957 1836 3196 1875 Wie wäre es sonst möglich, daß wir Dinge in uns verschlössen und
1948 1862 3190 1908 Geheimnisse mit uns trügen, während uns unsere Nächsten und
1959 1901 3184 1962 Liebsten zu kennen meinen. „Und wenn uns ein Zug von
1949 1937 3191 1990 Bacchanten begleitet — den Weg hinab gehen wir alle allem...
1961 1983 3181 2034 wir, die selbst niemandem gehört haben. Und von einem Zwei¬
1959 2008 3192 2080 #ten sprechen sie: von der Sehnsucht, die uns nicht läßt, die wahr
1974 2050 3194 2113 ist oder falsch ist und doch die Sehnsucht bleibt, die Sehnsucht in
1968 2099 3194 2155 die weite Welt, die rätselhaften Fernen. Darin liegt ein Heimat¬
1968 2135 3179 2187 loses, und wer die Heimat verlor — und ginge er nicht einen
1963 2185 3187 2226 Schritt weit von der väterlichen Scholle — der geht einen eins
1975 2217 3187 2265 samen Weg. Und aus diesem wiederum resultiert ein drittes:
1966 2249 3182 2293 Das Gefühl der Zugehörigkeit, für uns Zufallsgeschöpfe. Nicht
1963 2285 3199 2346 wer uns in die Welt gesetzt — wer uns zum Menschen erzogen
1963 2328 2891 2375 und uns das Leben erschlossen, ist unser Vater.
2061 2351 3188 2419 Gabriele, die Gattin des Wiener Akademiedirektors Weg¬
1964 2404 3196 2460 rath, kommt zum Sterben. Mit ihr erlischt das Licht, das den
1971 2441 3191 2507 Familienkreis erhellt hat, und die Wege der einzelnen gehen weit
1973 2504 3198 2541 auseinander, ins Leben, in den Tod, immer aber in die Einsam¬
2631 2518 3203 2568 Sie ist wohl den einsamsten
1976 2526 2633 2582 keit. Und Frau Gabriele selbst?
1968 2557 3195 2608 Weg gegangen, aus einer Enttäuschung heraus, der sie das Kind¬
1975 2588 3194 2652 dankt, von dem ihr Gatte glaubt, es sei sein ältestes. Doppelt.
1966 2646 3191 2702 einsam, weil sie dem, der ihr Gatte ward, nicht die Illusionen
1968 2675 3192 2721 nehmen wollte, an denen sein schlichter Lebensinhalt hing. Ihre
1968 2711 3185 2756 Buße war ihr Schweigen. Und die Buße des Jugendgeliebten,
1976 2758 3182 2807 der einst, in letzter Stunde, geflohen war, weil ihn die Sehnsucht
1969 2794 3189 2842 nach den rätselhaften Fernen, der Freiheit und Unge¬
2211 2829 3192 2886 unwiderstehlich lockte, wird das einsame
1963 2837 2199 2891 bundenheit
2281 2858 3207 2930 das ehrliche Beharren des Sohnes
1975 2877 2249 2933 Alter und
1970 2902 3187 2962 bei dem Manne, der ein Menschenalter hindurch die
1977 2950 3182 2997 Pflichten des Vaters erfüllte; bei dem Manne, der durch die
1969 2983 3184 3040 heimatlose Liebe eines Dritten seine Tochter verliert, die auch
1967 3030 3181 3072 ihren Weg gegangen ist, auf dem es keinen Rater gibt als die
1970 3067 3181 3125 Stimme, die in uns ist, wenn wir am einsamsten sind. Der ein¬
1968 3097 3186 3158 same Weg — der Weg der Liebe. Handelnd oder duldend. Das
1979 3140 3184 3188 ist wie eine schmerzliche Ironie. Nicht der Stimme des ererbten.
1963 3183 3189 3240 Blutes folgen wir, wir folgen der Stimme unseres individuelten
1951 3222 3185 3280 Blutes. Und wissen nicht, was wir tun . . So ist das Leben. —
2052 3252 3187 3307 Kein Drama, was uns Schnitzler bietet. Nichts davon.
1957 3288 3189 3348 Eine Novelle. Eine Elegie. Und dennoch übt sie von der
1974 3335 3186 3384 Bühne herab einen so eigentümlichen Zauber aus, weil die Wahr¬
1974 3361 3197 3424 heit in ihr zu einem plastischen Gebilde wird und das Antlitz von
1977 3415 3191 3462 Menschen trägt. Nicht die Wahrheit überhaupt. Wer wollte die
1975 3459 3192 3501 ergründen? Aber eine Wahrheit; die nicht minder groß ist,
1963 3484 3187 3544 weil sie nur einen Teil darstellt. An solch eine stille und tiefe
1974 3531 3182 3577 Dichterschöpsung soll man nicht mit dem kühlen Blick des For¬
1976 3561 3189 3628 schers, an sie soll man mit der lauschenden Seele des Mit= und
1977 3607 3191 3655 Nachempfindenden herantreten. Ob ein Strich zu viel, ob einer zu
1972 3647 3193 3704 wenig geschehen ist, ob eine Parallele nicht die Konsequenz des
1982 3692 3199 3746 Dramas rein unterstützt, was kümmert es hier viel. Wie der Traum
1972 3719 3191 3787 eines Herbstabends ist es, jener klaren und darum um so stim¬
1980 3734 3205 3808 mungsschwereren Abende, an denen alle Horizonte sich zu weiten
1985 3795 3192 3861 scheinen, die inneren und die äußeren, und wir empfinden ein
1979 3844 2836 3885 Erschauern vor der enteilenden Gegenwart. —
2060 3853 3182 3935 Die herbe Luft war nichts für die „kompakte Majorität“
2969 3907 3190 3960 wollte es
1957 3920 2971 3966 Unberechenbar wie das Premierenpublikum ist,
1978 3941 3211 4008 keinen Dichter, es wollte heute einen Theatraliker. Die feinen
1981 4000 3190 4051 seelischen Fäden, die wie ein Herbstgespinnst hin und her
1977 4023 3194 4084 webten, sah es nicht, oder wollte sie nicht sehen und
1981 4064 3187 4122 noch weniger verstehen. In den nicht allzu starken Applaus
1972 4084 3200 4172 klang übellauniges, scharfes Zischen. Eine Anzahl Damen des
1989 4156 3200 4211 ersten Ranges platzten mehrfach in amüsiertestes Gelächter aus.
1980 4185 2721 4239 Auch Böotien hatte seinen Damenflor
2213 4225 2277 4265 r
2308 4191 3273 4264 llung hätte ein otwas stärkeres Rückaraf ber¬ ###
