3436 4256
1410 229 1861 348 box 23/1
243 302 1262 376 18. Der einsane Neg
479 1220 1316 1346 Dr. Max Goldschmidt
663 1333 1182 1427 . Bureau für
638 1406 1173 1510 Zeitungsausschnitte
393 1451 1410 1556 verbunden mit direktem Nachrichtendienst durch
638 1526 1170 1613 eisene Korrespondenten.
934 1570 1366 1647 Telephon: IlI, 3051.
457 1602 837 1685 Berlin N. 24.
679 1701 1144 1803 Ausschnitt aus
605 1795 1237 1946 Der Reichsbote, Berlin
806 2028 1081 2115 16. 2. 54
1517 2147 1633 2218 —
1432 2173 3303 2266 selbstquälerisch und hoffnungslos, wie die Sie liebt nämlich einen reichen Witwer Stephansi
2039 2206 3297 2274 dumpfen und von Sala, einen angeblich verkannten Dichter, der
1440 2241 2054 2301 grau in grau gemalten,
2361 2244 3352 2315 uns drei Akte hindurch von seiner Beteiligung an vor
672 2248 1286 2337 —Theater und Musik.
1448 2259 2363 2340 resignierenden Altersstücke des nordischen Dich¬
2355 2289 3277 2358 einer astatischen Forschungsreise etwas vorfabelt
1448 2321 2366 2377 ters. Dieser Stil liegt der sinnenfreudigen,
2362 2326 3288 2390 und nach einander erst Felix, dann Johanna
589 2308 1463 2391 Alf. A. Das Deutsche Theater bringt seit
1460 2349 2368 2419 genußfrohen Muse des Wiener Poeten absolut
2361 2345 3272 2421 einladet, an dieser Expedition teil zu nehmen. Beide
530 2370 1456 2445 Sonnabend Arthur Schnitzlers neuestes Bühnen¬
1450 2386 2372 2452 nicht, und so hat seine Nachahmung Ibsenscher
2369 2398 3284 2465 sagen zu, aber der reiche Mann, der Johannas Vater
533 2410 1459 2465 werk, das fünfaktige Schausviel „Der einsame
1451 2424 2365 2492 Weltmüdigkeit etwas Erzwungenes. Hoffentlich
2371 2447 3280 2501 sein könnte, hat ein Herzleiden, und der Arzt läßt
527 2449 1450 2525 Weg“, zur Aufführung. Die Aufnahme des Stückes
1457 2447 2375 2520 kommt auch der Dichter selbst noch zu dieser Er¬
2373 2477 3277 2542 keinen Zweifel darüber, daß Salas Tage gezählt
538 2482 1463 2556 soll in der eigentlichen Première keineswegs glän¬
1454 2500 2369 2561 kenntnis, sonst könnte sich die Marschroute seiner
2361 2521 3286 2580 sind. Da stürzt sich Johanna verzweifelnd in den
530 2522 1463 2589 zend gewesen sein und nur nach dem zweiten und
1465 2545 2367 2608 Bühnenlaufbahn weiterhin gar bald von selbst von
541 2563 1457 2628 dritten Akt in lebhafterem Beifall bestanden haben.
1457 2564 3282 2637 einem sehr einsamen Weg befinden. Das Stück] Parkteich und ihr künftiger Gatte folgt ihr verzweifelnd
2369 2599 3284 2653 nach in den Tod. So ist es auch um den Akademie¬
541 2602 1463 2683 Die Wiederholung am Sonntag, der wir erst bei¬
1457 2608 2379 2677 hat diesen Namen von der Vereinsamung, der im
2371 2642 3276 2701 direktor einsam geworden. Sein einziges Kind ist dahin,
544 2641 1455 2707 wohnen konnten, verlief weit ruhiger und führte
1456 2657 2367 2718 Rahmen seiner Handlung zwei Väter anheimfallen.
2380 2678 3288 2736 und der ihm verbleibende Felix ja nicht sein Sohn.
536 2681 1469 2756 keineswegs zu Oppositionskundgebungen, aber auch
1467 2697 2376 2758 Beide sind Maler. Der eine, ein Prof. Wegrath,
2372 2721 3286 2775 Diese Nehenhandlung drängt sich bald so in den
543 2708 1472 2788 nicht zu besonders leblaften Aeußerungen des Bei¬
1462 2736 2384 2806 hat es zum Akademiedirektor gebracht, der andere,
2831 2752 3289 2819 am Schluß dominiert.
2375 2767 2770 2825 Vordergrund, daß
536 2757 1469 2827 falls. Es war eben kein Premièrenpublikum da,
1463 2759 2382 2841 ein Maler Julian Fichtner, ist ein verbummeltes
2371 2785 3307 2861 Außer ihr durchkreuzt aber noch eine breit
550 2793 1462 2867 und das Publkum der Wiederholungen pflegt nur
1464 2812 2383 2870 Genie geworden, das einige Jahre sogar als ver¬
2374 2823 3300 2890 angelegte Evisodenfigur das Ganze. Es ist die ehe¬
537 2839 1466 2924 dann zu klatschen, wenn ihm eine Sache wirklich
1460 2845 2375 2915 schollen galt. Nun kehrt er plötzlich von seinen
3268 2867 3326 2924 r
2375 2869 3290 2940 malige Schauspielerin Irene Herms, die ebenfalls
542 2871 1464 2951 gefällt, es ist gewissermaßen unparteiischer und un¬
1476 2888 2388 2955 Reisen zurück und die Vergangenheit steht wieder!
3279 2879 3373 2958 der
2382 2907 3291 2964 mit Fichtner in jungen Jahren lustige Tage verlebt
549 2908 1464 2982 bestechlicher. Wenn sich Beifall regte, so galt er
1467 2927 2385 2992 vor ihm auf. Er hat nämlich vor Jahren mit
2385 2934 3287 3010 hat, bis er sie dann verstieß und sich späterhin wieder
553 2955 1464 3016 gestern in erster Linie der ausgezeichneten, wieder
1475 2967 2390 3026 Gabriele, der Frau des Akademiedirektors, ein
2389 2992 3294 3043 mit ihr aussöhnte. Sie geht wenigstens als einzige
546 2994 1469 3059 einmal bis in alle Einzelheiien hinein fein abge¬
1467 3004 2379 3076 Liedesverhältnis gehabt, als diese schon die Braut
2377 3015 3296 3090 Frohnatur mit einer gewissen burschikosen Frische
557 3019 1469 3097 tönten Darstellung. Was diese anlangt so hätte
1480 3030 2391 3111 seines Jugendfreundes war, und diesem Bunde ist
2384 3051 3303 3132 und Lebensenergie durch das Stück und ver¬
554 3060 1476 3137 der Beifall ganz gut eine Nuance wärmer sein
1483 3077 2385 3144 ein Sohn entsprossen, den der Direktor aber arglos
2384 3095 3296 3158 breitet so mit ihrem Humor einiges Licht
550 3098 1469 3175 können, aber das Stück selbst setzte eben zu wenig
1477 3118 2379 3178 für seinen Sohn hält. Die Frau ist inzwischen ge¬
2390 3133 3307 3200 in der dumpfen Atmosphäre, in der alle
553 3119 1483 3221 in Begeisterung und ermüdete mit seiner Breite
1469 3158 2387 3217 storben und Fichtner findet nun bei seiner Rückkehr
2386 3166 3301 3239 diese wehleidigen, halb gebrochenen Menschen dahin¬
558 3166 1481 3245 und der umständlichen Behandlung sehr einfacher
1476 3183 2384 3255 nur den herangewachsenen Sohn als stattlichen
2386 3217 3294 3279 leben. So kann das Stück als Ganzes nicht be¬
548 3218 1481 3307 Dinge nach und nach derart, daß sich die allgemeine
1482 3233 2387 3300 Leutnant vor. Da ihn das nabende Alter seine
2378 3254 3300 3308 friedigen. Nur einige Einzelheiten und psychologische
569 3257 1481 3330 Abspannung schließlich auch auf die Freude an
1476 3273 2399 3336 wachsende Vereinsamung doppelt fühlen läßt, klammert
2382 3287 3300 3353 Feinheiten verraten die Hand eines gereiften Dichters.
564 3304 1476 3375 der guten Leistung der Darsteller übertrug.
1476 3303 2398 3371 er sich nun an die Hoffnung, seinen Sohn Felix für
2391 3333 3303 3397 Die Dialogführung scheimi Ibsen noch übertrumpfen
553 3332 1477 3410 Allem Anschein nach haben sich dem Dichter im
1487 3347 2388 3416 sich zu gewinnen und über seine Herkunft aufzuklären.
2390 3359 3305 3433 zu wollen und kokettiert förmlich mit der von dem
555 3372 1481 3456 Verlauf der Arbeit die Fäden verschiedener Stoffe
1490 3388 2391 3457 Zwei Drittel des Dramas drehen sich um diese
2397 3415 3299 3469 Norweger zur Virtuosität ausgebildeten Kunst, ge¬
570 3419 1478 3483 durcheinander gewirrt, denn tatsächlich wächst gegen
1483 3428 2391 3494 heimliche Vaterschaft und ihre Preisgabe an den
2393 3445 3301 3512 heimnisvoll und lakonisch um eine Sache herum¬
565 3450 1484 3525 den Schluß hin ein ursprünglich nur als Evisode
1489 3461 2391 3527 Sohn. Aber der Vater erreicht nicht sein Ziel.
2383 3483 3302 3555 zusprechen und die einfachsten Dinge mit einem
560 3489 1482 3571 auftretendes Motiv der Hauptgeschichte vollständig
1480 3510 2392 3562 Felix erklärt offen, sich durch diese Beichte seinem
2387 3520 3288 3588 Nimbus von Tiefsinn zu umgeben, hinter dem schließ¬
570 3532 1489 3598 über den Kopf. Dazu ist die ganze Handlung so
3290 3568 3396 3617 Op
573 3542 2399 3641 ausgetiftelt und erkünstelt, daß das Schauspiel selbst! Vater gegenüber nur noch fremder zu fühlen, und
2385 3565 3304 3628 lich nichts steckt als leeres Getur. Zweifellos ist es
1488 3573 2397 3654 so muß dieser den einsamen Weg des Alteis nun
2396 3607 3390 3664 auch ein kompositorischer Fehler, daß in der eigentlichen# ein
574 3603 1496 3678 mehr als irgend ein früheres Werk Schnitzlers den
1487 3617 2388 3682 allein gehen, so sehi dem Genußmenschen von ehe¬
3285 3641 3381 3696 bes
2388 3641 3310 3703 Hauptszene des Stückes, der Erkennungsszene
572 3618 1491 3715 Eindruck kalt klügelnder Verstandesarbeit macht.
1492 3660 2390 3723 dem, den jetzt alle Genüsse meiden, davor graut.
2398 3670 3389 3745 zwischen Vater und Sohn, das Aufklärungsverfahren trif
573 3666 1499 3764 Schnitzler ist mit seinem „Einsamen Weg“ auf die
569 3732 2405 3773 Pfade des späteren Ibsen geraten, und so gibt sich Der andre Vater, der Akademiedirektor, verliert zwar
586 3783 3393 3837 (ein Stück so greisenhaft und lebensmüde, so nicht den Sohn, aber dafür seine Tochter Johanna. nicht vom Vater, sondern vom Sohn eingeleitet und feng
