3436 4256
1409 266 1857 349 box 23/1
245 286 1276 383 18. Der einsane Neg
824 555 1679 684 Dr. Max Goldschmidt
976 664 1572 757 „ „ Bureau für
979 736 1521 825 Zeitungsausschnitte
731 779 1746 875 verbunden mit direktem Nachrichtendienst durch
987 860 1528 932 eigene Korrespondenten.
1273 897 1704 985 Telephon: III, 3051.
785 916 1156 991 Berlin N. 24.
795 963 1756 1037 —
1019 1027 1499 1112 Ausschnitt aus
1065 1142 1567 1279 Germanis Berim
1096 1469 1349 1556 46. 2.
1838 1631 3013 1715 Jugendsünde und den Betrug, den ssie gegen ihren
866 1657 1735 1761 Aus Kunst und Wissenschaft.
1841 1689 3009 1754 Mann durch ein ganzes Leben verübt, gestanden.
698 1717 881 1814 S
1385 1725 1829 1804 Berlin, 15. Fehruar.
1852 1724 3014 1804 Und er gesteht demgegenüber, daß auch er gar
1872 1787 2963 1846 zu gern ein Rous sein möchte, und daß
793 1767 1867 1859 „Der einsame Weg“. Schauspiel in 5 Akten von
1873 1807 3032 1880 nur deshalb ein anständiger Mensch zu bleiben verurteilt sei,
722 1834 1862 1909 Arthur Schnitzler. Erstaufführung im Deutschen Theater
1858 1871 3023 1936 weil ihm das Temperament dazu fehle, den Verführungs¬
719 1891 1092 1949 am 13. Februar.
1866 1910 2240 1979 künstler zu spielen.
767 1906 1872 1987 Manche Berliner Blätter sprechen von einem vollen, andere
1896 1941 3019 2016 Alle diese Leute wandeln ihren „einsamen Weg“. Jeder
722 1962 1876 2051 von einem Achtungserfolg. Achtung vor dem in tiefster Un¬
1876 1989 3024 2055 hat seine Tragödie für sich und jeder spielt sein
726 2001 1868 2078 sittlichkeit watenden Wiener Pornographen — das gehört ja
1879 2034 3024 2101 Theaterstück für sich, dergestalt, daß man den Ein¬
722 2058 1871 2114 mit zum guten Ton! Ich für mein Teil habe dem Herrn
1867 2089 3021 2147 druck, gewinnt, ein Jeder sei Mittelpunkt der Handlung, so¬
728 2097 1871 2152 Schnitzler den Durchfall von Herzen gegönnt. Wenn sich nach
1882 2112 3025 2184 bald er die Bühne betritt. Da sich nun aus jedem
727 2140 1866 2211 dem ersten Aktkeine Handrührte, wenn nach dem zweiten und dritten
1880 2171 3025 2227 dieser Schicksale ein Stück hätte schreiben lassen, so reden ge¬
737 2186 1873 2247 Akt die Claque trotz aller Anstrengungen nur je einen ein¬
1885 2211 3013 2273 wisse Kritiker von dem „ungeheuren Reichtum“ des Verfassers,
729 2226 1877 2293 maligen Heivorruf zustande brachte, wenn am Schluß des
1882 2253 3016 2311 während sich doch gerade darin seine Impotenz offenbart. Nicht
727 2267 1881 2329 vierten Aktes das Publikum direkt in die Bühne hineinlachte:
742 2303 3017 2383 dann nenne ich das einen Durchfall. Der „Achtungserfolg“ fähig, eine einzelne dieser neben einander gehenden dramatischen
742 2341 3023 2424 besteht lediglich in der Phantasie einer gewissens Presse, Skizzen zu einem wirklichen Drama auszubauen, immer,
1877 2397 3028 2444 weil ohne Kraft der Phantasie, in den ersten Anläufen
736 2384 1882 2468 die von dem „einsamen Weg“ als von dem „reifsten Werke
2817 2430 3029 2481 sie an
1866 2420 2821 2493 stecken bleibend klebt und kleisiert er
734 2435 1341 2529 dieses reichen Dichters“ orakelt.
775 2466 3030 2530 In dem Stück wird die nachgerade literarisch zu Tode ge= einander und macht daraus ein Einziges — aus einem halben?
1875 2513 3023 2576 Dutzend Stücken ein Stück, das natürlich Stückwerk bleiben
735 2526 1883 2590 hetzte Theorie des „Sichauslebens“ bis zum Ueberdruß breit
1878 2554 3026 2620 muß. Das ist die Folge des Fabrizirens so vieler Einakter,
763 2576 1880 2646 etreten. Sie findet zwar schließlich in der Schilderung des
1879 2608 3013 2661 das Schnitzler seit langer Zeit mit Virtuosität betreibt. Im
733 2614 1889 2689 Lebensbank rotts der vorgeführten Uebermenschen ihre Ver¬
1882 2645 3001 2714 Grunde genommen könnte jede Figur seines neuesten Dramc
740 2663 1876 2739 urteilung. Aber das kann durchaus nicht versöhnend wirken
1878 2694 2859 2767 für sich den Mittelpunkt für einen Einakter abgeben.
738 2702 1883 2766 angesichts der Behaglichkeit, mit der der Verfasser in den
1905 2718 3039 2790 Doch schon zu eingehend beschäftige ich mich mit einem
745 2745 1888 2820 sumpfigen Niederungen sittlicher Vorurteilslosigkeit — der
1874 2779 3034 2849 Machwerk, über das man kein Wort zu verlieren brauchte,
733 2788 1730 2867 Ausdruck ist noch viel zu milde! — herumplätschert.
1892 2807 3043 2883 wenn es nicht durch eine allzu gefällige Elique mit aller Macht in
787 2838 1889 2894 Ein „genialer“ Künstler, Fichtner, ein Don Juan moderner
739 2856 3031 2945 Sorte, verführt die Braut seines Busenfreundes, Professor den „literarischen“ Vordergrund geschoben würde. An der Aufführung
746 2947 3036 2993 Wegrath, der später ihr Gatte wird. Sein natürlicher Sohn, beteiligten sich die ersten Kräfte des Deutschen Theaters, die überhaupt
750 2985 3046 3028 der offiziell der Sohn des Freundes ist, wendet sich von ihm zug den ersten Kräften der deutschen Bühnenwelt gehören:
753 2986 3040 3087 ab, nachdem er seine wirkliche Herkunft erfahren. Der „geniale“[Rudolf Rittner, Albert Bassermann, Else Lehmann,
754 3081 3024 3115 Künstler, der sein Leben in wüsten Orgien verbummelt hat, Irene Triesch, Oskar Sauer, und zu ihnen gesellte sich
751 3063 3057 3169 ist enttäuscht, denn er hoffte den Sohn für sich der junge. talentvolle Curt Stieler. Das Großartigste bot
843 3128 3056 3209 gewinnen und so aus einem verfehlten Leben aber doch Bassermann, der in dem Schriftsteller Sala eine#
751 3187 3055 3247 wenigstens die Liebe eines Kindes zu retten. Daneben steht Figur von unvergleichlicher charakteristischer Eigenart und Kraft
2672 3212 3063 3290 Paul Lerch
749 3238 2341 3296 Stephan von Sala, ein „Dichter“, gleichfalls ein alter Sünder,  gui die-Bretter stellte.
754 3273 1914 3330 der aber ein kühl berechnender Egoist und Skeptiker ist. Aus
758 3313 1915 3382 dieser geht zu Grunde, nachdem ein junges Mädchen, dies
744 3363 1909 3429 Tochter des von dem „Genialen“ betrogenen Professor Weg¬
1756 3388 1917 3463 Herr
759 3405 1774 3478 rath, sich an ihn gehängt und aus Gründen, die
1577 3444 1768 3501 beliebt,
1804 3437 1915 3503 sich
761 3451 1576 3519 Schnitzler im Unklaren zu lassen
1823 3489 1915 3550 ist
1588 3487 1790 3547 Mädchen
1393 3488 1573 3546 Dieses
1360 3487 1418 3535 5
871 3479 1372 3560 Teich ertränkt hat.
757 3497 870 3557 im
763 3508 1917 3605 nebenbei Anhängerin der Seelenwanderungstheorie, alßer¬
752 3569 1909 3635 dem ist sie Hellseherin und leidet an Halluzinationen. Inhiese
752 3617 1923 3681 traurige Gesellschaft bringt sogenannte Frische eine ##nst
761 3653 1921 3725 berühmt gewesene Schauspielerin a. D., die sich sowohl In
753 3692 1915 3772 Fichtner, als auch von zahlreichen anderen Männern vor und
766 3747 1920 3816 nach ihm hat mißbrauchen lassen. Dies erzählt sie mit lachen¬
760 3791 1908 3850 dem Munde dem gelangweilten Publikum und ver¬
765 3837 1908 3900 kündet zu gleicher Zeit ihren einzigen Schmerz, der
753 3878 1898 3958 darin besteht, daß sie nicht aus ihren „Verhältnissen“
766 3919 1914 3987 wenigstens ein Kind gerettet hat, da sie gern auch noch das
755 3965 1909 4051 Mutterglück genossen hätte. Der Kritiker des Berl. Tagebl.
757 4011 1898 4082 nennt sie „eine Frau mit dem Scheine der Verderbtheit“.
766 4028 1912 4121 in Wahrheit also nach seiner Meinung ungeheuer moralisch!
761 4094 1927 4162 Richt vergessen sei noch ein Arzt, der Hausfreund in der
771 4155 1916 4210 Familie Wegrath ist. Diesem hat die Frau des Professors ihre
