3436 4320
750 109 1640 155 Explosion mit brennenden Kleidern
2529 105 2758 175 Kar 1elle
1645 111 1962 178 besser verdient.
759 140 1652 198 auf die Straße, wo ihnen Passanten
1724 128 2541 211 Der Herr von Sala war vielleicht der erste
747 189 1645 244 Hilfe leisteten. Das Warenlager und
1648 178 2531 241 bedeutende Eindruck, den die Wiener von
2542 177 2772 251 morgen da
749 228 1644 285 die Geschäftseinrichtung sind zum größtenteil
1648 238 2531 292 Albert Bassermann empfangen haben.
2542 234 2764 292 Leiter“
746 273 978 333 verbrannt.
1646 281 2527 324 Er kam damals mit der Truppe Brahms aus
2543 278 2768 343 Gavault a
874 303 1639 373 Einbrüche. In der Nacht zum 15. d. wurde
1647 322 2540 377 Berlin hieher und bezwang uns schon durch
752 354 1647 400 im Postamt Aspangbahnhof ein Einbnuch
1656 363 2523 411 die Kunst seiner Sprache und die Anmut
2542 351 2756 429 Bünde
760 389 1642 432 verübt, bei dem die Täter etwa 400 rekommandierte
1659 409 2526 464 seiner Geste. Sein Wort war voll Kraft, oh¬
2534 416 2766 469 wird, wer
750 424 1648 486 Briefe geöffnet, den Inhalt untersucht und, so weit
1652 448 2538 501 gleich es, wie von einer leichten Feder ge¬
764 457 1647 502 er zu verwerten war mitgenommen haben. Aus einem
2542 454 2772 512 Gruppen 1
764 489 1641 534 Briefe entwendeten sie eine Note zu 20 Dollar, einem
1654 492 2533 546 trieben, emporschnellte. Diese Sprache war
2542 500 2777 559 Anzahl en
753 522 1641 569 anderen Briefe entnahmen sie einen Scheck der Filiale
1655 526 2541 581 norddeutsch, obgleich ein österreichischer Offizier
2545 542 2772 600 für die L
760 555 1646 607 Innsbruck der Zentralbank der Deutschen Sparkassen
1653 578 2537 627 sie sprechen sollte. Aber das vergaß man voll¬
2546 578 2775 642 und III n
748 592 1641 635 an die Firma Szalay, III., Mohsgasse 30, auf 780 S.
1659 616 2536 673 ständig! Und so wie vor zwanzig Jahren
795 619 1650 668 — Gestern nacht haben unbekannte Täter in dem
2538 625 2767 682 Sitze wird
756 664 1647 710 Heurigenschank der Mizzi Siegl in der Sandgasse 8
1660 659 2766 710 ergeht es uns auch jetzt. Man gibt sich diesem erfolgen, #
750 697 1645 740 einen Einbruch verübt, bei dem sie Tischtücher, zwei
1651 702 2537 763 Schnitzlerschen Helden gefangen, obwohl er so
2535 709 2760 777 werden w#
750 726 1601 787 Violinen, Ziehharmonika und Gitarre erbeuteten.
1656 741 2286 817 wenig von dessen Schöpfer hat.
2668 762 2753 821 I
877 765 1648 822 *Tot aufgefunden. Im Hause II., Tabor¬
1738 785 2536 860 Die übrige Darstellung war nicht gerade
755 799 1653 857 straße 73, wurde gestern der 29jährige Hutmacher¬
2546 799 2768 862 Dienstag
1653 815 2541 886 ein bedeutendes Ereignis. Der einheitliche
754 839 1647 888 gehilfe Wolf Rosenblatt bewußtlos aufgefunden.
2550 849 2756 910 Escamillo
765 876 1649 914 Die Rettungsgesellschaft konnte nur mehr den Eintritt
1658 876 2539 926 Stil fehlte ihr völlig. Herrn Feldhammer
2542 891 2752 946 singt Fre
765 905 1646 946 des Todes feststellen. Rosenblatt, der an epileptischen
1654 913 2538 970 den Fichtner zu geben, war nicht klug. Warum
2550 920 2765 1004 Rittershei
768 943 1645 993 Anfällen litt, dürfte während eines solchen Anfalles
1644 962 2544 1023 muß dieser junge Schauspieler jetzt immer
767 974 1223 1033 den Tod gefunden haben.
2663 981 2770 1061 I
1657 1001 2550 1054 alte Herren geben? Dazu ist sein Temperament
844 982 1656 1063 * Großer Erfolg. Dem kleinen Michael
2543 1013 2718 1081 gelangt
1667 1047 2543 1094 noch zu ungezügelt. Außerdem ist über das
748 1048 1648 1108 hat die Gonvernante mit Hilfe einer Apfelsine
2553 1066 2764 1122 inszeniert,
1666 1080 2535 1140 ganze Stück ein Flor gebreitet. Dem Dialog
751 1088 1656 1139 die Bewegung der Erde um die Sonne klar¬
2555 1109 2756 1157 Mephisto
1662 1128 2546 1176 sind Sordinen aufgesetzt. Das vergaßen aber
761 1136 1659 1192 zumachen versucht. Michael hat entzückt zu¬
2560 1146 2762 1216 zur Auffi
1668 1167 2541 1217 die meisten Darsteller. Charakteristisch war
752 1174 1657 1248 geschaut, endlich sagt er: „Und nun machen
2619 1192 2765 1245 Gretc
1651 1215 2534 1263 die Frau Wegrat der Frau Loos. Auf den
2554 1231 2746 1277 Fasser; B
768 1223 1377 1296 Sie 's mal mit ’ner Banane.“
1647 1256 2548 1311 rechten Ton gestimmt der Wegrat des Herrn
2545 1264 2755 1312 Skraup; S
2557 1291 2760 1360 berg; sein
1658 1295 2539 1345 [Forest. Nur die Maske war unmöglich.
869 1276 1655 1347 * Namenstage am 17. November. Gregor Th,
2545 1334 2732 1384 Kurschera,
1240 1337 1655 1376 Sonnenaufgang:
748 1341 1192 1399 Hugo. Gertrud, Hilda.
2394 1338 2547 1391 Viktor
2228 1335 2401 1393 Arzt
1670 1337 2217 1403 Eine Erquickung der
2550 1364 2756 1417 Felix Kro
806 1366 1171 1416 Uhr 10 Minuten. —
1182 1344 1660 1419 Sonnenuntergang:
2096 1374 2547 1445 voll österreichischem
1665 1373 1992 1438 Kutscheras
2550 1395 2767 1462 Guttmann
756 1408 1661 1447 16 Uhr, 20 Minuten. — Mondaufgang: 8 Uhr
1673 1406 2191 1485 wienerischen Pessimismus.
759 1432 1657 1496 8 Minuten. — Monduntergang: 17 Uhr 32 Mi¬
770 1471 905 1526 nuten.
1747 1461 2559 1523 Daß wir nicht vergessen: Voll Klugheit
2554 1458 2753 1534 stadt i
1647 1510 2763 1581 und Geist die Johanna des Fräulein stahls“ a.
1651 1551 2546 1608 [Lvovsky. Diese Johanna ist die schwer¬
2546 1562 2759 1630 tag und.
789 1519 1632 1647 Theater und Kunst.
1648 1580 2551 1667 mütige Schwester Ernas, die Fräulein Lvovsky
2544 1613 2741 1666 gelangt d
1658 1634 2546 1685 noch besser spielt. Sehr angenehm der
2560 1654 2760 1724 stören“ b
1656 1671 2547 1727 Leutnant Felix des Herrn Schott. Er
805 1673 1617 1774 Dr. Prügers Spar¬
1662 1720 2557 1779 bewährte den Ausspruch des Herrn von Sala
2560 1726 2762 1802 Lüder
1656 1748 2547 1834 von dem neuen besseren Geschlecht, das jetzt
986 1755 1462 1846 programm.
2551 1788 2766 1845 Mülli
1659 1802 2547 1871 heranwächst: „Weniger Geist und mehr
873 1808 1575 1904 Vom Ministerrat gutgeheißen.
2534 1819 2769 1899 [Theat
1666 1845 1857 1917 Haltung.“
2384 1848 2524 1917 J. St.
844 1863 1675 1944 Die „Politische Korrespondenz“ schreibt:
1731 1900 2552 1984 Abschied der Exlbühne vom Komödienhaus.
2562 1909 2760 1985 theat
760 1928 1668 1978 Die finanzielle Lage der Bundestheater
1668 1968 2551 2014 Die Exlbühne, die heuer dem Publikum des
2564 1971 2760 2029 moderne
757 1980 1660 2030 hat in den letzten Tagen den Gegenstand von
1670 1999 2568 2065 Komödienhauses eine stattliche Reihe inter¬
2554 2013 2762 2075 am Spit
757 2016 1667 2063 Beratungen der Ersparungsfunktionäre unter
1679 2042 2765 2106 essanter und für die mitwirkenden Künstler abends n
765 2050 1660 2110 dem Vorsitz des Bundeskanzlers und sodann
1668 2078 2561 2152 erfolgreiche Aufführungen brachte, hat sich
763 2103 1661 2151 auch des Ministerrates gebildet.
1673 2142 2556 2189 nunmehr — bis auf weiteres — erabschiedet.
770 2139 1670 2192 Der Bundestheaterpräsident, Sektionschef im
2565 2139 2759 2213 leset:
1679 2181 2553 2227 Die letzte Vorstellung am Sonntag gab dem
761 2181 1667 2238 Unterrichtsministerium Dr. Prüger, hat in
2559 2184 2748 2243 Direktor
1669 2220 2555 2276 Publikum willkommene Gelegenheit, den Exl¬
774 2227 1672 2277 diesen Beratungen sein Programm vor¬
1671 2261 2547 2314 Leuten den Dank und die Sympathie zum Aus¬
775 2267 1680 2319 gelegt, das er in seiner Funktion als oberster
2552 2279 2736 2334 heiteren
1674 2305 2548 2352 druck zu bringen. Am Schluß mußte der Vor¬
773 2313 1659 2358 Verwalter der Bündestheater durchführen wird.
2571 2309 2760 2374 neue Al¬
1672 2348 2553 2402 hang dutzendemal in die Höhe gehen und es
773 2353 1666 2407 Dieses Programm wurde sowohl im Minister¬
2569 2363 2758 2432 auch wie
1683 2394 2552 2445 wurde erst Ruhe, als Direktor Ferdinand Exl
766 2396 1666 2453 rat als auch in den Sitzungen der Ersparungs¬
1682 2429 2556 2482 vor die Rampe trat und eine kurze Ansprache
763 2442 1665 2500 funktionäre ausführlich und in jedem Detail
2564 2438 2749 2513 Frau
1676 2478 2553 2535 hielt. Die Absicht, sagte er, der „Exlbühne“ im
773 2475 1669 2550 durchberaten und fand die Zustimmung
2555 2491 2745 2559 Aus G
1677 2509 2565 2578 Komödienhaus eine zweite Heimat zu schaffen,
771 2526 1332 2587 des Ministerrates.
1678 2531 2760 2634 sei infolge der schwierigen Verhaltnisse im heute al
851 2546 1674 2620 Sektionschef Dr. Prüger wurde von der
1677 2586 2750 2662 Wiener Theaterleben nicht so gelungen, wie gastspiel¬
768 2615 1668 2665 Regierung beauftragt, das Programm in steter
2568 2624 2753 2681 Kamn¬
1680 2651 2561 2699 es erwartet wurde. Er hoffe jedoch, binnen
767 2659 1679 2705 Fühlungnahme mit dem Bundeskanzler als
2565 2669 2747 2730 satirischt
1674 2681 2560 2744 kurzer Zeit in einem anderen Wiener Theater
770 2688 1663 2749 Vorsitzenden der Ersparungskommission und im
2574 2717 2736 2772 wer d
1682 2738 2556 2791 ein Gastspiel eröffnen zu können. Die Fragen
763 2731 1680 2797 Etnvernehmen mit dem Unterrichtsminister
2566 2758 2751 2812 Aufführ
1670 2779 2566 2830 und Zwischenrufe, welches Theater dies sei,
777 2773 1085 2839 durchzuführen.
2569 2801 2739 2854 Stückes
1671 2826 2567 2877 wollte Direktor Exl vorläufig nicht beant¬
2575 2845 2744 2904 worden
1876 2857 2564 2914 Unter sturmischen Rufen „Auf
1681 2857 1851 2917 worten.
2565 2886 2745 2943 mit Rü
859 2866 1609 2955 Bassermann=Sala.
1684 2903 2570 2961 Wiedersehen!“ verließ das Publikum das Haus.
2568 2924 2681 2983 das
768 2935 1678 3004 „Der einsame Weg“ im Deutschen Volks¬
1736 2950 2567 3010 Arbeiter=Sinfoniekonzert. Es liegt Methode
2576 2948 2747 3032 word
1131 2991 1346 3050 theater.
1673 3000 2566 3057 in der Art, wie den Arbeitern reichlich Neu¬
855 3022 1684 3099 Vergangene Spielzeit brachte Reinhardt
1683 3031 2574 3095 kunst geboten wird. Sind sie es doch, die
2573 3024 2738 3099 „Das
2576 3089 2746 3132 Sonntag
776 3079 1678 3141 das Stück des Franzosen Jean Sarment, „Die
1680 3089 2564 3137 programmgemäß die neue Zeit heraufbringen
2567 3123 2746 3188 Taborstr
1682 3128 2561 3184 wollen. Ganz neu war der „Sprechchor“ von
784 3131 1677 3185 Schattenfischer“ betitelt. Darin wurde gezeigt,
2573 3158 2719 3199 Erfolg.
784 3161 1675 3213 wie doch die Menschen, ja selbst die nächsten
1691 3150 2560 3231 Mitgliedern der Kunststelle unter Leitung
2575 3192 2728 3237 Karl S.
772 3201 1684 3265 Verwandten, aneinander vorbeigehen, ohne die
1684 3214 2563 3262 Elisa Karau dargeboten. Neu — aber doch
2572 3222 2716 3268 Werk g
2576 3254 2731 3304 sängerin
779 3254 1674 3304 Hilfe zu bringen, nach der der andere vielleicht
1690 3258 2569 3311 nur als Erneuerung des griechischen
2576 3281 2703 3332 lehrer
787 3296 1685 3349 lechzt. Warum versagen sie diesen Beistand?
1679 3296 2567 3364 Tragödienchors. Sprecher und Sprecherinnen,
2574 3320 2730 3374 Leistung
771 3333 1677 3393 Nicht aus Schlechtigkeit, sondern weil sie nicht
1678 3341 2574 3402 zusammen etwa fünfzig, sind exakt geschult,
773 3383 1530 3448 wissen, was in dem anderen vorgeht.
1676 3370 2565 3435 haben Ausdruck und Schneid. Weniger ein¬
2576 3376 2737 3451 wein, F.
2574 3425 2725 3481 7 Uhr (
876 3424 2564 3493 Man hat diesen Gedanken als durchaus verstanden sind wir mit der vorgetragenen
2575 3465 2729 3510 zirat
783 3468 2571 3515 neu empfunden. Nie war das Leben so hastig. Dichtung: „Kerker“ von Rosenfeld.
2574 3499 2727 3539 Singve¬
1687 3508 2563 3565 In den Hallen der Kunst soll der aufstachelnde
785 3515 1683 3574 wie jetzt! Wir haben nicht die Zeit, den
2587 3530 2718 3576 Wiener
1697 3555 2571 3608 Weltjammer und das „Purpurbanner“ den
2577 3565 2728 3621 wein.
788 3570 1681 3615 anderen, und wäre es selbst der Nächste, so
1690 3592 2574 3647 Hörern immerhin aus dem Gesichtskreis ge¬
785 3604 1690 3670 recht tief ins Herz zu schauen. Und so gehen
2576 3610 2727 3687 freunde
1690 3638 2561 3704 rückt sein. Die Tanzgruppe Kratina der
783 3644 1516 3711 so viele einsam ihren Weg zu Ende.
2582 3678 2725 3718 erklätt,
878 3682 2571 3735 Wie vergeßlich ist doch die Welt! Dieser Schule Hellerau hat Mussorgskys
2585 3707 2729 3754 den A
787 3722 2573 3783 Gedanke des Pariser Dichters war schon in musikalische „Bilder aus einer Ausstellung“
2577 3723 2728 3797 demnäc
797 3767 2574 3821 dem Drama enthalten, das unser Wiener dann die „Petits riens“ von Mozart, bekannt
797 3821 2729 3883 Poet Artur Schnitzler vor mehr als aus dem Redoutensaal, szenisch gestellt. Es Kleiner
1471 3931 1606 4024 ¼
902 3874 1476 4076 V
