3436 4320
212 242 1218 333 18 Der einsane Nen
1026 586 1383 657 Telephon 12801.
1092 673 1268 746 55
504 685 1222 791 „UBSEHVEN
325 763 1430 859 I. österr. behördl. konz. Unternehmen für Zeitungs-Aussehnitte
520 817 1253 913 Wien, I., Concordiaplatz 4.
725 888 1034 958 Vertretungen
324 930 1422 1020 in Berlin, Budapest, Chicago, Christiania, Genf, Kopenhagen,
321 980 1430 1051 London, Madrid, Mailand, Minneapelis, New-York, Paris, Rom,
485 1010 1254 1094 San Francisco, Stockholm, St. Petersburg.
660 1057 1082 1123 (Quellenangabe ohne Gewähr.)
317 1123 727 1209 Ausschnitt aus:
322 1233 480 1285 vom:
468 1234 877 1334 ppsinen
894 1239 1439 1338 Börsengenrier
756 1294 1048 1402 Ann 1908
574 1444 1183 1532 vor den Kulissen.
403 1511 1385 1561 Das „Lessing=Theater“ wollte uns gestern nicht
349 1563 1375 1616 zeigen, was es aufführt, sondern was es ausführt:
350 1601 1382 1659 Zum Besichtigen seiner künstlerischen Reise=Ausrüstung
343 1645 1371 1696 hat es seine teilnehmende Anhängerschaft geladen
359 1678 1379 1730 Nicht für Berlin, sondern für Wien hatte man
341 1720 1373 1766 Arthur Schnitzlers Schauspiel „Der einsam
356 1757 479 1818 Weg
573 1762 956 1818 neu—einstidiert.
1027 1766 1157 1817 Das
1179 1765 1378 1824 Berline:
354 1801 1364 1867 Publikum hat sich mit dem Werke schon vor
354 1849 1378 1904 zwei Jahren abgefunden, ebenso die Kritik. Zu einen
341 1891 1373 1938 neuen Urteilsspruch waren beide nicht einberufen. Das
352 1922 1370 1983 Haus verhielt sich denn auch zum guten Teil vielleich
347 1976 1376 2025 eben deshalb dem fünfaktigen Schauspiel gegenübe:
344 2013 1364 2064 so sehr still, und nicht weil eine tiefere Anteilnahm
343 2055 1363 2100 wieder nicht aufkommen oder sich jedenfalls nich
339 2091 1378 2141 behaupten konnte. Aber das Wienerische Stüc
345 2129 1361 2174 des Wienerischesten modernen Dramatikers soll
331 2167 1375 2216 den Wienern nun von einer Berliner Künstlergesell
339 2215 1375 2272 schaft vorgeführt werden. Uns bleibt kaum etwas
340 2257 1382 2291 anderes übrig, als der trefflichen Schar gute Reise zu
335 2297 1382 2343 wünschen und im übrigen den Wienern das Wort
333 2341 1371 2382 zu überlassen. Was uns als eine Variation von
340 2378 1379 2423 Sardous „vieux garçons“ erscheint, werden die Wiener
325 2408 1381 2473 vielleicht als Frucht ihres Bodens besser würdigen, das
334 2462 1376 2509 werden sie vielleicht als Gegenstück zur „Liebelei“ —deren
340 2496 1370 2547 Helden uns etliche und zwanzig „ahre später gezeigt
324 2543 1371 2585 werden — dankbarer aufnehmen. Wird doch die
324 2597 1380 2640 etwas schwermütige und zeitweise mehr als nötig
322 2618 1375 2666 durch melancholische Betrachtungen aufgehaltene, sein
319 2662 1376 2705 komponierte Geschichte vom alten Junggesellen, der
329 2690 1379 2749 nach seinem Abenteurerleben den Sohn, die Frucht
329 2746 1370 2797 eines Jugendabenteuers, sich holen will, aber von
318 2787 1375 2834 diesem zurückgestoßen wird, mit viel innerl chem
326 2822 464 2873 Leben
462 2826 673 2886 gespielt.
730 2828 1365 2875 Etwas zu norddeutsch
327 2858 526 2921 vielleicht
526 2875 1365 2924 für das Wienerische Stück, aber
319 2909 1380 2962 doch mit liebevollem Eingehen auf die Stun¬
326 2950 1354 2989 mungen und mit dem Effekt, daß wir die Grundid.
315 2984 1369 3048 empfinden und die Gerechtigkeit würdigen. Daß wer
324 3030 1366 3077 es verstehen, wenn die Enthüllung, er sei sein
324 3067 1364 3136 Vater, den bisherigen Freund seinem Sohne nur
319 3111 1053 3174 viel remder erscheinen läßt.
1052 3112 1363 3173 Daß wir es
322 3148 1363 3214 begreifen, wenn alle Teilnahme und Liebe sich
330 3197 1364 3252 dem zuwendet, dem der junge Mann väterliche
322 3236 1370 3281 Liebe und Fürsorge dankt, treue Anhänglichkeit an
321 3280 1368 3336 seine Mutter, nicht aber dem Helden einer mütterlichen
327 3323 1368 3375 Jugendtorheit, der sich feig davongeschlichen. Auch
320 3364 1364 3416 über manches Befremdliche in den Personen wie in
317 3401 1356 3452 ihren Geschicken trug die liebevolle Darstellung
316 3436 1363 3490 hinweg. Das Tiefinnige und Empfundene im
326 3485 1367 3533 Spiel des Herrn Stieler, der den Sohn
325 3527 1363 3568 gab, die mürbe und verwitterte Seele, der morsch¬
315 3569 1372 3628 gewordene, aber groß angelegte Charakter des alten
308 3611 1356 3654 Don Juan, den Reicher so echt verkörperte, den
309 3643 1370 3718 vornehmen und geistig seingeäderten alten Junggesellem
316 3692 1346 3731 in der Darstellung Bassermanns, das Rätsen¬
295 3733 1358 3786 wesen Charlotte, dem Irene Triesch aus Eigenem
309 3776 1362 3848 den Anschein von Tiefe gab, die leichtlebige, heitere
290 3808 1366 3885 Lund sentimentale alte Schauspielerin, die Elsee
316 3863 1356 3934 Lehmaun zwar aus dem Wienerischen ins Norddeutsche
285 3921 1357 3961 nersetzt, ohne aber das Echt=Menschliche zu ver¬
298 3959 1364 4005 leugnen, all das, umrahmt von sorgsamer Inszenierung,
305 4001 1343 4046 wird jedenfalls Interesse erregen. Wie die gestrige
313 4035 1348 4097 Zuhörerschaft, kann auch die Kritik im Uebrigen sich
321 4076 1346 4120 still verhalten. Die Aufführung ist für Wien be¬
292 4111 995 4182 stimmt: Wien hat nun das Wort.
1137 4119 1281 4182 J. L.
1371 235 1834 311 box 23/3
2241 771 2529 884 eng
1927 892 2628 1042 „OBSERVEn
1729 1033 2844 1113 I. österr. behördl. konz. Unternehmen für Zeitungs-Ausschnitte
1933 1080 2647 1157 Wien, I., Concordiaplatz 4.
2139 1154 2448 1220 Vertretungen
1732 1204 2836 1271 in Berlin, Budapest, Chicago, Christiania, Genf, Kopenhagen,
1734 1245 2836 1313 London, Madrid, Mailand, Minncapolis, New-Vork, Paris, Rom,
1900 1279 2662 1345 San Francisco, Stockholm, St. Petersburg.
2084 1320 2482 1379 (Quellenangabe ohne Gewähr.)
1732 1391 2094 1486 Ausschnitt auf
2099 1403 2763 1529 taatsbürger Zeitung, Berlin
1746 1488 2240 1572 vom: 20 4 906
2172 1572 2419 1654 Theater.
1770 1636 2892 1702 Wenn De Brahm gemeint hat, mit der neu einstudierten
1694 1662 2119 1727 Aufführung von Arthu
2171 1685 2879 1750 chnitzlers Schauspiel „Der einsame Weg“
1702 1711 2033 1766 das stark abgebl#
2101 1692 2887 1792 chevenommé des dekadenten Wiener
1696 1759 2885 1829 Schriftstellers wiedet letwas auffrischen zu können, so hat er sich
1698 1794 2883 1867 sehr geirrt. Denn dieses schon bei der Lektüre unsäglich lang¬
1701 1833 2888 1903 weilige und albern“ wirkende Stück wurde durch eine zweijährige
1704 1862 2891 1940 Lagerzeit wahrlich nicht besser, und es wird sicher auch das
1698 1909 2370 1969 Repertoire des „Lessing=Theaters“
2384 1921 2891 1978 n## bereichern. Da das
1699 1942 2882 2018 Werk gelegentlich seiner Première im Deutschen Theater ausführlich
1696 1981 2881 2058 besprochen wurde, so erührigt sich wohl ein nochmaliges Eingehen
1699 2021 2881 2098 auf seinen Inhalt. Als charakteristisch für die Eigenart des Antors
1689 2059 2885 2137 soll nur darauf hingewiesen werden, daß sich im „einsamen Weg“
1697 2096 2880 2174 ein ebenso moralisches Lumpengesindel zusammenfindet, wie im
1702 2147 2882 2213 „Ruf des Lebens“. Insbesondere in sexueller Beziehung find die
1697 2179 2883 2253 Gestalten Schnitzlerscher Phantasie von einer Skrupellosigkeit, die
1694 2210 2886 2287 förmlich nach dem Staatsanwalte schreit! So kommt im „ein¬
1691 2254 2880 2320 samen Wege“ eine Schauspielerin Irene Herms vor, welche die
1698 2299 2878 2360 natürlichen Folgen eines Fehltrittes mit Hilfe einer weisen Frau
1694 2325 2872 2412 beseitigte!; Frau Gabriele dagegen hat ihren Mann, den Direktor
1685 2365 2868 2439 der Akademie der bildenden Kunste, nur geheiratet, um der Schande
1677 2405 2875 2475 zu entgehen, mit einem unehelichen Kinde niederzukommen, und ihr
1686 2456 2870 2524 eheliches Kind wieder, die Johanna, wächst sich zu einem pervers
1674 2485 2861 2563 verrückten Geschöpfe aus, das in der Wirklichkeit unbedingt auf
1682 2522 2866 2600 seinen Geisteszustand ärztlich geprüft werden mußte. So geht das
1683 2566 2874 2641 fort, aber nicht mit Grazie, Witz und Geist, sondern schwerfällig
1676 2619 2868 2667 wie erkaltende Lava wälzen sich Handlung und Dialog dahin.
1678 2656 2864 2712 „Ich weiß es ja; — für alle, ja auch für Sie bin ich ein Her¬
1682 2686 2865 2759 untergekommener“, läßt Schnitzler den Maler Julian Fichtner im
1686 2729 2867 2797 „einsamen Weg“ sagen, „einer, der fertig ist, einer, dessen ganzes
1672 2759 2871 2836 Talent seine Jugend war!“ Wie zutreffend sich Herr Schnitzler
1674 2804 2871 2872 mit diesem Ausspruche selbst charakterisiert hat! Sein bischen
1680 2838 2862 2916 Jugend ist bei der „Liebelei“ mit „süßen Mädchen“ flöten gegangen,
1673 2876 2857 2948 und trotzdem er erst im Anfange der vierziger Jahre steht, zahlt
1671 2917 2866 2985 er bereits zu jenen literarischen Mumien, welche Herr Direktor
1676 2957 2853 3030 Brahm in seinem Musentempel so sorgfältig konserviert! Die Auf¬
1665 2982 2846 3068 nahme des Stückes im Lessing=Theater war eine auffallend kühle,
1668 3037 2853 3102 trotzdem die vortreffliche Künstlerschar ihr bestes Können ein¬
1668 3066 2856 3142 setzte. Das Lebemännerpaar mit den genußüberreizten Nerven
1668 3116 2852 3183 und dem vereinsamten, nach reiner Liebe lechzenden Herzen
1668 3151 2856 3222 gaben Emanuel Reicher und Albert Bassermann so lebenswahr
1672 3193 2851 3245 und packend in jedem Zuge, daß man darüber ganz die ver¬
1672 3224 2849 3299 schoobene Charakteristik vergaß, die der Autor seinen Gestalten
1669 3277 2852 3326 gab. Insbesondere in der Schlußszene, wo Herr von Sala aus
1668 3307 2849 3380 dem Munde des Bruders des von ihm verführten Mädchens
1668 3342 2852 3413 hört, daß er ein todgeweihter Mann ist, den ein Herzschlag
1660 3375 2851 3439 jeden Moment wegraffen kann, da bot Herr Bassermann eine
1668 3426 2845 3470 hinreißend geniale Leistung. Ein Kabinettstück schauspielerischer
1653 3456 2853 3519 Kunst konnte man auch in der Irene Herms des Frl. Else
1797 3503 2853 3566 #bewundern, die ihre Rolle mit glitzernden humoristi¬
1696 3506 2839 3602 #ern ausstattete. Schadt, ewig schade, daß Tirektor
1654 3578 2841 3661 Brahm seinem ausgezeichneten Ensemöle keine würdigeren Auf¬
1661 3608 2107 3685 gaben zu stellen weiß!
2659 3635 2816 3701 St—g.
1715 3707 2842 3792 Berichtigung. Im letzten Abendblatt muß die Spitzmarke im
1651 3754 2833 3841 zweiten Artikel unter der Rubrik „Deutsches Reich“ richtig heißen;
1644 3787 2370 3857 „Die Geschäfte des Bahnhofsdienstes“.
