3392 4256
1406 266 1854 349 box 23/5
878 282 970 338 G m
252 276 1248 355 18 Deas
1045 447 2071 577 RuUs SUISSE ET INTERNATION4I.
1297 521 1865 598 DE LA PRESSE S. 4.
1187 555 1965 639 23, rue du Rhöne —-- Genéve
1061 601 2089 702 Adr. télégr.: Coupures-Genève — Tél. Stand 40.05
1069 690 2080 795 [Bureau International de coupures de journaux
1211 748 1989 831 Traductions de et en toutes langues
1102 855 2080 962 Correspondante dans toutes les grandes villes
1833 942 2029 1040 PARIS
1080 1017 1518 1083 Extrait du Journal:
1776 1065 1936 1150 928
1090 1052 1603 1186 ddrener PAfs-M0l
1478 1094 1791 1231 2 6. Juill
1096 1224 1245 1288 Date:
1312 1323 1683 1406 * Fétg-de Neuilly.
1271 1372 2041 1437 Adaniiaaidaataut
1357 1434 1943 1509 THEATRE DU GTMNASE
1274 1513 2025 1589 Troupe de M. Eugen Robert
1298 1639 2014 1732 Le Chemin Solltalle
1391 1715 1920 1775 Pièce en quatre actes
1374 1770 1942 1824 de M. Arthur Schnitzler
1310 1838 2035 1891 Trois ou quatre spectacles gé dispu¬
1267 1883 2030 1933 taient hier soir la pauvre eritaus 1#e
1279 1910 2022 1984 n'ai pas hésité une seconde Körferer
1273 1954 2027 2015 le Gvmnase on la troupe berlinoise de
1267 2002 2023 2042 M. Eugen Robert donnait unc pièce
1273 2043 2025 2100 d’Arthur Schnitzler. Je n'ai pas trop
1257 2082 1636 2141 regretté ce choix.
1307 2090 2028 2164 Ce n’est pas qu’il m'ait donné occa¬
1263 2154 2031 2207 sion de m'amuser... Une dame y meurt,
1262 2200 2025 2245 une jeune fille amoureuse se tue, son
1265 2240 2015 2293 amant, pris au piege se tuera; un
1267 2264 2023 2334 fils renie son père selon le sang, pour
1261 2313 1859 2377 consoler son père selon la loi.
1311 2359 2024 2403 Tous ces malheureux se côtoyent pen¬
1262 2386 2028 2449 dant quatre ans avant de comprendre
1262 2432 2026 2481 qu'ils ne se comprennent pas. Et l’en¬
1269 2475 2029 2531 semble n’est ni très vivant, ni très vi¬
1274 2510 1430 2562 vifiant.
1297 2543 2019 2599 Mais, pour ma part, j'ai pris un bain
1265 2585 2016 2628 de littérature, et mes voisins, des Fran¬
1251 2628 2031 2673 çais qui semblaient entendre l’allemand,
1270 2678 2032 2722 prenaient uné bonne legon de pronon¬
1263 2708 2037 2766 ciation, sans vouloir en perdre une
1263 2746 1429 2803 goutte.
1290 2818 2029 2887 Mme Wegrath, raconte la pièce,
1259 2866 2024 2922 meurt, laissant un mari. un fils, Félix,
1255 2912 2026 2950 et une fille Johunna. Félix est le fils
1258 2945 2023 3003 d’un ami de M. Wegrath, Julian, et
1256 2995 2026 3043 Johanna est la maitresse d’un autrei
1259 3025 2023 3085 ami de M. Wegrath, Stéphan. Pauvrei
1259 3061 1684 3119 excellent Wegrath !
1303 3084 2017 3161 Quant à Stéphan et Julian, ils ont
1255 3138 2032 3201 suivi le chemin de l’égoisme — la routes
1257 3179 2027 3241 solitaire — ils paraissent triomphants,
1251 3213 1611 3278 ils seront punis !
1298 3259 2010 3314 Stéphan, après avoir séduit Johanna,
1250 3282 2020 3356 lui offre de l’épouser, mais elle aime
1248 3350 2023 3389 mienx se jeter dans un étang. Julian,
1253 3379 2014 3432 eraignant de vieillir, abandonné, révöle
1256 3410 2020 3469 à Félix sa paternité; mais Félix pré¬
1252 3444 2039 3519 fère rester fidele à l’excellent, naif etf
1252 3494 1602 3545 césolé Wegrath.
1294 3524 2024 3593 Stéphan se tuera, Julian s’en ira:
1245 3570 2015 3632 leur voie sera de plus en plus solitaire.
1247 3612 2014 3676 Non point par égoisme, maintenant,
1255 3652 1634 3715 mais par punition.
1279 3716 2021 3779 Ce drame, écrit aujourd’hui par un
1248 3775 2015 3815 Jean-Jacques Bernard, aurait du mys¬
1251 3810 2008 3865 tère et de la profondeur. M. Arthur
1249 3852 2003 3891 Sciiitzler, qui l’a composé au siecle
1247 3887 2008 3939 dernier, y a mis beaucoup de mots et
1257 3928 2011 3978 d’explications. Ce n’est plus ce que nous
1256 3967 1430 4023 aimons.
1580 4005 1672 4061 9
1282 4048 2013 4107 L’illustre acteur allemand M. Basser¬
1248 4103 2011 4146 mann tient le röle de Stéphan; il y!
1251 4128 2011 4174 manque ce me semble d’une certaine
1269 4166 1552 4203 desinvoltnge 1e1
2038 1625 2147 1683 .50
2033 1716 2141 1762 9.—
2029 1764 2066 1842 p
