3436 4352
242 315 1874 423 18. Der einsane Jeg box 23/2
877 1146 2347 1211 aber im wesentlichen nur ein Verhältnis, im Stücke selber spielen mehrere
878 1196 2354 1252 und unter sich verschiedene Entwicklungen durch= und miteinander — wer
892 1254 2350 1309 das Stück liest, wird auch nach Kenntnis unsrer Proben noch viel Neues
882 1295 2358 1354 in ihm finden. Wir empfehlen's als eine besonders feine „Reiselektüre“.
1433 1373 1820 1463 Julian, Sala.
1015 1428 1989 1506 Sala: Haben Sie denn noch niemanden gesehen?
1013 1488 2368 1552 Julian: Niemanden. Ich hab' auch nur Ihnen geschrieben, daß ich
879 1541 1072 1614 da bin.
1014 1568 1958 1664 Sala: Also Sie waren noch nicht bei Wegraths?
1007 1637 1874 1718 Julian: Nein. Ich zögre sogar hinzugehen.
1010 1687 1373 1759 Sala: Wie?
1010 1734 2353 1806 Julian: Man sollte eigentlich in gewissen Jahren die Orte gar
884 1775 2359 1852 nicht mehr betreten, in denen man jüngere Tage verbracht hat. Man findet
880 1845 2362 1895 die Dinge und Menschen selten so wieder, wie man sie verlassen. Nicht
887 1878 2359 1951 wahr? — Frau Gabriele soll sich ja im Laufe ihrer Krankheit recht sehr
892 1914 2361 1977 verändert haben. Felix sprach mir wenigstens davon. Ich möchte es am
885 1986 2361 2037 liebsten vermeiden, sie wiederzusehen. Das müssen Sie doch verstehen, Sala.
1015 2038 2366 2096 Sala (etwas befremdet): Natürlich versteh' ich das. Wie lang haben
891 2073 1743 2141 Sie denn keine Nachricht aus Wien gehabt?
1013 2101 2352 2185 Julian: Ich bin meinen Briefen immer vorausgereist. Seit vier¬
894 2178 2248 2238 zehn Tagen hat mich keiner eingeholt. (Betreten.) Was gibt's denn?
1011 2222 2129 2278 Sala: Frau Gabriele ist vor etwa acht Tagen gestorben.
1003 2269 2353 2323 Julian: Ol (Er ist sehr bewegt, geht im Zimmer hin und her, dann
897 2315 2358 2377 setzt er sich nieder und sagt nach einer Pause:) Man mußte wohl darauf
899 2373 1418 2457 gefaßt sein, und doch ...
1016 2408 2359 2480 Sala: Sie starb einen sanften Tod, — wie die andern Leute ja
906 2475 2380 2531 immer so bestimmt wissen. Immerhin, sie ist eines Abends ruhig ent¬
897 2530 1635 2598 schlummert und nicht wieder erwacht.
1019 2553 2373 2630 Julian (sehr leise): Arme Gabriele! — Haben Sie sie in der letzten
905 2620 1197 2690 Zeit gesehen?
1026 2656 1806 2750 Sala: Ja. Ich kam beinahe täglich hin.
1018 2720 1325 2778 Julian: So?
1024 2765 2373 2838 Sala: Johanna hat mich darum gebeten. Sie hat sich nämlich ge¬
900 2814 1866 2880 radezu gefürchtet, mit ihrer Mutter allein zu sein.
1017 2867 1447 2933 Julian: Gefürchtet?
1027 2913 2374 2977 Sala: Sie hatte eine Art Grauen vor der kranken Frau. Jetzt ist
890 2952 1257 3043 sie eher ruhiger.
1018 2992 2377 3072 Julian: Seltsames Geschöpf . .. — Und unser Freund, der Pro¬
909 3048 2065 3136 fessor, wie trägt er den Verlust? Gottergeben, nicht wahr?
1019 3092 2374 3165 Sala: Lieber Julian, der Mann hat einen Beruf. Ich glaube, wir
901 3147 2375 3211 können das gar nicht fassen, die wir von Gnaden des Augenblicks Götter
908 3202 1891 3262 — und zuweilen etwas weniger als Menschen sind.
1027 3264 1795 3321 Julian: Felix ist natürlich noch hier?
1028 3273 2377 3374 Sala: Ich sprach ihn erst vor einer Stunde und teilte ihm mit, daß
903 3345 2376 3410 Sie da wären. Er hat sich sehr gefreut, daß Sie ihn in Salzburg besucht
912 3408 1072 3477 haben.
1017 3443 2373 3507 Julian: Das schien mir so. Und es hat mir sehr wohl getan. Ich
906 3490 2291 3563 trage mich übrigens mit der Idee, in Salzburg Aufenthalt zu nehmen.
1022 3553 1446 3630 Sala: Für immer?
2213 3620 2337 3701 359
946 3628 1302 3712 2. Juliheft 1904
