<?xml version="1.0" encoding="UTF-8" standalone="yes"?>
<PcGts xmlns="http://schema.primaresearch.org/PAGE/gts/pagecontent/2013-07-15" xmlns:xsi="http://www.w3.org/2001/XMLSchema-instance" xsi:schemaLocation="http://schema.primaresearch.org/PAGE/gts/pagecontent/2013-07-15 http://schema.primaresearch.org/PAGE/gts/pagecontent/2013-07-15/pagecontent.xsd">
    <Metadata>
        <Creator>prov=University of Rostock/Institute of Mathematics/CITlab/Gundram Leifert/gundram.leifert@uni-rostock.de:name=ONB_Newseye_GT_M1+(htr_id=10810)::::v=2.4.2
prov=University of Rostock/Institute of Mathematics/CITlab/Tobias Gruening/tobias.gruening@uni-rostock.de:name=de.uros.citlab.module.baseline2polygon.B2PSeamMultiOriented:v=2.4.2
prov=University of Rostock/Institute of Mathematics/CITlab/Tobias Gruening/tobias.gruening@uni-rostock.de:name=/mnt/transkribus/LA/DEA/URO/LA_news_onb_att.pb:de.uros.citlab.segmentation.CITlab_LA_ML:v=2.4.2
Transkribus</Creator>
        <Created>2019-10-07T11:28:23.146+02:00</Created>
        <LastChange>2019-10-08T10:02:02.943+02:00</LastChange>
        <TranskribusMetadata docId="223970" pageId="9500293" pageNr="248" tsid="16514804" status="IN_PROGRESS" userId="40391" imgUrl="https://files.transkribus.eu/Get?id=QNRTCZCFJLBZIWNZQUJXJCDU&amp;fileType=view" xmlUrl="https://files.transkribus.eu/Get?id=ENAQQSGTKWXKURJYRVAKPZLI" imageId="6190515"/>
    </Metadata>
    <Page imageFilename="223970_0248.jpeg" imageWidth="3436" imageHeight="4352">
        <ReadingOrder>
            <OrderedGroup id="ro_1711450699926" caption="Regions reading order">
                <RegionRefIndexed index="0" regionRef="r1"/>
            </OrderedGroup>
        </ReadingOrder>
        <TextRegion orientation="0.0" id="r1" custom="readingOrder {index:0;}">
            <Coords points="187,250 187,3254 3279,3254 3279,250"/>
            <TextLine id="r1l1" custom="readingOrder {index:0;}">
                <Coords points="1068,278 1094,277 1114,284 1121,280 1137,283 1144,275 1163,274 1161,213 1126,214 1119,222 1104,215 1085,235 1066,236"/>
                <Baseline points="1088,274 1116,272 1144,272"/>
                <TextEquiv>
                    <Unicode>W</Unicode>
                </TextEquiv>
            </TextLine>
            <TextLine id="r1l2" custom="readingOrder {index:1;}">
                <Coords points="1406,273 1490,299 1862,286 1861,217 1616,215 1574,230 1406,219"/>
                <Baseline points="1427,273 1452,273 1478,273 1504,273 1530,273 1556,273 1582,273 1608,273 1634,273 1659,273 1685,273 1711,273 1737,272 1763,272 1789,272 1815,271 1841,270"/>
                <TextEquiv>
                    <Unicode>box 23/2</Unicode>
                </TextEquiv>
            </TextLine>
            <TextLine id="r1l3" custom="readingOrder {index:2;}">
                <Coords points="253,318 1274,314 1274,234 1225,222 1137,264 1022,226 501,222 432,264 360,222 253,234"/>
                <Baseline points="270,281 319,287 368,291 418,296 467,299 516,300 566,301 615,302 664,302 714,302 763,301 812,300 862,298 911,297 960,296 1010,295 1059,294 1108,293 1158,293 1207,293 1257,294"/>
                <TextEquiv>
                    <Unicode>18. Der einsaneneg</Unicode>
                </TextEquiv>
            </TextLine>
            <TextLine id="r1l4" custom="readingOrder {index:3;}">
                <Coords points="2159,1225 3116,1216 3238,1205 3237,1152 2157,1164"/>
                <Baseline points="2176,1219 2228,1217 2280,1215 2332,1213 2384,1212 2436,1210 2488,1209 2540,1208 2592,1207 2644,1206 2697,1204 2749,1203 2801,1203 2853,1202 2905,1201 2957,1200 3009,1199 3061,1198 3113,1197 3165,1196 3218,1195"/>
                <TextEquiv>
                    <Unicode>Geesermt TE </Unicode>
                </TextEquiv>
            </TextLine>
            <TextLine id="r1l5" custom="readingOrder {index:4;}">
                <Coords points="926,1224 953,1223 956,1219 964,1223 979,1222 983,1218 987,1222 1010,1221 1008,1156 951,1158 947,1162 924,1163"/>
                <Baseline points="944,1217 992,1216"/>
                <TextEquiv>
                    <Unicode>—</Unicode>
                </TextEquiv>
            </TextLine>
            <TextLine id="r1l6" custom="readingOrder {index:5;}">
                <Coords points="796,1227 854,1225 861,1230 900,1227 901,1170 882,1169 874,1173 871,1169 855,1180 836,1171 825,1159 817,1167 798,1166"/>
                <Baseline points="816,1219 848,1221 880,1221"/>
                <TextEquiv>
                    <Unicode>—</Unicode>
                </TextEquiv>
            </TextLine>
            <TextLine id="r1l7" custom="readingOrder {index:6;}">
                <Coords points="207,1247 349,1243 360,1231 433,1237 432,1195 348,1197 317,1175 294,1176 279,1188 252,1177 229,1200 206,1201"/>
                <Baseline points="226,1238 252,1237 279,1237 306,1236 332,1235 359,1235 386,1234 413,1233"/>
                <TextEquiv>
                    <Unicode>ablang-Ln</Unicode>
                </TextEquiv>
            </TextLine>
            <TextLine id="r1l8" custom="readingOrder {index:7;}">
                <Coords points="511,1274 771,1260 852,1276 878,1259 921,1277 947,1260 993,1270 991,1220 937,1211 815,1220 795,1201 638,1200 608,1217 577,1203 509,1217"/>
                <Baseline points="530,1264 556,1263 582,1263 608,1261 634,1261 660,1260 687,1259 713,1258 739,1257 765,1256 791,1255 817,1254 844,1252 870,1252 896,1250 922,1248 948,1248 975,1246"/>
                <TextEquiv>
                    <Unicode>I  </Unicode>
                </TextEquiv>
            </TextLine>
            <TextLine id="r1l9" custom="readingOrder {index:8;}">
                <Coords points="180,1288 288,1293 303,1284 315,1292 345,1275 364,1290 403,1289 401,1228 374,1228 359,1237 317,1238 309,1231 236,1237 213,1222 178,1220"/>
                <Baseline points="198,1272 224,1271 250,1270 277,1270 303,1269 330,1268 356,1267 383,1265"/>
                <TextEquiv>
                    <Unicode>ELERERI EREARTMERERR</Unicode>
                </TextEquiv>
            </TextLine>
            <TextLine id="r1l10" custom="readingOrder {index:9;}">
                <Coords points="1040,1316 3227,1207 1038,1259"/>
                <Baseline points="1059,1307 1166,1305 1274,1303 1381,1301 1489,1298 1596,1295 1704,1291 1811,1288 1919,1284 2026,1280 2134,1276 2241,1272 2349,1268 2456,1265 2564,1261 2671,1258 2779,1255 2886,1253 2994,1251 3101,1250 3209,1249"/>
                <TextEquiv>
                    <Unicode>der Novität üben die deutschen Bühnen verauszusehen. Ins lein Hohenleitnar, während Fräulein Schirakhe</Unicode>
                </TextEquiv>
            </TextLine>
            <TextLine id="r1l11" custom="readingOrder {index:10;}">
                <Coords points="2131,1315 3245,1298 3244,1259 3118,1251 2131,1277"/>
                <Baseline points="2150,1313 2203,1311 2257,1308 2311,1306 2364,1304 2418,1302 2472,1301 2525,1299 2579,1298 2633,1296 2687,1295 2740,1294 2794,1293 2848,1293 2901,1292 2955,1291 3009,1290 3062,1289 3116,1289 3170,1288 3224,1288"/>
                <TextEquiv>
                    <Unicode>dem Blumenmädchen neben ihrem hübschen Organ auch mit !</Unicode>
                </TextEquiv>
            </TextLine>
            <TextLine id="r1l12" custom="readingOrder {index:11;}">
                <Coords points="174,1335 1043,1312 1041,1259 992,1257 173,1289"/>
                <Baseline points="192,1331 233,1330 275,1329 316,1328 358,1327 399,1326 441,1325 482,1323 524,1322 565,1321 607,1320 648,1319 690,1317 731,1316 773,1314 814,1313 856,1312 897,1310 939,1309 980,1308 1022,1306"/>
                <TextEquiv>
                    <Unicode>Eteigerung gewisse technische Fehler verur¬</Unicode>
                </TextEquiv>
            </TextLine>
            <TextLine id="r1l13" custom="readingOrder {index:12;}">
                <Coords points="1033,1354 2047,1334 2131,1328 2130,1290 1291,1289 1032,1320"/>
                <Baseline points="1051,1347 1104,1346 1157,1346 1210,1345 1263,1344 1316,1343 1369,1342 1422,1341 1475,1339 1528,1338 1582,1337 1635,1335 1688,1333 1741,1331 1794,1330 1847,1328 1900,1326 1953,1324 2006,1323 2059,1321 2113,1319"/>
                <TextEquiv>
                    <Unicode>Dresden fand sie unlängst Beifall und Anerkennung; gestern</Unicode>
                </TextEquiv>
            </TextLine>
            <TextLine id="r1l14" custom="readingOrder {index:13;}">
                <Coords points="2128,1359 3211,1339 3236,1285 2127,1317"/>
                <Baseline points="2145,1349 2198,1347 2252,1346 2306,1345 2359,1344 2413,1342 2467,1341 2520,1340 2574,1339 2628,1338 2682,1336 2735,1335 2789,1334 2843,1333 2896,1332 2950,1331 3004,1330 3057,1329 3111,1327 3165,1326 3219,1325"/>
                <TextEquiv>
                    <Unicode>ihrer hübschen, ußeren Ercheinung beispringen konnte.</Unicode>
                </TextEquiv>
            </TextLine>
            <TextLine id="r1l15" custom="readingOrder {index:14;}">
                <Coords points="176,1385 1029,1367 1027,1309 174,1335"/>
                <Baseline points="193,1377 233,1375 274,1374 315,1373 356,1371 397,1370 437,1369 478,1369 519,1367 560,1367 601,1366 641,1365 682,1363 723,1362 764,1361 805,1359 845,1358 886,1356 927,1354 968,1352 1009,1349"/>
                <TextEquiv>
                    <Unicode>Meisterschaft Schnitzlers in der französierenden</Unicode>
                </TextEquiv>
            </TextLine>
            <TextLine id="r1l16" custom="readingOrder {index:15;}">
                <Coords points="2120,1375 2231,1399 3241,1358 3240,1320 2119,1340"/>
                <Baseline points="2139,1386 2193,1385 2247,1384 2301,1382 2355,1381 2410,1379 2464,1378 2518,1377 2572,1376 2626,1375 2681,1374 2735,1372 2789,1371 2843,1370 2897,1369 2952,1368 3006,1367 3060,1366 3114,1365 3168,1364 3223,1362"/>
                <TextEquiv>
                    <Unicode>Ganz in seinem Element war Herr Hauck als Graf Willy.</Unicode>
                </TextEquiv>
            </TextLine>
            <TextLine id="r1l17" custom="readingOrder {index:16;}">
                <Coords points="1035,1394 2126,1366 2136,1308 1034,1355"/>
                <Baseline points="1053,1385 1106,1384 1159,1383 1212,1383 1266,1382 1319,1381 1372,1380 1425,1379 1479,1378 1532,1377 1585,1376 1638,1374 1692,1373 1745,1371 1798,1369 1851,1368 1905,1366 1958,1364 2011,1361 2064,1359 2118,1356"/>
                <TextEquiv>
                    <Unicode>war ier auch bei uns eine recht freundliche Aufnahme be¬</Unicode>
                </TextEquiv>
            </TextLine>
            <TextLine id="r1l18" custom="readingOrder {index:17;}">
                <Coords points="179,1432 844,1401 959,1421 1032,1404 1031,1354 178,1382"/>
                <Baseline points="198,1420 238,1418 279,1416 320,1415 361,1413 401,1413 442,1412 483,1411 524,1410 564,1410 605,1409 646,1408 687,1408 727,1407 768,1406 809,1405 850,1404 890,1402 931,1401 972,1399 1013,1397"/>
                <TextEquiv>
                    <Unicode>khrt ihn manchmal zu störenden Längen, seine Vor¬</Unicode>
                </TextEquiv>
            </TextLine>
            <TextLine id="r1l19" custom="readingOrder {index:18;}">
                <Coords points="1030,1431 2128,1394 2127,1356 2062,1350 1029,1389"/>
                <Baseline points="1051,1425 1103,1424 1156,1422 1209,1421 1262,1419 1315,1418 1368,1417 1421,1416 1474,1414 1527,1413 1580,1412 1632,1411 1685,1409 1738,1408 1791,1407 1844,1405 1897,1403 1950,1401 2003,1399 2056,1397 2109,1395"/>
                <TextEquiv>
                    <Unicode>schieden. In den Zeiten, da ein Strauß und ein Suppé die</Unicode>
                </TextEquiv>
            </TextLine>
            <TextLine id="r1l20" custom="readingOrder {index:19;}">
                <Coords points="2124,1429 3238,1421 3237,1363 2123,1387"/>
                <Baseline points="2145,1423 2198,1422 2252,1421 2305,1420 2359,1419 2413,1418 2466,1417 2520,1416 2573,1415 2627,1414 2681,1412 2734,1411 2788,1410 2841,1409 2895,1408 2949,1406 3002,1405 3056,1404 3109,1403 3163,1402 3217,1401"/>
                <TextEquiv>
                    <Unicode>Die tleineren Rollen des alten Grafen und des Vormunds</Unicode>
                </TextEquiv>
            </TextLine>
            <TextLine id="r1l21" custom="readingOrder {index:20;}">
                <Coords points="2134,1475 3232,1439 3231,1396 2133,1421"/>
                <Baseline points="2153,1457 2206,1457 2259,1457 2312,1456 2365,1456 2418,1455 2471,1454 2524,1453 2577,1452 2630,1451 2683,1449 2736,1448 2789,1447 2842,1446 2895,1444 2948,1443 3001,1442 3054,1442 3107,1441 3160,1440 3214,1440"/>
                <TextEquiv>
                    <Unicode>Siebenschein fenden in den Herren. Tochtermann und</Unicode>
                </TextEquiv>
            </TextLine>
            <TextLine id="r1l22" custom="readingOrder {index:21;}">
                <Coords points="1038,1474 2136,1445 2134,1392 1993,1388 1037,1436"/>
                <Baseline points="1056,1463 1109,1461 1162,1460 1215,1459 1268,1457 1321,1456 1374,1455 1427,1454 1480,1453 1533,1452 1586,1450 1639,1449 1692,1448 1745,1446 1798,1445 1851,1443 1904,1441 1957,1440 2010,1438 2063,1436 2117,1433"/>
                <TextEquiv>
                    <Unicode>Operettenbühne beherrschten, durfte man an Tert und Musik</Unicode>
                </TextEquiv>
            </TextLine>
            <TextLine id="r1l23" custom="readingOrder {index:22;}">
                <Coords points="170,1478 254,1487 300,1455 568,1483 701,1449 924,1463 958,1435 1038,1453 1037,1395 168,1409"/>
                <Baseline points="189,1463 230,1461 271,1461 313,1459 354,1458 396,1457 437,1457 479,1455 520,1455 562,1453 603,1453 644,1451 686,1450 727,1449 769,1449 810,1448 852,1447 893,1445 935,1444 976,1443 1018,1442"/>
                <TextEquiv>
                    <Unicode>ttliche Vertiefung ihn, interessierender Dinge zu</Unicode>
                </TextEquiv>
            </TextLine>
            <TextLine id="r1l24" custom="readingOrder {index:23;}">
                <Coords points="2134,1511 2577,1479 3248,1505 3246,1429 2133,1465"/>
                <Baseline points="2153,1496 2206,1495 2260,1495 2314,1494 2367,1493 2421,1492 2475,1491 2528,1490 2582,1489 2636,1488 2690,1487 2743,1485 2797,1485 2851,1483 2904,1482 2958,1481 3012,1480 3065,1480 3119,1479 3173,1478 3227,1478"/>
                <TextEquiv>
                    <Unicode>sleitz gute Vertreter. Szenisch sehr gut arrangiert waren</Unicode>
                </TextEquiv>
            </TextLine>
            <TextLine id="r1l25" custom="readingOrder {index:24;}">
                <Coords points="1030,1505 1953,1497 2140,1473 2139,1423 1030,1474"/>
                <Baseline points="1049,1499 1102,1498 1156,1497 1209,1496 1263,1495 1317,1493 1370,1492 1424,1491 1477,1490 1531,1489 1585,1487 1638,1486 1692,1485 1745,1483 1799,1482 1853,1480 1906,1478 1960,1477 2013,1475 2067,1473 2121,1470"/>
                <TextEquiv>
                    <Unicode>noch Ausprüche stellen Heute ist man bescheidener gewor¬</Unicode>
                </TextEquiv>
            </TextLine>
            <TextLine id="r1l26" custom="readingOrder {index:25;}">
                <Coords points="176,1523 1037,1501 1043,1435 175,1477"/>
                <Baseline points="195,1508 236,1507 278,1506 319,1504 361,1503 402,1501 444,1500 485,1499 527,1498 568,1496 610,1495 651,1493 693,1492 734,1491 776,1490 817,1489 859,1488 900,1487 942,1485 983,1485 1025,1484"/>
                <TextEquiv>
                    <Unicode>sen symbolistischen Ibsen=Ankängen, und seine</Unicode>
                </TextEquiv>
            </TextLine>
            <TextLine id="r1l27" custom="readingOrder {index:26;}">
                <Coords points="1029,1550 2142,1525 2141,1471 1027,1497"/>
                <Baseline points="1046,1540 1099,1538 1153,1536 1207,1535 1261,1534 1315,1532 1369,1531 1422,1530 1476,1528 1530,1527 1584,1526 1638,1525 1692,1523 1746,1522 1799,1520 1853,1519 1907,1517 1961,1516 2015,1514 2069,1511 2123,1509"/>
                <TextEquiv>
                    <Unicode>den. Oh das Buch einer Operette mehr oder weliger gut</Unicode>
                </TextEquiv>
            </TextLine>
            <TextLine id="r1l28" custom="readingOrder {index:27;}">
                <Coords points="2128,1528 3249,1541 3248,1487 2999,1469 2127,1486"/>
                <Baseline points="2147,1537 2201,1535 2255,1534 2309,1533 2363,1531 2417,1530 2471,1529 2525,1528 2579,1527 2633,1525 2688,1525 2742,1524 2796,1523 2850,1522 2904,1521 2958,1520 3012,1519 3066,1518 3120,1517 3174,1516 3229,1515"/>
                <TextEquiv>
                    <Unicode>das Vorspiel und die Straßenszene im ersten Akt. Den</Unicode>
                </TextEquiv>
            </TextLine>
            <TextLine id="r1l29" custom="readingOrder {index:28;}">
                <Coords points="171,1565 1044,1538 1042,1493 920,1484 170,1508"/>
                <Baseline points="192,1550 233,1549 275,1548 316,1548 358,1546 399,1545 441,1544 482,1543 524,1542 565,1541 607,1539 649,1538 690,1537 732,1536 773,1535 815,1533 856,1532 898,1532 939,1531 981,1530 1023,1530"/>
                <TextEquiv>
                    <Unicode>oristik, die auf der Bühne steilich oft viel von</Unicode>
                </TextEquiv>
            </TextLine>
            <TextLine id="r1l30" custom="readingOrder {index:29;}">
                <Coords points="3119,1567 3138,1571 3146,1568 3149,1573 3158,1566 3177,1570 3185,1524 3166,1521 3158,1524 3155,1519 3128,1515"/>
                <Baseline points="3142,1551 3160,1554"/>
                <TextEquiv>
                    <Unicode>82.</Unicode>
                </TextEquiv>
            </TextLine>
            <TextLine id="r1l31" custom="readingOrder {index:30;}">
                <Coords points="2128,1588 3111,1561 3110,1519 2127,1527"/>
                <Baseline points="2145,1570 2192,1570 2239,1569 2287,1569 2334,1569 2382,1568 2429,1567 2476,1566 2524,1566 2571,1565 2619,1564 2666,1562 2713,1562 2761,1561 2808,1560 2856,1559 2903,1558 2950,1558 2998,1557 3045,1557 3093,1557"/>
                <TextEquiv>
                    <Unicode>Taktstock schwang Herr Kavellmeister Neumann.</Unicode>
                </TextEquiv>
            </TextLine>
            <TextLine id="r1l32" custom="readingOrder {index:31;}">
                <Coords points="1044,1592 2088,1561 2137,1548 2136,1506 1042,1550"/>
                <Baseline points="1061,1581 1113,1579 1166,1577 1219,1575 1272,1573 1325,1572 1378,1570 1430,1569 1483,1568 1536,1567 1589,1565 1642,1564 1695,1562 1748,1561 1800,1559 1853,1557 1906,1556 1959,1553 2012,1551 2065,1549 2118,1546"/>
                <TextEquiv>
                    <Unicode>gemacht ist, gibt ehensowenig den Ausschlag, wie die Frage</Unicode>
                </TextEquiv>
            </TextLine>
            <TextLine id="r1l33" custom="readingOrder {index:32;}">
                <Coords points="177,1611 1045,1578 1043,1517 176,1561"/>
                <Baseline points="197,1592 238,1592 280,1591 321,1590 363,1589 404,1588 446,1587 487,1586 529,1585 570,1584 612,1583 653,1581 695,1580 736,1579 778,1577 819,1576 861,1575 902,1573 944,1572 985,1570 1027,1568"/>
                <TextEquiv>
                    <Unicode>verliert, verleitet ihn. von einer individuellen</Unicode>
                </TextEquiv>
            </TextLine>
            <TextLine id="r1l34" custom="readingOrder {index:33;}">
                <Coords points="1030,1613 2136,1589 2135,1555 2001,1547 1029,1571"/>
                <Baseline points="1049,1617 1102,1615 1155,1614 1209,1612 1262,1611 1316,1610 1369,1608 1423,1607 1476,1606 1530,1605 1583,1603 1636,1602 1690,1600 1743,1599 1797,1597 1850,1596 1904,1593 1957,1591 2011,1589 2064,1587 2118,1584"/>
                <TextEquiv>
                    <Unicode> nach Originalität der musikalischen Erfindung. Man ist zu¬</Unicode>
                </TextEquiv>
            </TextLine>
            <TextLine id="r1l35" custom="readingOrder {index:34;}">
                <Coords points="2256,1632 3243,1626 3242,1569 2255,1582"/>
                <Baseline points="2273,1620 2320,1620 2368,1620 2415,1620 2463,1619 2510,1618 2558,1617 2605,1616 2653,1615 2700,1613 2748,1612 2796,1610 2843,1609 2891,1608 2938,1607 2986,1606 3033,1605 3081,1604 3128,1604 3176,1604 3224,1604"/>
                <TextEquiv>
                    <Unicode>Berliner Theaier. Man schreibt uns aus Berlin</Unicode>
                </TextEquiv>
            </TextLine>
            <TextLine id="r1l36" custom="readingOrder {index:35;}">
                <Coords points="177,1649 249,1628 1019,1628 1040,1570 175,1592"/>
                <Baseline points="197,1636 238,1635 279,1634 320,1633 361,1632 403,1632 444,1631 485,1630 526,1629 567,1629 609,1628 650,1627 691,1626 732,1625 773,1624 815,1622 856,1620 897,1619 938,1616 979,1615 1021,1612"/>
                <TextEquiv>
                    <Unicode>na mehr als wünschenswert abzusehen und seine</Unicode>
                </TextEquiv>
            </TextLine>
            <TextLine id="r1l37" custom="readingOrder {index:36;}">
                <Coords points="1039,1667 2125,1632 2147,1582 1038,1625"/>
                <Baseline points="1057,1656 1110,1654 1164,1652 1217,1650 1271,1649 1325,1647 1378,1646 1432,1645 1485,1643 1539,1642 1593,1641 1646,1639 1700,1638 1753,1637 1807,1635 1861,1634 1914,1632 1968,1630 2021,1627 2075,1625 2129,1622"/>
                <TextEquiv>
                    <Unicode>frieden, wenn man gut unterhalten wird, und da bei dem</Unicode>
                </TextEquiv>
            </TextLine>
            <TextLine id="r1l38" custom="readingOrder {index:37;}">
                <Coords points="2134,1666 3252,1659 3251,1606 2133,1605"/>
                <Baseline points="2155,1666 2208,1665 2262,1663 2316,1662 2370,1661 2424,1660 2478,1659 2531,1658 2585,1657 2639,1655 2693,1654 2747,1653 2801,1652 2855,1652 2908,1650 2962,1650 3016,1648 3070,1648 3124,1647 3178,1646 3232,1644"/>
                <TextEquiv>
                    <Unicode>unterm 17. d. M.: Heute hatte das Deutsche Theater</Unicode>
                </TextEquiv>
            </TextLine>
            <TextLine id="r1l39" custom="readingOrder {index:38;}">
                <Coords points="181,1688 893,1681 1049,1662 1048,1616 179,1646"/>
                <Baseline points="201,1679 242,1678 284,1678 325,1677 367,1677 408,1676 450,1675 491,1675 533,1674 574,1673 616,1672 657,1671 699,1670 740,1669 782,1667 823,1666 865,1664 906,1663 948,1661 989,1659 1031,1657"/>
                <TextEquiv>
                    <Unicode>seine These mit allen möglichen Weiterungen von</Unicode>
                </TextEquiv>
            </TextLine>
            <TextLine id="r1l40" custom="readingOrder {index:39;}">
                <Coords points="1035,1710 1352,1674 2110,1677 2150,1618 1033,1656"/>
                <Baseline points="1055,1694 1108,1692 1162,1690 1216,1689 1270,1687 1324,1686 1377,1685 1431,1684 1485,1682 1539,1681 1593,1680 1646,1679 1700,1677 1754,1676 1808,1674 1862,1673 1915,1671 1969,1669 2023,1666 2077,1664 2131,1661"/>
                <TextEquiv>
                    <Unicode>„Veilchenmädel“ weder die „Dichter“ noch der Komponist</Unicode>
                </TextEquiv>
            </TextLine>
            <TextLine id="r1l41" custom="readingOrder {index:40;}">
                <Coords points="2137,1726 3250,1698 3249,1641 2136,1665"/>
                <Baseline points="2155,1704 2208,1703 2262,1701 2316,1700 2370,1699 2424,1698 2477,1697 2531,1697 2585,1696 2639,1696 2693,1695 2746,1694 2800,1693 2854,1692 2908,1691 2962,1690 3015,1689 3069,1687 3123,1686 3177,1683 3231,1681"/>
                <TextEquiv>
                    <Unicode>hmter der neuen Direktion Paul Lindaus seinen ersten</Unicode>
                </TextEquiv>
            </TextLine>
            <TextLine id="r1l42" custom="readingOrder {index:41;}">
                <Coords points="189,1729 1001,1718 1050,1701 1049,1659 188,1687"/>
                <Baseline points="210,1725 251,1724 292,1723 333,1721 374,1720 415,1719 456,1717 498,1716 539,1714 580,1713 621,1711 662,1709 703,1708 744,1707 786,1705 827,1705 868,1703 909,1703 950,1702 991,1701 1033,1701"/>
                <TextEquiv>
                    <Unicode>behängen. Seine iyrische Kraft endlich löst sich</Unicode>
                </TextEquiv>
            </TextLine>
            <TextLine id="r1l43" custom="readingOrder {index:42;}">
                <Coords points="1047,1742 2145,1710 2143,1660 1046,1704"/>
                <Baseline points="1064,1732 1117,1731 1170,1729 1223,1728 1276,1727 1329,1726 1382,1725 1435,1723 1488,1722 1541,1721 1594,1719 1647,1717 1700,1716 1753,1714 1806,1713 1859,1711 1912,1709 1965,1706 2018,1704 2071,1703 2124,1700"/>
                <TextEquiv>
                    <Unicode>umsonst strebten, dem Puolikum das Mögliche zu bieten,</Unicode>
                </TextEquiv>
            </TextLine>
            <TextLine id="r1l44" custom="readingOrder {index:43;}">
                <Coords points="2154,1751 3248,1731 3247,1666 2153,1713"/>
                <Baseline points="2171,1743 2223,1742 2276,1740 2329,1739 2382,1738 2435,1738 2488,1737 2541,1737 2594,1736 2647,1736 2700,1735 2752,1735 2805,1734 2858,1733 2911,1732 2964,1731 3017,1729 3070,1726 3123,1724 3176,1721 3229,1717"/>
                <TextEquiv>
                    <Unicode>wirklichen und vermutlich nachhaltigen Erfolg: „Ketten¬</Unicode>
                </TextEquiv>
            </TextLine>
            <TextLine id="r1l45" custom="readingOrder {index:44;}">
                <Coords points="468,1748 643,1731 820,1738 819,1703 700,1711 684,1700 527,1700 467,1714"/>
                <Baseline points="488,1745 514,1743 540,1740 566,1738 592,1737 618,1736 644,1736 670,1736 696,1736 722,1736 748,1735 774,1734 801,1733"/>
                <TextEquiv>
                    <Unicode>e TEAt</Unicode>
                </TextEquiv>
            </TextLine>
            <TextLine id="r1l46" custom="readingOrder {index:45;}">
                <Coords points="1040,1771 2147,1756 2145,1710 2096,1707 1039,1733"/>
                <Baseline points="1059,1770 1112,1768 1165,1767 1219,1765 1272,1764 1326,1763 1379,1762 1432,1760 1486,1759 1539,1758 1593,1757 1646,1755 1699,1754 1753,1753 1806,1751 1860,1749 1913,1747 1966,1745 2020,1743 2073,1741 2127,1738"/>
                <TextEquiv>
                    <Unicode>und nach bewährtem Rezepi nicht versäumten, das Lustige</Unicode>
                </TextEquiv>
            </TextLine>
            <TextLine id="r1l47" custom="readingOrder {index:46;}">
                <Coords points="186,1779 962,1762 1050,1745 1049,1714 184,1726"/>
                <Baseline points="204,1770 245,1768 286,1767 328,1766 369,1764 410,1764 452,1763 493,1762 534,1761 576,1760 617,1759 658,1759 700,1758 741,1757 782,1756 824,1754 865,1753 906,1751 948,1749 989,1746 1031,1744"/>
                <TextEquiv>
                    <Unicode>ch sehr in Maeterlimische Rebulosität auf, die im</Unicode>
                </TextEquiv>
            </TextLine>
            <TextLine id="r1l48" custom="readingOrder {index:47;}">
                <Coords points="2134,1791 3240,1758 3239,1712 2134,1746"/>
                <Baseline points="2155,1782 2208,1781 2261,1779 2314,1778 2368,1777 2421,1776 2474,1776 2528,1775 2581,1774 2634,1774 2688,1773 2741,1773 2794,1772 2847,1771 2901,1770 2954,1769 3007,1768 3061,1767 3114,1765 3167,1764 3221,1761"/>
                <TextEquiv>
                    <Unicode>glieder". Ein fröhliches Spiel am häuslichen Herd in</Unicode>
                </TextEquiv>
            </TextLine>
            <TextLine id="r1l49" custom="readingOrder {index:48;}">
                <Coords points="1048,1820 2054,1795 2142,1782 2141,1743 1046,1766"/>
                <Baseline points="1066,1802 1118,1802 1171,1801 1224,1801 1277,1800 1330,1800 1383,1799 1435,1798 1488,1797 1541,1796 1594,1795 1647,1794 1700,1792 1753,1791 1805,1789 1858,1787 1911,1785 1964,1783 2017,1781 2070,1778 2123,1775"/>
                <TextEquiv>
                    <Unicode>mit dem Sentimentalen zu mischen, so mußte es ihnen</Unicode>
                </TextEquiv>
            </TextLine>
            <TextLine id="r1l50" custom="readingOrder {index:49;}">
                <Coords points="184,1821 930,1813 1033,1790 1031,1741 783,1768 182,1767"/>
                <Baseline points="201,1810 241,1810 282,1810 323,1809 363,1808 404,1807 445,1806 485,1805 526,1804 567,1802 608,1800 648,1799 689,1797 730,1796 770,1794 811,1793 852,1791 892,1791 933,1789 974,1789 1015,1788"/>
                <TextEquiv>
                    <Unicode>r mauchmal gar zu gewählten allzu „literarischen“</Unicode>
                </TextEquiv>
            </TextLine>
            <TextLine id="r1l51" custom="readingOrder {index:50;}">
                <Coords points="2145,1826 3243,1809 3250,1743 2144,1780"/>
                <Baseline points="2165,1821 2218,1820 2271,1819 2324,1818 2378,1817 2431,1816 2484,1815 2537,1814 2591,1813 2644,1812 2697,1811 2750,1810 2804,1809 2857,1808 2910,1807 2963,1806 3017,1805 3070,1804 3123,1802 3176,1801 3230,1799"/>
                <TextEquiv>
                    <Unicode>vier Akten von Hermann Hehe mans fr. ging un¬</Unicode>
                </TextEquiv>
            </TextLine>
            <TextLine id="r1l52" custom="readingOrder {index:51;}">
                <Coords points="1049,1856 1975,1839 2150,1814 2149,1768 1048,1817"/>
                <Baseline points="1069,1849 1122,1847 1175,1844 1228,1842 1281,1840 1335,1839 1388,1837 1441,1836 1494,1834 1547,1833 1601,1832 1654,1830 1707,1829 1760,1828 1813,1826 1867,1824 1920,1822 1973,1820 2026,1818 2079,1815 2133,1813"/>
                <TextEquiv>
                    <Unicode>glücken. Man sieht einen verheirateten Zauberkünstler, der</Unicode>
                </TextEquiv>
            </TextLine>
            <TextLine id="r1l53" custom="readingOrder {index:52;}">
                <Coords points="182,1871 1043,1850 1045,1781 797,1810 180,1806"/>
                <Baseline points="201,1853 242,1853 283,1853 324,1852 366,1852 407,1851 448,1850 490,1850 531,1849 572,1848 614,1847 655,1845 696,1844 737,1843 779,1842 820,1840 861,1839 903,1838 944,1836 985,1834 1027,1833"/>
                <TextEquiv>
                    <Unicode>die Glaubwürdigken seiner Gestalten dann recht</Unicode>
                </TextEquiv>
            </TextLine>
            <TextLine id="r1l54" custom="readingOrder {index:53;}">
                <Coords points="2148,1869 3247,1843 3246,1808 3146,1799 2147,1823"/>
                <Baseline points="2166,1862 2219,1860 2272,1858 2325,1857 2378,1856 2431,1855 2484,1854 2537,1853 2590,1852 2643,1851 2697,1851 2750,1850 2803,1849 2856,1848 2909,1847 2962,1846 3015,1844 3068,1843 3121,1840 3174,1838 3228,1835"/>
                <TextEquiv>
                    <Unicode>ter steigender Anteilnahme und lebhaftem Beifall des Pu¬</Unicode>
                </TextEquiv>
            </TextLine>
            <TextLine id="r1l55" custom="readingOrder {index:54;}">
                <Coords points="1043,1896 1851,1880 2122,1861 2144,1822 1041,1842"/>
                <Baseline points="1061,1885 1114,1883 1167,1881 1220,1879 1274,1878 1327,1876 1380,1875 1434,1874 1487,1873 1540,1872 1594,1871 1647,1869 1700,1868 1753,1867 1807,1865 1860,1863 1913,1861 1967,1858 2020,1856 2073,1853 2127,1849"/>
                <TextEquiv>
                    <Unicode>den Leuten Eier aus der Nase zieht, und sich als auslän¬</Unicode>
                </TextEquiv>
            </TextLine>
            <TextLine id="r1l56" custom="readingOrder {index:55;}">
                <Coords points="2139,1903 3249,1893 3248,1843 2138,1872"/>
                <Baseline points="2157,1901 2210,1899 2264,1897 2317,1895 2371,1894 2425,1893 2478,1892 2532,1891 2585,1890 2639,1890 2693,1889 2746,1888 2800,1888 2853,1887 2907,1886 2961,1885 3014,1883 3068,1882 3121,1880 3175,1877 3229,1875"/>
                <TextEquiv>
                    <Unicode>1 blikums in Szene. Es ist ein Stück, das anhebt, wie eine</Unicode>
                </TextEquiv>
            </TextLine>
            <TextLine id="r1l57" custom="readingOrder {index:56;}">
                <Coords points="186,1913 1047,1890 1045,1825 1007,1818 185,1860"/>
                <Baseline points="206,1900 247,1899 288,1898 329,1897 370,1896 411,1895 452,1895 493,1894 534,1893 575,1892 617,1891 658,1890 699,1889 740,1888 781,1886 822,1885 863,1883 904,1882 945,1880 986,1878 1028,1876"/>
                <TextEquiv>
                    <Unicode>wirkt. So kam es denn, daß das Publikum offen¬</Unicode>
                </TextEquiv>
            </TextLine>
            <TextLine id="r1l58" custom="readingOrder {index:57;}">
                <Coords points="1044,1928 2154,1897 2152,1848 1043,1894"/>
                <Baseline points="1063,1924 1116,1922 1170,1920 1223,1919 1277,1917 1330,1916 1384,1914 1437,1913 1491,1912 1544,1911 1598,1910 1652,1908 1705,1907 1759,1905 1812,1903 1866,1901 1919,1899 1973,1896 2026,1893 2080,1890 2134,1886"/>
                <TextEquiv>
                    <Unicode>dische Tanzerin produziert; einen Jongleur, der die schwer¬</Unicode>
                </TextEquiv>
            </TextLine>
            <TextLine id="r1l59" custom="readingOrder {index:58;}">
                <Coords points="2152,1944 3223,1931 3245,1877 2151,1906"/>
                <Baseline points="2170,1940 2222,1937 2275,1935 2328,1934 2381,1932 2434,1931 2486,1930 2539,1930 2592,1929 2645,1929 2698,1928 2750,1927 2803,1927 2856,1926 2909,1925 2962,1924 3014,1922 3067,1920 3120,1918 3173,1915 3226,1913"/>
                <TextEquiv>
                    <Unicode>Komödie und recht ernst ausklingt, ein König Lear ins Mo¬</Unicode>
                </TextEquiv>
            </TextLine>
            <TextLine id="r1l60" custom="readingOrder {index:59;}">
                <Coords points="190,1948 944,1939 1043,1929 1042,1886 189,1909"/>
                <Baseline points="209,1942 249,1941 290,1940 331,1940 371,1939 412,1939 453,1938 493,1937 534,1936 575,1935 616,1934 656,1933 697,1932 738,1930 778,1929 819,1928 860,1927 900,1925 941,1923 982,1921 1023,1919"/>
                <TextEquiv>
                    <Unicode>wüßte, wases mit diesem gleichsan auf Gedanken¬</Unicode>
                </TextEquiv>
            </TextLine>
            <TextLine id="r1l61" custom="readingOrder {index:60;}">
                <Coords points="1057,1964 2151,1944 2150,1886 1056,1926"/>
                <Baseline points="1075,1962 1127,1959 1180,1958 1233,1956 1286,1954 1339,1953 1391,1952 1444,1951 1497,1950 1550,1948 1603,1947 1655,1946 1708,1945 1761,1944 1814,1942 1867,1940 1919,1938 1972,1935 2025,1933 2078,1929 2131,1926"/>
                <TextEquiv>
                    <Unicode>sten Hausknechte wttelos in der Luft stemmt und einen</Unicode>
                </TextEquiv>
            </TextLine>
            <TextLine id="r1l62" custom="readingOrder {index:61;}">
                <Coords points="2149,1990 3256,1979 3231,1918 2148,1936"/>
                <Baseline points="2169,1976 2222,1975 2275,1974 2328,1973 2382,1972 2435,1971 2488,1970 2542,1969 2595,1968 2648,1967 2702,1966 2755,1965 2808,1964 2861,1963 2915,1962 2968,1961 3021,1960 3075,1958 3128,1957 3181,1955 3235,1953"/>
                <TextEquiv>
                    <Unicode>dern=Kleinbürgerliche eines holländischen Nestes übersetzt.</Unicode>
                </TextEquiv>
            </TextLine>
            <TextLine id="r1l63" custom="readingOrder {index:62;}">
                <Coords points="175,1997 1052,1973 1050,1919 174,1951"/>
                <Baseline points="193,1991 234,1989 276,1988 318,1986 360,1985 402,1983 444,1982 486,1980 528,1979 570,1978 612,1976 653,1975 695,1974 737,1973 779,1971 821,1970 863,1969 905,1967 947,1966 989,1965 1031,1963"/>
                <TextEquiv>
                    <Unicode>igswaiten schwebenden Stück anfangen sollte, und</Unicode>
                </TextEquiv>
            </TextLine>
            <TextLine id="r1l64" custom="readingOrder {index:63;}">
                <Coords points="1056,2008 2154,1981 2152,1927 1054,1962"/>
                <Baseline points="1075,2002 1128,1999 1181,1996 1234,1994 1287,1992 1340,1990 1393,1989 1446,1987 1499,1986 1552,1985 1605,1984 1658,1983 1711,1982 1764,1981 1817,1980 1870,1978 1923,1976 1976,1974 2029,1972 2082,1970 2135,1966"/>
                <TextEquiv>
                    <Unicode>sentimentalen Volksjänger, der sich in ein von ihrer Prin¬</Unicode>
                </TextEquiv>
            </TextLine>
            <TextLine id="r1l65" custom="readingOrder {index:64;}">
                <Coords points="2148,2015 3174,2010 3250,2001 3249,1951 2147,1988"/>
                <Baseline points="2167,2017 2220,2016 2273,2015 2326,2014 2379,2012 2432,2011 2485,2010 2539,2008 2592,2007 2645,2006 2698,2005 2751,2004 2804,2003 2857,2001 2911,2000 2964,1999 3017,1998 3070,1997 3123,1995 3176,1994 3230,1993"/>
                <TextEquiv>
                    <Unicode> Paneras Duif, der als einfacher Eisenbahnarbeiter ange¬</Unicode>
                </TextEquiv>
            </TextLine>
            <TextLine id="r1l66" custom="readingOrder {index:65;}">
                <Coords points="183,2043 520,2045 638,2014 799,2033 932,2006 1029,2026 1055,2017 1054,1964 182,1997"/>
                <Baseline points="203,2032 244,2031 286,2029 327,2028 369,2027 410,2026 452,2025 493,2023 535,2022 576,2020 618,2020 660,2018 701,2017 743,2015 784,2014 826,2013 867,2012 909,2011 950,2010 992,2009 1034,2008"/>
                <TextEquiv>
                    <Unicode>öflich aber doch entschieden ablehnte. Der nicht</Unicode>
                </TextEquiv>
            </TextLine>
            <TextLine id="r1l67" custom="readingOrder {index:66;}">
                <Coords points="1042,2038 2042,2036 2152,2022 2151,1964 1041,2003"/>
                <Baseline points="1061,2043 1114,2039 1168,2036 1221,2034 1275,2031 1328,2030 1382,2028 1435,2027 1489,2026 1542,2024 1596,2023 1649,2023 1703,2021 1756,2020 1810,2019 1863,2018 1917,2015 1970,2014 2024,2011 2077,2009 2131,2005"/>
                <TextEquiv>
                    <Unicode>zipalin ausgebeutetes und ven ihrem Vormund betrogenes</Unicode>
                </TextEquiv>
            </TextLine>
            <TextLine id="r1l68" custom="readingOrder {index:67;}">
                <Coords points="2153,2072 3121,2051 3254,2024 3253,1978 2151,2019"/>
                <Baseline points="2171,2060 2224,2059 2277,2057 2330,2056 2383,2054 2437,2052 2490,2050 2543,2049 2596,2047 2649,2045 2703,2043 2756,2042 2809,2040 2862,2039 2915,2038 2969,2037 3022,2036 3075,2035 3128,2035 3181,2035 3235,2036"/>
                <TextEquiv>
                    <Unicode>fangen, sich zu ansehnlichem Reichtum emporgearbeitet hat</Unicode>
                </TextEquiv>
            </TextLine>
            <TextLine id="r1l69" custom="readingOrder {index:68;}">
                <Coords points="1052,2083 2154,2056 2160,1998 1050,2037"/>
                <Baseline points="1071,2075 1124,2074 1177,2072 1231,2070 1284,2068 1338,2067 1391,2066 1445,2065 1498,2064 1552,2063 1605,2062 1658,2061 1712,2060 1765,2059 1819,2058 1872,2056 1926,2054 1979,2052 2033,2050 2086,2047 2140,2044"/>
                <TextEquiv>
                    <Unicode>Blumenmädchen verliebt. Es gibt Eheschließungen und</Unicode>
                </TextEquiv>
            </TextLine>
            <TextLine id="r1l70" custom="readingOrder {index:69;}">
                <Coords points="181,2085 1054,2054 1052,1996 990,1995 811,2028 180,2046"/>
                <Baseline points="201,2075 242,2075 284,2075 325,2074 367,2073 409,2072 450,2071 492,2070 533,2069 575,2067 617,2066 658,2064 700,2062 741,2060 783,2059 825,2057 866,2055 908,2053 949,2051 991,2049 1033,2047"/>
                <TextEquiv>
                    <Unicode>ifall an Ende des zweilen, dritten und Schluß¬</Unicode>
                </TextEquiv>
            </TextLine>
            <TextLine id="r1l71" custom="readingOrder {index:70;}">
                <Coords points="2153,2115 3247,2078 3245,2020 2152,2069"/>
                <Baseline points="2171,2100 2223,2098 2276,2096 2329,2094 2382,2092 2435,2091 2487,2089 2540,2088 2593,2086 2646,2085 2699,2084 2751,2083 2804,2082 2857,2081 2910,2080 2963,2079 3015,2078 3068,2077 3121,2075 3174,2074 3227,2073"/>
                <TextEquiv>
                    <Unicode>sodaß nun, da er in der Mitte der Fünfziger steht, seine</Unicode>
                </TextEquiv>
            </TextLine>
            <TextLine id="r1l72" custom="readingOrder {index:71;}">
                <Coords points="1049,2100 1141,2129 2159,2097 2135,2048 1048,2066"/>
                <Baseline points="1068,2113 1121,2111 1175,2110 1228,2108 1282,2107 1335,2106 1389,2104 1442,2103 1496,2102 1549,2101 1603,2100 1657,2099 1710,2098 1764,2096 1817,2094 1871,2093 1924,2091 1978,2089 2031,2086 2085,2083 2139,2080"/>
                <TextEquiv>
                    <Unicode>Ehescheidungen, den Geist eines verstorbenen Hausknechtes,</Unicode>
                </TextEquiv>
            </TextLine>
            <TextLine id="r1l73" custom="readingOrder {index:72;}">
                <Coords points="173,2124 1053,2102 1052,2063 807,2054 172,2082"/>
                <Baseline points="193,2122 235,2119 277,2118 319,2115 361,2114 403,2112 445,2111 487,2110 529,2109 571,2108 613,2107 655,2106 697,2106 739,2105 781,2104 823,2103 865,2102 907,2101 949,2100 991,2098 1033,2097"/>
                <TextEquiv>
                    <Unicode>hl nur der Darstellung; vor allem Herrn Bolz,</Unicode>
                </TextEquiv>
            </TextLine>
            <TextLine id="r1l74" custom="readingOrder {index:73;}">
                <Coords points="2165,2142 3129,2125 3255,2102 3254,2056 2164,2100"/>
                <Baseline points="2185,2138 2237,2136 2290,2134 2342,2133 2395,2131 2448,2130 2500,2129 2553,2127 2605,2126 2658,2125 2711,2124 2763,2122 2816,2121 2868,2120 2921,2119 2974,2117 3026,2116 3079,2114 3131,2112 3184,2111 3237,2109"/>
                <TextEquiv>
                    <Unicode>Fabrik eine Aktiengesellschaft mit seinem Sohne als Direk¬</Unicode>
                </TextEquiv>
            </TextLine>
            <TextLine id="r1l75" custom="readingOrder {index:74;}">
                <Coords points="1049,2151 2167,2125 2165,2086 2108,2084 1048,2101"/>
                <Baseline points="1068,2152 1122,2151 1176,2149 1230,2148 1284,2147 1338,2145 1392,2144 1446,2143 1500,2142 1554,2140 1608,2139 1662,2137 1716,2136 1770,2134 1824,2132 1878,2130 1932,2128 1986,2126 2040,2123 2094,2120 2149,2117"/>
                <TextEquiv>
                    <Unicode>der einen Schatz veraraben. und zu dem altem wird ebenso“</Unicode>
                </TextEquiv>
            </TextLine>
            <TextLine id="r1l76" custom="readingOrder {index:75;}">
                <Coords points="184,2174 1060,2141 1036,2100 730,2120 576,2093 527,2122 183,2124"/>
                <Baseline points="202,2164 246,2163 290,2162 334,2160 378,2159 422,2158 466,2156 511,2155 555,2154 599,2152 643,2151 687,2150 731,2149 776,2147 820,2146 864,2145 908,2144 952,2143 996,2142 1041,2141"/>
                <TextEquiv>
                    <Unicode>wählter Maske und mit feiner Sprechkunst den</Unicode>
                </TextEquiv>
            </TextLine>
            <TextLine id="r1l77" custom="readingOrder {index:76;}">
                <Coords points="2153,2186 3247,2161 3246,2103 2151,2136"/>
                <Baseline points="2173,2174 2225,2173 2278,2171 2331,2170 2384,2169 2437,2168 2489,2167 2542,2166 2595,2165 2648,2164 2701,2163 2753,2162 2806,2161 2859,2160 2912,2158 2965,2157 3017,2156 3070,2153 3123,2152 3176,2149 3229,2147"/>
                <TextEquiv>
                    <Unicode>tor an der Spitze geworden ist, ein Mann, der seit 24 Jah¬</Unicode>
                </TextEquiv>
            </TextLine>
            <TextLine id="r1l78" custom="readingOrder {index:77;}">
                <Coords points="1059,2196 2050,2177 2141,2121 1058,2158"/>
                <Baseline points="1078,2190 1130,2189 1182,2188 1234,2187 1286,2186 1339,2185 1391,2183 1443,2182 1495,2180 1547,2179 1600,2177 1652,2176 1704,2174 1756,2172 1808,2170 1861,2168 1913,2167 1965,2164 2017,2163 2069,2160 2122,2159"/>
                <TextEquiv>
                    <Unicode>viel gesungen wie getanzt. An dem üblichen Grafen=Trott““</Unicode>
                </TextEquiv>
            </TextLine>
            <TextLine id="r1l79" custom="readingOrder {index:78;}">
                <Coords points="168,2235 247,2206 1063,2194 1061,2141 166,2162"/>
                <Baseline points="187,2208 229,2207 272,2206 315,2205 358,2204 401,2203 443,2202 486,2201 529,2199 572,2199 615,2197 657,2196 700,2195 743,2194 786,2192 829,2191 871,2189 914,2188 957,2186 1000,2185 1043,2183"/>
                <TextEquiv>
                    <Unicode>Des Dichters durchaus gerecht würde und den Ungen</Unicode>
                </TextEquiv>
            </TextLine>
            <TextLine id="r1l80" custom="readingOrder {index:79;}">
                <Coords points="1060,2241 2116,2207 2173,2201 2171,2132 2084,2170 1058,2199"/>
                <Baseline points="1077,2228 1130,2227 1184,2225 1238,2224 1292,2223 1345,2222 1399,2220 1453,2219 1507,2217 1560,2216 1614,2214 1668,2213 1722,2211 1775,2209 1829,2207 1883,2205 1937,2203 1990,2200 2044,2198 2098,2195 2152,2192"/>
                <TextEquiv>
                    <Unicode>fehlt es auch nicht und das ganze ist ein durchaus mu¬</Unicode>
                </TextEquiv>
            </TextLine>
            <TextLine id="r1l81" custom="readingOrder {index:80;}">
                <Coords points="1044,2259 3259,2193 1042,2209"/>
                <Baseline points="1065,2262 1173,2263 1282,2262 1391,2260 1500,2258 1608,2254 1717,2249 1826,2244 1935,2238 2043,2232 2152,2226 2261,2220 2370,2214 2478,2208 2587,2204 2696,2199 2805,2195 2913,2193 3022,2191 3131,2191 3240,2193"/>
                <TextEquiv>
                    <Unicode>derne Variété=Atmosphäre gerückt, die einen großen Spiel=) in dieser langen Zeit aber seiner starken</Unicode>
                </TextEquiv>
            </TextLine>
            <TextLine id="r1l82" custom="readingOrder {index:81;}">
                <Coords points="185,2258 1046,2246 1056,2188 184,2216"/>
                <Baseline points="202,2252 243,2249 285,2248 327,2246 369,2245 410,2244 452,2243 494,2242 536,2241 577,2240 619,2239 661,2238 703,2236 744,2236 786,2235 828,2233 870,2232 911,2231 953,2229 995,2228 1037,2226"/>
                <TextEquiv>
                    <Unicode>Neuschenkenner und Verächter Sala, diesen recht</Unicode>
                </TextEquiv>
            </TextLine>
            <TextLine id="r1l83" custom="readingOrder {index:82;}">
                <Coords points="1055,2305 3255,2235 2789,2185 1053,2263"/>
                <Baseline points="1073,2303 1181,2302 1289,2300 1397,2298 1505,2295 1613,2291 1721,2286 1830,2281 1938,2275 2046,2270 2154,2264 2262,2259 2370,2253 2478,2248 2587,2243 2695,2239 2803,2236 2911,2233 3019,2232 3127,2231 3236,2232"/>
                <TextEquiv>
                    <Unicode>raum für das Groteske und Unwahrscheinliche virtet: ein; jinnlichen Veranlagung nicht die Zügel schießen lassen</Unicode>
                </TextEquiv>
            </TextLine>
            <TextLine id="r1l84" custom="readingOrder {index:83;}">
                <Coords points="2160,2304 3254,2266 3253,2232 2744,2225 2159,2265"/>
                <Baseline points="2180,2291 2232,2290 2285,2288 2338,2287 2390,2285 2443,2284 2496,2282 2548,2281 2601,2280 2654,2279 2707,2277 2759,2276 2812,2275 2865,2274 2917,2273 2970,2272 3023,2271 3075,2269 3128,2268 3181,2267 3234,2266"/>
                <TextEquiv>
                    <Unicode>konnte, sehnt sich nun danach, endlich noch das Leben zu ge¬</Unicode>
                </TextEquiv>
            </TextLine>
            <TextLine id="r1l85" custom="readingOrder {index:84;}">
                <Coords points="182,2311 468,2279 985,2287 1061,2269 1060,2223 180,2254"/>
                <Baseline points="201,2295 243,2293 285,2292 327,2290 369,2290 411,2288 453,2287 495,2286 537,2284 579,2283 621,2282 663,2280 705,2279 747,2278 789,2277 831,2275 873,2274 915,2273 957,2271 999,2270 1041,2269"/>
                <TextEquiv>
                    <Unicode>Hauptsprachrohr des Autors dienenden ästhetischen</Unicode>
                </TextEquiv>
            </TextLine>
            <TextLine id="r1l86" custom="readingOrder {index:85;}">
                <Coords points="2153,2350 3263,2316 3227,2263 2554,2294 2152,2269"/>
                <Baseline points="2171,2329 2224,2329 2278,2328 2331,2327 2385,2326 2439,2325 2492,2324 2546,2322 2600,2321 2653,2319 2707,2318 2761,2317 2814,2315 2868,2314 2922,2313 2975,2311 3029,2310 3083,2309 3136,2308 3190,2307 3244,2306"/>
                <TextEquiv>
                    <Unicode>nießen und will sich mit seiner Wirtschafterin verheiraten.</Unicode>
                </TextEquiv>
            </TextLine>
            <TextLine id="r1l87" custom="readingOrder {index:86;}">
                <Coords points="183,2353 1025,2329 1055,2321 1054,2271 181,2300"/>
                <Baseline points="201,2338 242,2337 284,2335 326,2334 367,2333 409,2332 451,2330 492,2329 534,2328 576,2327 618,2326 659,2324 701,2324 743,2322 784,2321 826,2320 868,2318 909,2317 951,2316 993,2315 1035,2314"/>
                <TextEquiv>
                    <Unicode>oder philosophischen Aestheten so überzeugend gab,</Unicode>
                </TextEquiv>
            </TextLine>
            <TextLine id="r1l88" custom="readingOrder {index:87;}">
                <Coords points="1055,2338 2169,2331 2144,2263 1054,2308"/>
                <Baseline points="1076,2344 1129,2342 1183,2340 1237,2338 1291,2337 1344,2336 1398,2334 1452,2333 1506,2331 1559,2330 1613,2329 1667,2327 1721,2326 1774,2324 1828,2323 1882,2321 1936,2318 1989,2316 2043,2314 2097,2311 2151,2308"/>
                <TextEquiv>
                    <Unicode> Vorteil, der reichlich auspenützt worden ist. Die Musik ist</Unicode>
                </TextEquiv>
            </TextLine>
            <TextLine id="r1l89" custom="readingOrder {index:88;}">
                <Coords points="2159,2371 3151,2360 3257,2342 3256,2285 2158,2329"/>
                <Baseline points="2179,2370 2232,2368 2285,2367 2338,2366 2391,2365 2444,2364 2497,2363 2550,2362 2603,2361 2656,2360 2709,2359 2762,2358 2815,2357 2868,2356 2921,2354 2974,2353 3027,2351 3080,2349 3133,2348 3186,2346 3240,2344"/>
                <TextEquiv>
                    <Unicode>Darob großes Entsetzen unter seinen Kindern und seiner</Unicode>
                </TextEquiv>
            </TextLine>
            <TextLine id="r1l90" custom="readingOrder {index:89;}">
                <Coords points="1060,2388 2170,2370 2168,2313 1058,2338"/>
                <Baseline points="1080,2382 1133,2380 1186,2378 1240,2376 1293,2374 1347,2373 1400,2371 1453,2370 1507,2369 1560,2367 1614,2366 1667,2364 1720,2363 1774,2361 1827,2360 1881,2358 1934,2356 1987,2354 2041,2352 2094,2350 2148,2347"/>
                <TextEquiv>
                    <Unicode>leicht und gefällig, aber ohne jede besondere Eigenart. Ar¬</Unicode>
                </TextEquiv>
            </TextLine>
            <TextLine id="r1l91" custom="readingOrder {index:90;}">
                <Coords points="187,2387 1056,2371 1054,2299 546,2342 185,2326"/>
                <Baseline points="205,2381 246,2381 288,2380 329,2379 371,2379 412,2377 454,2376 495,2375 537,2374 578,2372 620,2370 661,2369 703,2368 744,2366 786,2364 827,2364 869,2362 910,2360 952,2359 993,2358 1035,2357"/>
                <TextEquiv>
                    <Unicode>hur möglich war. Herr Kirch mochte als Julian</Unicode>
                </TextEquiv>
            </TextLine>
            <TextLine id="r1l92" custom="readingOrder {index:91;}">
                <Coords points="2163,2408 3262,2392 3260,2350 2984,2339 2162,2370"/>
                <Baseline points="2181,2412 2234,2410 2287,2408 2340,2407 2393,2405 2446,2404 2499,2402 2553,2401 2606,2399 2659,2398 2712,2397 2765,2395 2818,2394 2871,2393 2925,2391 2978,2389 3031,2387 3084,2386 3137,2384 3190,2382 3244,2380"/>
                <TextEquiv>
                    <Unicode>ganzen Verwandtschaft, die so lange nur immer von dem</Unicode>
                </TextEquiv>
            </TextLine>
            <TextLine id="r1l93" custom="readingOrder {index:92;}">
                <Coords points="1073,2424 2064,2403 2167,2396 2166,2350 1072,2385"/>
                <Baseline points="1090,2418 1145,2416 1201,2415 1257,2414 1312,2412 1368,2411 1424,2410 1480,2408 1535,2406 1591,2405 1647,2403 1703,2401 1758,2400 1814,2398 1870,2396 1926,2395 1981,2393 2037,2391 2093,2389 2149,2388"/>
                <TextEquiv>
                    <Unicode>klänge an Straußsche Rhytmen und Weisen und an andere</Unicode>
                </TextEquiv>
            </TextLine>
            <TextLine id="r1l94" custom="readingOrder {index:93;}">
                <Coords points="178,2434 1070,2424 1068,2359 176,2388"/>
                <Baseline points="196,2428 238,2427 281,2426 323,2425 366,2424 409,2423 451,2422 494,2420 537,2419 579,2418 622,2417 665,2415 707,2414 750,2412 793,2411 835,2410 878,2408 921,2406 963,2404 1006,2402 1049,2400"/>
                <TextEquiv>
                    <Unicode>hl genügen, würde aber mit etwas größerer</Unicode>
                </TextEquiv>
            </TextLine>
            <TextLine id="r1l95" custom="readingOrder {index:94;}">
                <Coords points="2159,2468 3261,2441 3259,2380 2157,2399"/>
                <Baseline points="2176,2448 2229,2447 2282,2446 2335,2444 2389,2443 2442,2442 2495,2441 2548,2439 2602,2438 2655,2437 2708,2436 2761,2434 2815,2433 2868,2431 2921,2430 2974,2428 3028,2426 3081,2424 3134,2422 3187,2420 3241,2417"/>
                <TextEquiv>
                    <Unicode>Alten Geld herausgezogen haben und nun fürchten, den ver¬</Unicode>
                </TextEquiv>
            </TextLine>
            <TextLine id="r1l96" custom="readingOrder {index:95;}">
                <Coords points="1061,2459 2132,2441 2154,2386 1059,2409"/>
                <Baseline points="1081,2455 1133,2454 1186,2453 1239,2452 1292,2450 1345,2449 1397,2448 1450,2446 1503,2445 1556,2444 1609,2442 1661,2441 1714,2439 1767,2438 1820,2436 1873,2435 1925,2433 1978,2431 2031,2429 2084,2427 2137,2425"/>
                <TextEquiv>
                    <Unicode>bewährte voltstümsiche Gesänge begegnet man Schritt auf</Unicode>
                </TextEquiv>
            </TextLine>
            <TextLine id="r1l97" custom="readingOrder {index:96;}">
                <Coords points="183,2483 929,2468 1058,2445 1057,2414 181,2429"/>
                <Baseline points="201,2469 242,2469 284,2468 326,2468 368,2467 410,2466 452,2464 494,2463 536,2462 578,2460 620,2458 661,2456 703,2455 745,2453 787,2451 829,2450 871,2448 913,2446 955,2445 997,2444 1039,2444"/>
                <TextEquiv>
                    <Unicode>keit und weniger primitinem Mienenspiel noch über¬</Unicode>
                </TextEquiv>
            </TextLine>
            <TextLine id="r1l98" custom="readingOrder {index:97;}">
                <Coords points="2158,2483 3238,2473 3271,2419 2157,2445"/>
                <Baseline points="2176,2486 2229,2486 2283,2486 2337,2485 2391,2483 2445,2482 2498,2481 2552,2479 2606,2477 2660,2475 2714,2473 2767,2472 2821,2470 2875,2469 2929,2467 2983,2465 3036,2464 3090,2463 3144,2462 3198,2462 3252,2462"/>
                <TextEquiv>
                    <Unicode>liebte Mann, der mit dem kostbaren Verlobungsriig auch</Unicode>
                </TextEquiv>
            </TextLine>
            <TextLine id="r1l99" custom="readingOrder {index:98;}">
                <Coords points="1055,2495 1644,2475 1791,2502 2157,2473 2156,2419 1055,2468"/>
                <Baseline points="1076,2495 1129,2493 1182,2491 1235,2489 1288,2488 1341,2487 1394,2485 1447,2484 1500,2483 1553,2482 1606,2481 1659,2480 1712,2478 1765,2477 1818,2476 1871,2474 1924,2472 1977,2470 2030,2468 2083,2465 2137,2463"/>
                <TextEquiv>
                    <Unicode> Schritt; immerhin ist bei allem eine geschickte und leicht ge¬</Unicode>
                </TextEquiv>
            </TextLine>
            <TextLine id="r1l100" custom="readingOrder {index:99;}">
                <Coords points="174,2518 1058,2501 1056,2447 172,2472"/>
                <Baseline points="191,2513 233,2513 275,2513 318,2512 360,2511 403,2509 445,2508 487,2507 530,2505 572,2504 615,2502 657,2500 699,2498 742,2497 784,2495 827,2494 869,2493 911,2492 954,2491 996,2490 1039,2490"/>
                <TextEquiv>
                    <Unicode>Erlen. Der Felit des Herrn Fricke ließ nichts</Unicode>
                </TextEquiv>
            </TextLine>
            <TextLine id="r1l101" custom="readingOrder {index:100;}">
                <Coords points="2165,2527 3260,2506 3259,2467 3147,2459 2164,2485"/>
                <Baseline points="2184,2524 2236,2524 2289,2523 2342,2523 2395,2522 2447,2521 2500,2519 2553,2518 2606,2517 2658,2515 2711,2514 2764,2512 2817,2510 2869,2509 2922,2507 2975,2505 3028,2504 3080,2503 3133,2501 3186,2500 3239,2499"/>
                <TextEquiv>
                    <Unicode>der Verlobien eine Lebensversicherungspolize von 50,000</Unicode>
                </TextEquiv>
            </TextLine>
            <TextLine id="r1l102" custom="readingOrder {index:101;}">
                <Coords points="1062,2547 2172,2509 2170,2444 1918,2482 1061,2498"/>
                <Baseline points="1083,2534 1136,2532 1190,2529 1243,2527 1297,2526 1350,2524 1404,2523 1457,2522 1511,2521 1564,2520 1618,2519 1671,2518 1725,2516 1778,2515 1832,2514 1885,2512 1939,2510 1992,2508 2046,2505 2099,2502 2153,2499"/>
                <TextEquiv>
                    <Unicode>staltende Hand angenehm zu spüren. Ihr Bestes vieten</Unicode>
                </TextEquiv>
            </TextLine>
            <TextLine id="r1l103" custom="readingOrder {index:102;}">
                <Coords points="177,2564 1030,2548 1072,2535 1071,2497 914,2505 871,2479 715,2511 175,2518"/>
                <Baseline points="197,2555 239,2554 282,2553 325,2553 367,2552 410,2551 453,2550 495,2549 538,2548 581,2547 624,2546 666,2545 709,2543 752,2542 794,2540 837,2539 880,2537 922,2536 965,2534 1008,2532 1051,2530"/>
                <TextEquiv>
                    <Unicode>nd ihre überlegene Kunst erwiesen die Herren</Unicode>
                </TextEquiv>
            </TextLine>
            <TextLine id="r1l104" custom="readingOrder {index:103;}">
                <Coords points="2161,2572 3256,2552 3255,2506 3216,2503 2160,2522"/>
                <Baseline points="2180,2562 2232,2562 2285,2561 2338,2560 2391,2559 2444,2558 2497,2557 2549,2556 2602,2555 2655,2554 2708,2552 2761,2551 2814,2550 2867,2548 2919,2547 2972,2546 3025,2545 3078,2544 3131,2543 3184,2542 3237,2541"/>
                <TextEquiv>
                    <Unicode>Gulden überreichte, könnte noch mehr Geld „verschwenden“,</Unicode>
                </TextEquiv>
            </TextLine>
            <TextLine id="r1l105" custom="readingOrder {index:104;}">
                <Coords points="1062,2581 2171,2553 2170,2496 1061,2547"/>
                <Baseline points="1082,2573 1135,2570 1188,2568 1242,2565 1295,2564 1349,2562 1402,2560 1456,2559 1509,2558 1563,2557 1616,2556 1669,2555 1723,2554 1776,2552 1830,2551 1883,2549 1937,2547 1990,2545 2044,2543 2097,2540 2151,2537"/>
                <TextEquiv>
                    <Unicode>Librettisten und Komponisten in dem bübsch durchgeführten</Unicode>
                </TextEquiv>
            </TextLine>
            <TextLine id="r1l106" custom="readingOrder {index:105;}">
                <Coords points="196,2614 1079,2577 1077,2520 1013,2545 194,2556"/>
                <Baseline points="214,2598 256,2597 298,2596 340,2595 382,2594 425,2594 467,2593 509,2592 551,2591 593,2590 636,2589 678,2588 720,2587 762,2586 804,2584 847,2583 889,2581 931,2579 973,2577 1015,2575 1058,2572"/>
                <TextEquiv>
                    <Unicode>Professor Wegrath und Pfeil als Doktor Ren¬</Unicode>
                </TextEquiv>
            </TextLine>
            <TextLine id="r1l107" custom="readingOrder {index:106;}">
                <Coords points="2157,2593 2273,2625 2789,2582 3271,2597 3239,2536 2157,2566"/>
                <Baseline points="2175,2603 2228,2602 2282,2601 2336,2600 2390,2599 2444,2598 2497,2597 2551,2596 2605,2595 2659,2594 2713,2593 2766,2591 2820,2590 2874,2589 2928,2587 2982,2586 3035,2584 3089,2582 3143,2580 3197,2578 3251,2575"/>
                <TextEquiv>
                    <Unicode>1 Sie fühlen sich plötzlich als treue Glieder der Familie, die</Unicode>
                </TextEquiv>
            </TextLine>
            <TextLine id="r1l108" custom="readingOrder {index:107;}">
                <Coords points="1056,2604 2162,2587 2134,2545 1055,2569"/>
                <Baseline points="1077,2611 1130,2609 1183,2607 1236,2605 1290,2603 1343,2602 1396,2600 1450,2599 1503,2597 1556,2596 1610,2594 1663,2593 1716,2592 1769,2590 1823,2589 1876,2587 1929,2585 1983,2584 2036,2582 2089,2580 2143,2578"/>
                <TextEquiv>
                    <Unicode>1 Vorspiel, das in dem Terzett der drei lustigen Brüder auch</Unicode>
                </TextEquiv>
            </TextLine>
            <TextLine id="r1l109" custom="readingOrder {index:108;}">
                <Coords points="2155,2642 3268,2613 3267,2575 2154,2597"/>
                <Baseline points="2175,2643 2228,2642 2282,2642 2336,2641 2390,2640 2444,2639 2497,2638 2551,2636 2605,2634 2659,2633 2713,2631 2766,2629 2820,2628 2874,2626 2928,2624 2982,2622 3035,2620 3089,2618 3143,2616 3197,2614 3251,2612"/>
                <TextEquiv>
                    <Unicode>i den „Standal“ vermeiden, das Unglück vom Haupte ihres</Unicode>
                </TextEquiv>
            </TextLine>
            <TextLine id="r1l110" custom="readingOrder {index:109;}">
                <Coords points="181,2652 1019,2635 1064,2626 1063,2577 401,2584 180,2614"/>
                <Baseline points="201,2644 243,2642 285,2641 327,2640 370,2639 412,2638 454,2637 497,2636 539,2634 581,2633 624,2632 666,2631 708,2629 750,2629 793,2627 835,2626 877,2624 920,2623 962,2621 1004,2620 1047,2619"/>
                <TextEquiv>
                    <Unicode>n diesen weniger hervortretenden Rollen. Die einzige</Unicode>
                </TextEquiv>
            </TextLine>
            <TextLine id="r1l111" custom="readingOrder {index:110;}">
                <Coords points="1057,2660 2128,2624 2166,2619 2165,2577 1056,2622"/>
                <Baseline points="1075,2649 1128,2647 1182,2645 1235,2644 1289,2643 1343,2641 1396,2639 1450,2638 1504,2636 1557,2635 1611,2633 1665,2632 1718,2630 1772,2628 1826,2627 1879,2625 1933,2623 1987,2621 2040,2619 2094,2618 2148,2616"/>
                <TextEquiv>
                    <Unicode>die musikalisch ansprechendste Nummer enthält. Viel wird</Unicode>
                </TextEquiv>
            </TextLine>
            <TextLine id="r1l112" custom="readingOrder {index:111;}">
                <Coords points="2161,2701 3278,2655 3276,2610 3173,2605 2159,2644"/>
                <Baseline points="2179,2682 2235,2681 2292,2680 2349,2679 2406,2678 2462,2677 2519,2675 2576,2674 2633,2672 2690,2671 2746,2669 2803,2667 2860,2666 2917,2664 2974,2662 3030,2660 3087,2659 3144,2657 3201,2655 3258,2653"/>
                <TextEquiv>
                    <Unicode>betörten Vaters fernhalten müssen und zeigen sich in ihrer</Unicode>
                </TextEquiv>
            </TextLine>
            <TextLine id="r1l113" custom="readingOrder {index:112;}">
                <Coords points="1070,2692 2173,2672 2171,2626 1929,2611 1069,2650"/>
                <Baseline points="1089,2686 1142,2685 1195,2683 1248,2681 1302,2679 1355,2678 1408,2676 1461,2674 1515,2673 1568,2671 1621,2669 1674,2668 1728,2666 1781,2665 1834,2663 1887,2661 1941,2659 1994,2657 2047,2655 2100,2654 2154,2652"/>
                <TextEquiv>
                    <Unicode>allerwärts das Schicksal der Novität von der Besetzung dieses</Unicode>
                </TextEquiv>
            </TextLine>
            <TextLine id="r1l114" custom="readingOrder {index:113;}">
                <Coords points="180,2702 1064,2674 1062,2628 1035,2625 178,2644"/>
                <Baseline points="198,2691 240,2689 282,2687 324,2685 367,2683 409,2682 451,2680 493,2679 536,2678 578,2677 620,2675 662,2674 705,2673 747,2671 789,2670 831,2669 874,2668 916,2667 958,2666 1000,2665 1043,2663"/>
                <TextEquiv>
                    <Unicode>#realistisch gehaltene Rolle der Freundin Fichtners</Unicode>
                </TextEquiv>
            </TextLine>
            <TextLine id="r1l115" custom="readingOrder {index:114;}">
                <Coords points="1074,2728 2145,2706 2167,2656 1073,2689"/>
                <Baseline points="1091,2723 1143,2721 1196,2720 1249,2718 1302,2717 1355,2716 1407,2714 1460,2713 1513,2712 1566,2710 1619,2709 1671,2708 1724,2707 1777,2705 1830,2704 1883,2702 1935,2700 1988,2699 2041,2696 2094,2695 2147,2692"/>
                <TextEquiv>
                    <Unicode>Vagabunden=Kleeblatts abhängen. Bei uns ist sie eine ganz</Unicode>
                </TextEquiv>
            </TextLine>
            <TextLine id="r1l116" custom="readingOrder {index:115;}">
                <Coords points="2162,2747 3264,2698 3228,2641 2161,2697"/>
                <Baseline points="2181,2727 2234,2723 2287,2720 2340,2718 2393,2715 2447,2714 2500,2712 2553,2711 2606,2710 2659,2709 2713,2708 2766,2708 2819,2706 2872,2706 2925,2704 2979,2703 3032,2701 3085,2699 3138,2696 3191,2693 3245,2689"/>
                <TextEquiv>
                    <Unicode>ganzen egoistischen Gemeinheit und spießbürgerlich mora¬</Unicode>
                </TextEquiv>
            </TextLine>
            <TextLine id="r1l117" custom="readingOrder {index:116;}">
                <Coords points="179,2744 1078,2727 1076,2654 178,2687"/>
                <Baseline points="198,2734 241,2731 284,2729 327,2727 370,2726 413,2724 456,2722 499,2722 542,2721 585,2720 628,2719 671,2718 714,2717 757,2716 800,2715 843,2714 886,2713 929,2711 972,2710 1015,2708 1059,2706"/>
                <TextEquiv>
                    <Unicode>s) lag in den Händen von Frl. Lange, die sie</Unicode>
                </TextEquiv>
            </TextLine>
            <TextLine id="r1l118" custom="readingOrder {index:117;}">
                <Coords points="1074,2774 2172,2744 2171,2683 1073,2728"/>
                <Baseline points="1092,2762 1145,2760 1198,2758 1251,2757 1304,2755 1357,2754 1410,2753 1463,2752 1516,2751 1569,2749 1622,2748 1675,2747 1728,2746 1781,2744 1834,2743 1887,2741 1940,2740 1993,2737 2046,2735 2099,2733 2153,2730"/>
                <TextEquiv>
                    <Unicode>vortraffliche. Was unser Tenor=Buffo, Harr Schramm,</Unicode>
                </TextEquiv>
            </TextLine>
            <TextLine id="r1l119" custom="readingOrder {index:118;}">
                <Coords points="2176,2775 3163,2750 3269,2728 3269,2697 2174,2725"/>
                <Baseline points="2193,2761 2245,2760 2298,2757 2351,2756 2404,2754 2457,2753 2510,2752 2563,2751 2616,2750 2669,2749 2722,2748 2774,2747 2827,2745 2880,2744 2933,2743 2986,2741 3039,2740 3092,2738 3145,2736 3198,2734 3251,2731"/>
                <TextEquiv>
                    <Unicode>lisierenden Unmoral. Sie bestehlen den Vater, schicken!</Unicode>
                </TextEquiv>
            </TextLine>
            <TextLine id="r1l120" custom="readingOrder {index:119;}">
                <Coords points="176,2782 1068,2755 1066,2694 508,2738 358,2712 175,2729"/>
                <Baseline points="195,2779 237,2776 280,2774 323,2772 365,2770 408,2769 451,2768 493,2767 536,2766 579,2765 622,2764 664,2763 707,2762 750,2761 792,2760 835,2759 878,2757 920,2755 963,2753 1006,2750 1049,2747"/>
                <TextEquiv>
                    <Unicode>hgemaß darstrilte. Weniger einfach war die Auf¬</Unicode>
                </TextEquiv>
            </TextLine>
            <TextLine id="r1l121" custom="readingOrder {index:120;}">
                <Coords points="1068,2804 1921,2797 2135,2779 2180,2731 1066,2743"/>
                <Baseline points="1086,2801 1139,2800 1193,2799 1247,2797 1301,2796 1354,2795 1408,2794 1462,2792 1516,2790 1569,2789 1623,2787 1677,2785 1731,2783 1784,2782 1838,2780 1892,2778 1946,2776 1999,2774 2053,2772 2107,2770 2161,2768"/>
                <TextEquiv>
                    <Unicode>an Hand= und Beinfertigkeit, an Mimit und Komit zu bieren</Unicode>
                </TextEquiv>
            </TextLine>
            <TextLine id="r1l122" custom="readingOrder {index:121;}">
                <Coords points="2175,2801 3216,2780 3262,2775 3261,2729 2174,2766"/>
                <Baseline points="2194,2802 2246,2800 2298,2798 2351,2796 2403,2794 2456,2793 2508,2791 2561,2790 2613,2789 2666,2788 2718,2787 2770,2786 2823,2785 2875,2783 2928,2782 2980,2780 3033,2779 3085,2777 3138,2774 3190,2772 3243,2769"/>
                <TextEquiv>
                    <Unicode>ihm den Arzt auf den Hals, der ihn auf seine geistige Ge¬</Unicode>
                </TextEquiv>
            </TextLine>
            <TextLine id="r1l123" custom="readingOrder {index:122;}">
                <Coords points="178,2832 1077,2804 1075,2754 964,2749 176,2779"/>
                <Baseline points="197,2820 240,2818 283,2816 326,2815 369,2814 412,2813 455,2812 498,2810 541,2810 584,2809 627,2808 670,2807 713,2806 756,2805 799,2804 842,2803 885,2801 928,2799 971,2797 1014,2795 1057,2792"/>
                <TextEquiv>
                    <Unicode>Fri. Pollner als Johanna gestellt war. Diese</Unicode>
                </TextEquiv>
            </TextLine>
            <TextLine id="r1l124" custom="readingOrder {index:123;}">
                <Coords points="1066,2847 2184,2814 2182,2768 1065,2805"/>
                <Baseline points="1087,2842 1143,2840 1200,2838 1257,2836 1314,2834 1370,2832 1427,2830 1484,2829 1541,2827 1598,2825 1654,2824 1711,2822 1768,2821 1825,2819 1882,2817 1938,2816 1995,2814 2052,2812 2109,2810 2166,2808"/>
                <TextEquiv>
                    <Unicode>vermag, ist sehens- und bewundernswert. Geine große</Unicode>
                </TextEquiv>
            </TextLine>
            <TextLine id="r1l125" custom="readingOrder {index:124;}">
                <Coords points="2177,2838 2988,2816 3027,2845 3065,2813 3268,2823 3267,2773 2176,2792"/>
                <Baseline points="2195,2839 2247,2838 2300,2837 2352,2836 2405,2835 2458,2834 2510,2832 2563,2831 2616,2830 2668,2829 2721,2827 2774,2826 2826,2824 2879,2822 2932,2821 2984,2819 3037,2817 3090,2815 3142,2814 3195,2812 3248,2810"/>
                <TextEquiv>
                    <Unicode>sundheit untersuchen soll, und sie bedrohen das Mädchen,</Unicode>
                </TextEquiv>
            </TextLine>
            <TextLine id="r1l126" custom="readingOrder {index:125;}">
                <Coords points="184,2878 1071,2846 1070,2796 741,2817 618,2793 182,2832"/>
                <Baseline points="203,2862 245,2861 288,2860 330,2859 373,2858 415,2857 458,2856 500,2855 543,2854 585,2853 628,2852 670,2851 713,2850 755,2848 798,2847 840,2846 883,2844 925,2843 968,2841 1010,2839 1053,2837"/>
                <TextEquiv>
                    <Unicode>perschlossene herbe Natur mit ihrer nordischen Ge¬</Unicode>
                </TextEquiv>
            </TextLine>
            <TextLine id="r1l127" custom="readingOrder {index:126;}">
                <Coords points="1068,2876 2113,2862 2182,2853 2181,2811 1067,2838"/>
                <Baseline points="1089,2877 1142,2876 1196,2874 1250,2873 1303,2871 1357,2870 1411,2869 1464,2868 1518,2866 1572,2865 1626,2863 1679,2862 1733,2861 1787,2859 1840,2858 1894,2856 1948,2854 2001,2852 2055,2850 2109,2848 2163,2845"/>
                <TextEquiv>
                    <Unicode>Tanznummer im ersten Akt glückte ihm vortrafflich und auch</Unicode>
                </TextEquiv>
            </TextLine>
            <TextLine id="r1l128" custom="readingOrder {index:127;}">
                <Coords points="2169,2880 3264,2867 3263,2813 2168,2838"/>
                <Baseline points="2190,2878 2242,2877 2295,2876 2347,2875 2400,2873 2453,2872 2505,2871 2558,2870 2611,2869 2663,2867 2716,2866 2769,2864 2821,2863 2874,2861 2927,2860 2979,2858 3032,2857 3085,2855 3137,2854 3190,2853 3243,2851"/>
                <TextEquiv>
                    <Unicode>das or heiraten will, mit dem Staatsanwalt. Und da ist</Unicode>
                </TextEquiv>
            </TextLine>
            <TextLine id="r1l129" custom="readingOrder {index:128;}">
                <Coords points="184,2916 1075,2891 1074,2837 183,2874"/>
                <Baseline points="201,2906 243,2905 286,2904 329,2902 371,2901 414,2900 457,2899 499,2898 542,2896 585,2895 628,2894 670,2893 713,2892 756,2891 798,2889 841,2888 884,2887 926,2885 969,2884 1012,2882 1055,2881"/>
                <TextEquiv>
                    <Unicode>ik und ihrem selt amen Ahnungsvermögen lag ihrem</Unicode>
                </TextEquiv>
            </TextLine>
            <TextLine id="r1l130" custom="readingOrder {index:129;}">
                <Coords points="1074,2926 2176,2887 2175,2849 2071,2844 1073,2876"/>
                <Baseline points="1092,2914 1145,2913 1198,2912 1251,2911 1304,2909 1357,2908 1410,2907 1464,2906 1517,2905 1570,2903 1623,2902 1676,2901 1729,2899 1782,2897 1836,2896 1889,2894 1942,2892 1995,2890 2048,2888 2101,2885 2155,2883"/>
                <TextEquiv>
                    <Unicode>bei einem mit Fräulein G. Mener flott getanzten Sais</Unicode>
                </TextEquiv>
            </TextLine>
            <TextLine id="r1l131" custom="readingOrder {index:130;}">
                <Coords points="1075,2965 3252,2907 3277,2848 1073,2920"/>
                <Baseline points="1093,2953 1201,2951 1309,2948 1418,2945 1526,2942 1634,2939 1743,2936 1851,2933 1959,2930 2068,2926 2176,2922 2284,2919 2393,2916 2501,2912 2609,2909 2718,2905 2826,2902 2934,2898 3043,2895 3151,2892 3260,2889"/>
                <TextEquiv>
                    <Unicode>walk stellte or seinen Mann. Einen Herkiles gowine U] ihnon nun freilich eine wirksame Waffe in die Hand go¬</Unicode>
                </TextEquiv>
            </TextLine>
            <TextLine id="r1l132" custom="readingOrder {index:131;}">
                <Coords points="181,2974 360,2945 1053,2939 1074,2885 178,2901"/>
                <Baseline points="197,2949 239,2949 282,2948 325,2947 368,2947 411,2945 454,2944 497,2943 540,2942 583,2940 626,2939 668,2937 711,2935 754,2934 797,2933 840,2931 883,2930 926,2928 969,2927 1012,2926 1055,2924"/>
                <TextEquiv>
                    <Unicode>nscheinlich nicht recht, und an ihre Visionen ; V. war</Unicode>
                </TextEquiv>
            </TextLine>
            <TextLine id="r1l133" custom="readingOrder {index:132;}">
                <Coords points="2174,2963 3264,2945 3274,2875 2172,2921"/>
                <Baseline points="2193,2960 2246,2959 2299,2957 2352,2955 2406,2954 2459,2953 2512,2951 2565,2950 2619,2949 2672,2947 2725,2946 2778,2944 2832,2943 2885,2941 2938,2939 2991,2938 3045,2935 3098,2933 3151,2930 3204,2929 3258,2926"/>
                <TextEquiv>
                    <Unicode>geben. Marianno ist einst von ihrem Vormund betört wor¬</Unicode>
                </TextEquiv>
            </TextLine>
            <TextLine id="r1l134" custom="readingOrder {index:133;}">
                <Coords points="1072,2999 2193,2956 2119,2919 1071,2964"/>
                <Baseline points="1092,2994 1146,2992 1200,2990 1254,2988 1308,2986 1362,2985 1416,2984 1470,2982 1524,2981 1578,2980 1632,2979 1686,2978 1740,2977 1794,2975 1848,2973 1902,2972 1956,2970 2010,2968 2064,2965 2118,2962 2172,2960"/>
                <TextEquiv>
                    <Unicode>kaut stollte Herr Stoffans und Herr Hansal bot als</Unicode>
                </TextEquiv>
            </TextLine>
            <TextLine id="r1l135" custom="readingOrder {index:134;}">
                <Coords points="185,3016 1073,2971 1071,2926 960,2917 865,2947 184,2958"/>
                <Baseline points="203,2993 245,2992 288,2992 330,2991 373,2990 416,2989 458,2988 501,2987 543,2986 586,2985 629,2984 671,2982 714,2981 756,2980 799,2978 842,2977 884,2975 927,2974 969,2972 1012,2971 1055,2969"/>
                <TextEquiv>
                    <Unicode>auben. Die Gestolt der Fran Wegrath endlich ver¬</Unicode>
                </TextEquiv>
            </TextLine>
            <TextLine id="r1l136" custom="readingOrder {index:135;}">
                <Coords points="2163,2998 3200,2978 3276,2972 3275,2919 2161,2948"/>
                <Baseline points="2181,2992 2234,2992 2288,2993 2342,2993 2396,2993 2449,2992 2503,2991 2557,2990 2611,2989 2664,2988 2718,2986 2772,2985 2826,2983 2879,2981 2933,2979 2987,2977 3041,2974 3094,2972 3148,2970 3202,2968 3256,2966"/>
                <TextEquiv>
                    <Unicode>don, sie hat einon Knaben, für dan sie ehrlich gerungen</Unicode>
                </TextEquiv>
            </TextLine>
            <TextLine id="r1l137" custom="readingOrder {index:136;}">
                <Coords points="1074,3041 2175,3010 2174,2964 1072,2991"/>
                <Baseline points="1091,3030 1144,3029 1197,3028 1250,3026 1303,3025 1357,3024 1410,3023 1463,3021 1516,3020 1569,3019 1623,3018 1676,3017 1729,3015 1782,3013 1835,3011 1889,3010 1942,3008 1995,3006 2048,3003 2101,3001 2155,2999"/>
                <TextEquiv>
                    <Unicode>Volkssänger alles, wus man von einem lyrischen Tener in</Unicode>
                </TextEquiv>
            </TextLine>
            <TextLine id="r1l138" custom="readingOrder {index:137;}">
                <Coords points="2178,3047 3280,3019 3279,2965 2177,2981"/>
                <Baseline points="2197,3029 2250,3030 2303,3030 2356,3031 2409,3031 2462,3030 2515,3030 2569,3029 2622,3027 2675,3026 2728,3024 2781,3023 2834,3021 2887,3019 2941,3017 2994,3015 3047,3013 3100,3011 3153,3010 3206,3008 3260,3006"/>
                <TextEquiv>
                    <Unicode>und gearboitet hat, der ihr abor immer im Leben Im Wege,</Unicode>
                </TextEquiv>
            </TextLine>
            <TextLine id="r1l139" custom="readingOrder {index:138;}">
                <Coords points="188,3047 964,3022 1060,3043 1082,2973 187,3012"/>
                <Baseline points="208,3037 250,3037 293,3036 336,3035 379,3034 422,3034 464,3033 507,3032 550,3031 593,3030 636,3028 678,3027 721,3026 764,3024 807,3024 850,3022 892,3020 935,3020 978,3018 1021,3017 1064,3015"/>
                <TextEquiv>
                    <Unicode>. Boch so sympathisch, daß wir ihr plötliches Hin¬</Unicode>
                </TextEquiv>
            </TextLine>
            <TextLine id="r1l140" custom="readingOrder {index:139;}">
                <Coords points="1074,3066 2184,3053 2182,2984 1073,3024"/>
                <Baseline points="1094,3069 1147,3068 1201,3066 1254,3065 1308,3064 1361,3062 1415,3061 1468,3060 1522,3059 1575,3057 1629,3056 1683,3054 1736,3053 1790,3051 1843,3050 1897,3048 1950,3046 2004,3043 2057,3041 2111,3038 2165,3036"/>
                <TextEquiv>
                    <Unicode>oiner solch charaiarten Operattenvartia nur immer verlangen</Unicode>
                </TextEquiv>
            </TextLine>
            <TextLine id="r1l141" custom="readingOrder {index:140;}">
                <Coords points="2168,3080 3270,3058 3268,3000 3218,2998 2167,3042"/>
                <Baseline points="2185,3074 2238,3073 2291,3072 2345,3070 2398,3069 2451,3068 2505,3066 2558,3065 2611,3064 2665,3062 2718,3061 2771,3059 2825,3057 2878,3056 2931,3054 2985,3053 3038,3051 3091,3050 3145,3048 3198,3047 3252,3046"/>
                <TextEquiv>
                    <Unicode>gestanden. Und um ihn, um sich zu ernähren, um, nach</Unicode>
                </TextEquiv>
            </TextLine>
            <TextLine id="r1l142" custom="readingOrder {index:141;}">
                <Coords points="189,3096 821,3080 908,3069 907,3016 188,3042"/>
                <Baseline points="209,3084 243,3083 277,3082 311,3081 345,3080 379,3080 413,3079 447,3078 481,3077 515,3076 549,3075 583,3075 617,3073 651,3072 685,3071 719,3070 753,3068 787,3067 821,3065 855,3063 889,3060"/>
                <TextEquiv>
                    <Unicode>schen dem 1. und 2. Akt sehr beoanerten.</Unicode>
                </TextEquiv>
            </TextLine>
            <TextLine id="r1l143" custom="readingOrder {index:142;}">
                <Coords points="1083,3114 2177,3093 2176,3035 1082,3069"/>
                <Baseline points="1100,3107 1152,3105 1205,3102 1258,3099 1311,3097 1364,3095 1417,3094 1469,3092 1522,3091 1575,3090 1628,3089 1681,3088 1734,3087 1787,3086 1839,3085 1892,3083 1945,3082 1998,3081 2051,3079 2104,3076 2157,3074"/>
                <TextEquiv>
                    <Unicode>kann. Daß Fräulein Meyer gut zu tanzen versteht, ist schon</Unicode>
                </TextEquiv>
            </TextLine>
            <TextLine id="r1l144" custom="readingOrder {index:143;}">
                <Coords points="2166,3140 2219,3112 3241,3092 3270,3038 2164,3067"/>
                <Baseline points="2185,3109 2238,3108 2291,3107 2344,3107 2398,3105 2451,3104 2504,3103 2558,3102 2611,3101 2664,3099 2718,3098 2771,3097 2824,3095 2877,3094 2931,3092 2984,3090 3037,3089 3091,3087 3144,3085 3197,3082 3251,3080"/>
                <TextEquiv>
                    <Unicode>vielen vergeblichen Versuchen, eine Siellung zu bekommen,</Unicode>
                </TextEquiv>
            </TextLine>
            <TextLine id="r1l145" custom="readingOrder {index:144;}">
                <Coords points="180,3139 1080,3114 1078,3061 1032,3050 929,3076 179,3089"/>
                <Baseline points="201,3129 244,3127 287,3125 330,3124 373,3122 416,3121 459,3120 502,3119 545,3118 588,3117 631,3116 674,3115 717,3114 760,3114 803,3113 846,3112 889,3111 932,3110 975,3109 1018,3108 1061,3107"/>
                <TextEquiv>
                    <Unicode>ikfurter Opernhaus. Nach dam günstigen Erfolg.</Unicode>
                </TextEquiv>
            </TextLine>
            <TextLine id="r1l146" custom="readingOrder {index:145;}">
                <Coords points="1090,3152 2180,3118 2179,3076 2007,3069 1089,3106"/>
                <Baseline points="1108,3144 1160,3142 1213,3140 1266,3139 1318,3137 1371,3135 1424,3134 1476,3132 1529,3131 1582,3130 1635,3128 1687,3127 1740,3125 1793,3124 1845,3122 1898,3121 1951,3120 2003,3118 2056,3117 2109,3116 2162,3114"/>
                <TextEquiv>
                    <Unicode>erwälnit; daß sie auch ihre nicht übermäßig gut bebachte ge¬</Unicode>
                </TextEquiv>
            </TextLine>
            <TextLine id="r1l147" custom="readingOrder {index:146;}">
                <Coords points="2174,3148 3104,3123 3227,3150 3272,3129 3271,3076 2173,3110"/>
                <Baseline points="2195,3152 2247,3151 2300,3150 2353,3148 2406,3147 2459,3146 2512,3145 2565,3144 2618,3142 2671,3141 2724,3140 2776,3139 2829,3137 2882,3136 2935,3134 2988,3132 3041,3130 3094,3128 3147,3126 3200,3124 3253,3121"/>
                <TextEquiv>
                    <Unicode>hat sie ein Zeugnis gefälscht, das die Söhne in Händen¬</Unicode>
                </TextEquiv>
            </TextLine>
            <TextLine id="r1l148" custom="readingOrder {index:147;}">
                <Coords points="859,3149 886,3156 894,3148 921,3156 947,3147 959,3155 986,3147 1020,3158 1035,3150 1085,3153 1085,3115 981,3116 954,3105 897,3106 885,3095 859,3099"/>
                <Baseline points="877,3147 904,3148 931,3149 958,3149 985,3148 1012,3147 1039,3146 1067,3145"/>
                <TextEquiv>
                    <Unicode>Nare von</Unicode>
                </TextEquiv>
            </TextLine>
            <TextLine id="r1l149" custom="readingOrder {index:148;}">
                <Coords points="179,3177 298,3177 355,3148 409,3174 462,3153 509,3174 883,3156 883,3125 549,3104 178,3119"/>
                <Baseline points="199,3167 232,3166 265,3166 298,3165 331,3164 365,3163 398,3163 431,3162 464,3161 497,3160 531,3159 564,3157 597,3156 630,3155 663,3154 697,3153 730,3152 763,3151 796,3150 829,3149 863,3148"/>
                <TextEquiv>
                    <Unicode>rette. Wansgeischenmäbel¬</Unicode>
                </TextEquiv>
            </TextLine>
            <TextLine id="r1l150" custom="readingOrder {index:149;}">
                <Coords points="1089,3188 2161,3164 2186,3110 1088,3142"/>
                <Baseline points="1107,3182 1160,3182 1213,3181 1266,3180 1319,3179 1372,3178 1425,3177 1478,3175 1531,3174 1584,3172 1638,3170 1691,3169 1744,3167 1797,3165 1850,3163 1903,3161 1956,3160 2009,3158 2062,3156 2115,3155 2169,3153"/>
                <TextEquiv>
                    <Unicode>sangliche Aufgabe glücklich löste, soll daneben nicht uner¬</Unicode>
                </TextEquiv>
            </TextLine>
            <TextLine id="r1l151" custom="readingOrder {index:150;}">
                <Coords points="186,3212 1031,3195 1100,3185 1099,3136 185,3177"/>
                <Baseline points="205,3204 248,3203 292,3202 336,3201 380,3201 424,3200 468,3199 511,3199 555,3198 599,3197 643,3197 687,3196 731,3195 775,3194 818,3192 862,3191 906,3189 950,3187 994,3184 1038,3182 1082,3180"/>
                <TextEquiv>
                    <Unicode> und C. Lindau, Musik von Josef Helmas¬</Unicode>
                </TextEquiv>
            </TextLine>
            <TextLine id="r1l152" custom="readingOrder {index:151;}">
                <Coords points="200,3265 3299,3180 198,3203"/>
                <Baseline points="218,3244 371,3240 524,3236 677,3232 830,3228 983,3224 1136,3220 1289,3216 1442,3212 1595,3208 1748,3204 1901,3200 2054,3196 2207,3192 2360,3188 2513,3184 2666,3181 2819,3176 2972,3173 3125,3168 3279,3164"/>
                <TextEquiv>
                    <Unicode>in Wien erzielte, war eine baldige Wanderung währe bleiben. Ein derh=frische: Schantmädel stellte Fräu= haben. Diese Waffe verleiht ihnen, den „Kettengliedern“,</Unicode>
                </TextEquiv>
            </TextLine>
            <TextEquiv>
                <Unicode>W
box 23/2
18. Der einsaneneg
Geesermt TE 
—
—
ablang-Ln
I  
ELERERI EREARTMERERR
der Novität üben die deutschen Bühnen verauszusehen. Ins lein Hohenleitnar, während Fräulein Schirakhe
dem Blumenmädchen neben ihrem hübschen Organ auch mit !
Eteigerung gewisse technische Fehler verur¬
Dresden fand sie unlängst Beifall und Anerkennung; gestern
ihrer hübschen, ußeren Ercheinung beispringen konnte.
Meisterschaft Schnitzlers in der französierenden
Ganz in seinem Element war Herr Hauck als Graf Willy.
war ier auch bei uns eine recht freundliche Aufnahme be¬
khrt ihn manchmal zu störenden Längen, seine Vor¬
schieden. In den Zeiten, da ein Strauß und ein Suppé die
Die tleineren Rollen des alten Grafen und des Vormunds
Siebenschein fenden in den Herren. Tochtermann und
Operettenbühne beherrschten, durfte man an Tert und Musik
ttliche Vertiefung ihn, interessierender Dinge zu
sleitz gute Vertreter. Szenisch sehr gut arrangiert waren
noch Ausprüche stellen Heute ist man bescheidener gewor¬
sen symbolistischen Ibsen=Ankängen, und seine
den. Oh das Buch einer Operette mehr oder weliger gut
das Vorspiel und die Straßenszene im ersten Akt. Den
oristik, die auf der Bühne steilich oft viel von
82.
Taktstock schwang Herr Kavellmeister Neumann.
gemacht ist, gibt ehensowenig den Ausschlag, wie die Frage
verliert, verleitet ihn. von einer individuellen
 nach Originalität der musikalischen Erfindung. Man ist zu¬
Berliner Theaier. Man schreibt uns aus Berlin
na mehr als wünschenswert abzusehen und seine
frieden, wenn man gut unterhalten wird, und da bei dem
unterm 17. d. M.: Heute hatte das Deutsche Theater
seine These mit allen möglichen Weiterungen von
„Veilchenmädel“ weder die „Dichter“ noch der Komponist
hmter der neuen Direktion Paul Lindaus seinen ersten
behängen. Seine iyrische Kraft endlich löst sich
umsonst strebten, dem Puolikum das Mögliche zu bieten,
wirklichen und vermutlich nachhaltigen Erfolg: „Ketten¬
e TEAt
und nach bewährtem Rezepi nicht versäumten, das Lustige
ch sehr in Maeterlimische Rebulosität auf, die im
glieder". Ein fröhliches Spiel am häuslichen Herd in
mit dem Sentimentalen zu mischen, so mußte es ihnen
r mauchmal gar zu gewählten allzu „literarischen“
vier Akten von Hermann Hehe mans fr. ging un¬
glücken. Man sieht einen verheirateten Zauberkünstler, der
die Glaubwürdigken seiner Gestalten dann recht
ter steigender Anteilnahme und lebhaftem Beifall des Pu¬
den Leuten Eier aus der Nase zieht, und sich als auslän¬
1 blikums in Szene. Es ist ein Stück, das anhebt, wie eine
wirkt. So kam es denn, daß das Publikum offen¬
dische Tanzerin produziert; einen Jongleur, der die schwer¬
Komödie und recht ernst ausklingt, ein König Lear ins Mo¬
wüßte, wases mit diesem gleichsan auf Gedanken¬
sten Hausknechte wttelos in der Luft stemmt und einen
dern=Kleinbürgerliche eines holländischen Nestes übersetzt.
igswaiten schwebenden Stück anfangen sollte, und
sentimentalen Volksjänger, der sich in ein von ihrer Prin¬
 Paneras Duif, der als einfacher Eisenbahnarbeiter ange¬
öflich aber doch entschieden ablehnte. Der nicht
zipalin ausgebeutetes und ven ihrem Vormund betrogenes
fangen, sich zu ansehnlichem Reichtum emporgearbeitet hat
Blumenmädchen verliebt. Es gibt Eheschließungen und
ifall an Ende des zweilen, dritten und Schluß¬
sodaß nun, da er in der Mitte der Fünfziger steht, seine
Ehescheidungen, den Geist eines verstorbenen Hausknechtes,
hl nur der Darstellung; vor allem Herrn Bolz,
Fabrik eine Aktiengesellschaft mit seinem Sohne als Direk¬
der einen Schatz veraraben. und zu dem altem wird ebenso“
wählter Maske und mit feiner Sprechkunst den
tor an der Spitze geworden ist, ein Mann, der seit 24 Jah¬
viel gesungen wie getanzt. An dem üblichen Grafen=Trott““
Des Dichters durchaus gerecht würde und den Ungen
fehlt es auch nicht und das ganze ist ein durchaus mu¬
derne Variété=Atmosphäre gerückt, die einen großen Spiel=) in dieser langen Zeit aber seiner starken
Neuschenkenner und Verächter Sala, diesen recht
raum für das Groteske und Unwahrscheinliche virtet: ein; jinnlichen Veranlagung nicht die Zügel schießen lassen
konnte, sehnt sich nun danach, endlich noch das Leben zu ge¬
Hauptsprachrohr des Autors dienenden ästhetischen
nießen und will sich mit seiner Wirtschafterin verheiraten.
oder philosophischen Aestheten so überzeugend gab,
 Vorteil, der reichlich auspenützt worden ist. Die Musik ist
Darob großes Entsetzen unter seinen Kindern und seiner
leicht und gefällig, aber ohne jede besondere Eigenart. Ar¬
hur möglich war. Herr Kirch mochte als Julian
ganzen Verwandtschaft, die so lange nur immer von dem
klänge an Straußsche Rhytmen und Weisen und an andere
hl genügen, würde aber mit etwas größerer
Alten Geld herausgezogen haben und nun fürchten, den ver¬
bewährte voltstümsiche Gesänge begegnet man Schritt auf
keit und weniger primitinem Mienenspiel noch über¬
liebte Mann, der mit dem kostbaren Verlobungsriig auch
 Schritt; immerhin ist bei allem eine geschickte und leicht ge¬
Erlen. Der Felit des Herrn Fricke ließ nichts
der Verlobien eine Lebensversicherungspolize von 50,000
staltende Hand angenehm zu spüren. Ihr Bestes vieten
nd ihre überlegene Kunst erwiesen die Herren
Gulden überreichte, könnte noch mehr Geld „verschwenden“,
Librettisten und Komponisten in dem bübsch durchgeführten
Professor Wegrath und Pfeil als Doktor Ren¬
1 Sie fühlen sich plötzlich als treue Glieder der Familie, die
1 Vorspiel, das in dem Terzett der drei lustigen Brüder auch
i den „Standal“ vermeiden, das Unglück vom Haupte ihres
n diesen weniger hervortretenden Rollen. Die einzige
die musikalisch ansprechendste Nummer enthält. Viel wird
betörten Vaters fernhalten müssen und zeigen sich in ihrer
allerwärts das Schicksal der Novität von der Besetzung dieses
#realistisch gehaltene Rolle der Freundin Fichtners
Vagabunden=Kleeblatts abhängen. Bei uns ist sie eine ganz
ganzen egoistischen Gemeinheit und spießbürgerlich mora¬
s) lag in den Händen von Frl. Lange, die sie
vortraffliche. Was unser Tenor=Buffo, Harr Schramm,
lisierenden Unmoral. Sie bestehlen den Vater, schicken!
hgemaß darstrilte. Weniger einfach war die Auf¬
an Hand= und Beinfertigkeit, an Mimit und Komit zu bieren
ihm den Arzt auf den Hals, der ihn auf seine geistige Ge¬
Fri. Pollner als Johanna gestellt war. Diese
vermag, ist sehens- und bewundernswert. Geine große
sundheit untersuchen soll, und sie bedrohen das Mädchen,
perschlossene herbe Natur mit ihrer nordischen Ge¬
Tanznummer im ersten Akt glückte ihm vortrafflich und auch
das or heiraten will, mit dem Staatsanwalt. Und da ist
ik und ihrem selt amen Ahnungsvermögen lag ihrem
bei einem mit Fräulein G. Mener flott getanzten Sais
walk stellte or seinen Mann. Einen Herkiles gowine U] ihnon nun freilich eine wirksame Waffe in die Hand go¬
nscheinlich nicht recht, und an ihre Visionen ; V. war
geben. Marianno ist einst von ihrem Vormund betört wor¬
kaut stollte Herr Stoffans und Herr Hansal bot als
auben. Die Gestolt der Fran Wegrath endlich ver¬
don, sie hat einon Knaben, für dan sie ehrlich gerungen
Volkssänger alles, wus man von einem lyrischen Tener in
und gearboitet hat, der ihr abor immer im Leben Im Wege,
. Boch so sympathisch, daß wir ihr plötliches Hin¬
oiner solch charaiarten Operattenvartia nur immer verlangen
gestanden. Und um ihn, um sich zu ernähren, um, nach
schen dem 1. und 2. Akt sehr beoanerten.
kann. Daß Fräulein Meyer gut zu tanzen versteht, ist schon
vielen vergeblichen Versuchen, eine Siellung zu bekommen,
ikfurter Opernhaus. Nach dam günstigen Erfolg.
erwälnit; daß sie auch ihre nicht übermäßig gut bebachte ge¬
hat sie ein Zeugnis gefälscht, das die Söhne in Händen¬
Nare von
rette. Wansgeischenmäbel¬
sangliche Aufgabe glücklich löste, soll daneben nicht uner¬
 und C. Lindau, Musik von Josef Helmas¬
in Wien erzielte, war eine baldige Wanderung währe bleiben. Ein derh=frische: Schantmädel stellte Fräu= haben. Diese Waffe verleiht ihnen, den „Kettengliedern“,</Unicode>
            </TextEquiv>
        </TextRegion>
    </Page>
</PcGts>
