3436 4320
831 320 971 376 HS a
1460 317 1916 406 box 23/5
305 307 1319 407 18. Der es
709 1045 1555 1152 „ Dr. Max Goidschmidt
909 1126 1547 1212 Büro für Zeitungsausschnitte
723 1183 1020 1264 BBRLIN N :
1272 1198 1723 1274 Teleion: Norden 3051
1052 1293 1408 1368 Ausschnitt aus
779 1353 1685 1447 Bayerische Staatszeitung, München
1159 1503 1577 1582 2 1. Juni 1927
1112 1557 1156 1628 1
914 1639 1532 1711 Theater und Musik.
701 1707 1816 1763 Kammerspiele im Schauspielhaus. „Der einsame Weg“
629 1758 1821 1812 von Arthur Schnitzler gehört gewiß in seiner Art zu jenen
634 1801 1822 1844 Dramen, die die verhaltenen Täue einer Dekadenzepoche=zusammen¬
628 1840 1820 1896 fassen und ihre widerspruchsvollen Gestalten aufzucken lassen. Es
640 1872 1830 1924 ist die Zeit von Hugo Wolf, Gustav Mahler und Gustav Klimt
628 1912 1818 1951 in Wien. Und Arthur Schnitzker setzt den damals noch immer
636 1950 1830 2003 herrschenden Strömungen des dramatischen Re#lismus sein eigenes
622 1984 1822 2026 Schaffen entgegen, das sich bei aller geistigen Unerbittlichkeit doch mit
628 2023 1822 2079 dem leisen Hauch von Po und Nystit wie mit zarten Schleiern
623 2059 1821 2113 mnhüllt. So werden seine Gestalten von einem eigenartigen Lichte
632 2100 1821 2152 umstrahlt, das weniger aus ihren Handlunoen als aus den messer¬
630 2143 1822 2191 scharsen Worten hervorzubrechen scheint, die das Geschehen be¬
634 2185 1820 2235 gleiten. Eine solche Aura des Geistes umgibt auch diesen Herrn
632 2234 1833 2274 v. Sala, den Albert Bassermann zu seinen liebsten Rollen zählt.
629 2253 1827 2312 Er spielt ihn freilich als die Hauptfigur, als den Helden, der er
632 2294 1823 2347 ebensowenig ist wie Shylock im Kaufmann von Venedig. Freilich
628 2346 1820 2387 kann ein Künstler von der Schärse Bassermanns sehr leicht dazu
628 2382 1826 2420 verleitet werden, eine Gestalt zum Protegonisten des Dramas
634 2407 1829 2452 umzuschalten, wenn sie wie Sala den eigentlichen Inhalt des
640 2446 1832 2499 Spiels auszusprechen hat: die unsterbliche Selbstsucht, die uns arme
624 2497 1827 2540 Menscheickinder durch das ganze Leben führt, aufrechterhält und
626 2525 1828 2570 bis in den Tod begleitet auf unserem „einsamen Weg“. Schopen¬
629 2560 1829 2615 hauer und Nietzsche schweben über diesem Teich, in dem Johanna
633 2601 1834 2652 in dieser Erkenntnis ewigen Fernseins der Menschen auch in der
628 2637 1833 2679 Liebe den Tod suicht. Aber Schnitzler läßt das Stück nicht in dieser
628 2673 1834 2726 hoffnungslosen Tonart ausklingen. Er stellt den Menschen des
632 2715 1839 2782 „Einsamen Weges“ in einer einzigen Figur eine neue gesündere
629 2765 1824 2809 Generation entgegen, die wohl „weniger Geist“ aber den bewußten
628 2784 1850 2851 Willen hat, den rechten Pfad einzuschlagen. Felix, der seinen
637 2830 1835 2877 wahren Vater von sich weist, weil er nichts anderes geten hat, als
630 2870 1836 2935 ihn in die Welt zu setzen durch eine große zerstörende Lüge wendet
632 2918 1843 2962 sich dem Manne zu, der nur als sein Vater gegolten, ihm aber
628 2954 1837 3001 doch alle Liebe und alle Güte zugewendet hat. In diesem Sinne
631 2983 1830 3036 ist auch das Wort erflossen, das Sala auszusprechen hat wie in
641 3016 1827 3084 selbstanklagender Ironie Liebe ist, für einen Menschen auf der
636 3058 1828 3121 Welt sein“. Dieses eine Motiv, das aus aller Zwiespältigkeit des
631 3096 1838 3152 Werkes zur Lösung führt, hat die Aufführung im Schauspielhaus
634 3146 1836 3193 nicht stark genug herausgeholt. Es lag daran, daß eine der wich¬
644 3172 1835 3236 tigsten Figuren des Spiels, Irene Herms, von Else Basser¬
638 3205 1833 3277 mann, nicht richtig angelegt wurde, da gehört eine Feinheit und
644 3234 1851 3308 eine spielende Grazie dazu, die durch Chargierung nicht ersetzt
641 3302 1833 3352 werden kann. Julian Fichtner, die eigentliche Hauptfigur, wurde
635 3349 1837 3385 von Otto Stoeckel wohl etwas zu schwer, aber sonst in gutem
642 3366 1844 3434 Stil dargestellt, die Szenen mit Sala und Felix waren sehr schön
1848 1589 3040 1651 gesteigert! Lina Carstens, Epp, Kurt Lieck, Ferdinand
1854 1648 3038 1706 Martini bemühten sich, den übrigen Gestalten Leben und Farbe
1852 1675 3034 1751 zu geben, vermochten aber den Mangel an innerem Tempo nicht
1862 1719 3038 1778 völlig zu beheben, den der Regisseur des Abends, Otto Stoeckel,
1850 1752 3032 1826 unbedingt korrigieren müßte. Das Publikum hat erst nach dem
1852 1797 3038 1857 zweiten Akt Fühlung zu der fubtilen Dichtung gewonnen, deren
1857 1822 3064 1891 dramatische Kraft sie vor dem Verwelken und Veralten bewahrt.
1856 1852 3043 1925 Am Schlusse wurden die Mitwirkenden und vor allem Alber##
1875 1904 3081 2000 Bassermann immer wieder stürmisch hervorgerufen. L½.
