3392 4256
1083 165 1152 228 W
1412 151 1891 240 box 23/5
257 167 1280 266 18. Der einsane deg
2362 1135 2719 1221 e
460 1179 1339 1258 fonde impression de simplicité et de
1355 1191 2213 1266 tanson d’une comédie hongroise la Qua¬
458 1218 638 1282 vérité.
2221 1215 3355 1302 tèrent la discipline, T’ensemble, T’entrain sun fort be
1342 1243 2207 1309 rante chevaug da voi, qui ne manquait
2222 1267 3339 1326 des artistes russes, mais leurs pièces 4 Ghéon, 77
491 1252 1336 1338 Ala Madeleine, saison extrémement
1336 1286 1742 1357 pas d’agrément.
2217 1304 3089 1372 n’offraient pas grand intérêt et leurs
456 1298 1337 1369 fournie, et, d’ailleurs, alimentée par des
3088 1322 3338 1377 des Jeune
1382 1317 2218 1412 Au Nouvel-Ambigu, deux productions
2213 1347 3082 1422 mises en scène fort discutables pour¬
452 1349 1327 1417 combinaisons diverses. Des représenta¬
3081 1360 3342 1425 I·Odéon, 1e
1344 1357 2209 1444 dans le genre de la maison: Folle Jeu¬
2213 1389 3078 1454 nous, ainsi que leur jeu acrobatique,
456 1401 1334 1464 tions de Lorensuccio, par Mlle Falconetti,
3088 1403 3339 1470 un tout je
1334 1408 2219 1480 nesse de M. Alfred Machard, et 7e Père
2215 1438 3090 1509 nous avaient déja été révélés aux
443 1420 1343 1513 n’eurent point l’éclat attendu; une jolie
3086 1453 3329 1510 Brasseur,
1338 1465 2211 1544 Lampion, de MM. Jean Kolb et Léon
2223 1475 3088 1543 Champs-Elysées par Teroff et Kamerny.
447 1481 1341 1550 comédie datant un peu, de M. Etienne
3082 1486 3333 1551 Monde, un
1338 1496 1568 1558 Bélières.
2253 1503 3079 1587 Au Théatre de la Potinière, deux pie¬
452 1525 1327 1589 Rey, Miche; un ouvrage plus savou¬
3094 1537 3340 1597 fait espéren
1376 1527 2196 1607 Lo Palais-Royal avec Une femme dans
2203 1558 3091 1639 ces, UInitiatrice et Veyage à Trois, qwlilg
448 1578 1331 1646 reux en raison de son exotisme, Gutlib.
3079 1578 3346 1637 dio des C
1341 1595 2203 1659 un lit ek'la Beignense du Lido a rempli
2207 1614 3079 1687 n’y a pas lieu de signaler particulière-
457 1616 1334 1679 de M. Forzano; puis Ie Hlub des Loufo¬
3089 1622 3351 1690 part de Ba
1342 1639 2201 1707 son année gräce à ces deux pièces, dans
2218 1648 2384 1704 ment.
445 1656 1336 1727 gnes de MM. Armont et Gerbidon, oc¬
3086 1660 3348 1723 ressante
1338 1674 2210 1753 lesquelles sont ingénieusement dosés
2255 1675 3071 1758 A la Renaissance, M. Alfred Savoirj
453 1693 1337 1764 cupèrent Tafliche sans, je crois, rencon¬
3081 1707 3337 1768 inédite de
1340 1719 2202 1786 tous les agréments un peu faciles qu'a¬
2207 1724 3079 1789 retour d’Amérique, a donné une cu¬
456 1736 1334 1814 trer une fortune tout à fait satisfaisante,
3089 1754 3343 1812 Rèue, dan
1335 1762 2200 1827 dore la clientele de cet heureux théätre.
2206 1782 3080 1849 rieuse et ironique étude des meurs amé
454 1789 1331 1844 jusqu'à T’apparition d’une jolie fantaisie,
3084 1796 3345 1855 Fainsilber,
1381 1813 2210 1880 An Théätre de Paris, Max Dearly,
2209 1834 3070 1874 ricaines, Cocktail, qut a semblé aux Pa¬
453 1824 1337 1900 #a Tie est beile, de M. Marcel-Achard,
3083 1843 3349 1901 der à emple
1331 1852 2199 1919 après une reprise de son répertoire, a
2207 1863 3087 1938 risiens assez fantaisiste et cependant est,#
448 1873 1338 1944 un peu inconsistante, mais d’un charme,
3119 1869 3348 1944 Tei est 1
1331 1897 2199 1956 créé Coiffeur pour Dames de MM. Ar¬
2204 1919 3076 1998 parait-il, une peinture exacte et vigous
452 1906 1326 1993 d’une gräce et d’une jeune gafté qui fi¬
3083 1909 3340 1983 1928, qui
1330 1936 2205 2004 mont et Gerbidon, on la verve du grand
2214 1947 2826 2014 reuse des mcurs de la-bas.
448 1959 1334 2036 rent merveille avec l’incomparable in¬
3071 1969 3353 2035 dramatique
1342 1983 2204 2051 comique fit merveille autant que l’esprit
2248 1984 3048 2065 Au Théätre Sarah-Bernhardt, succes¬
439 2003 1320 2071 terprélation de Jules Berry que nous
3083 2012 3353 2070 rable que1
1335 2021 2200 2090 des deux auteurs. Et l’on acheva la sai¬
2202 2031 3087 2109 sivement, une comédic sans éclat, T’Abbé
452 2048 1329 2129 verrons bientôt, je crois, installé chez
3080 2060 3340 2123 comme tou
1337 2069 2201 2130 son avec l’Amant de Madame Vidal, de
2207 2084 3075 2143 et te Menistre, les Amants de Paris, und
436 2090 1087 2148 iui, dans une nouvelle salle.
3067 2101 3339 2162 y occupe u
1341 2110 2202 2182 M. Louis Verneuil, dont le succes se
2211 2127 3081 2193 drame bien interprété et bien charpenté
552 2125 1326 2199 Marigny, T’opérette et une Revue
3071 2143 3346 2202 majorité d
1340 2154 2195 2223 maintint si bien qu’il est probable que
2213 2173 3068 2235 de M. Pierre Frondaie, et un assez plai¬
435 2154 1319 2237 7e Diable à Paris, sur laquelle on comp¬
3078 2182 3354 2255 rement séd
1334 2197 2201 2251 l’auteur du Fauteuil 47 et sa merveil¬
2208 2219 3051 2278 sant vaudeville de M. Georges Berr, le
439 2224 1323 2293 tait beaucoup en raison de la collabora¬
3077 2229 3344 2300 de lui un
1327 2244 2192 2300 leuse partenaire, Mile Elvire Popesco,
2205 2260 3075 2326 Pussage de Vénus, ont rempli la saison,
442 2269 1319 2345 tion de Robert de Flers, et qui, du reste,
3072 2273 3338 2336 de méme,
1324 2285 2203 2365 éliront domicile la saison prochaine
2205 2298 3047 2374 terminée par une belle reprise de la
447 2305 1072 2376 tint l’affiche fort longtemps.
3083 2320 3333 2381 les Fruits
1338 2315 1863 2390 chez M. Léon Volterra.
2210 2341 2528 2403 Femme Nue.
480 2351 1325 2419 Au Michel, comme à la Madeleine,
3079 2339 3351 2423 tre. Stegir
1374 2354 2200 2448 A la Porte-Saint-Martin, dont la dis¬
2239 2389 3069 2454 A la Scala, petit scandale avec En
454 2390 1329 2461 saison intéressante, composée de spec¬
3068 2388 3337 2467 de grande
1334 2414 2199 2477 parition est maintenant certaine et peut¬
2205 2418 3080 2496 Bordée, vandeville assez épicé de MM.
444 2439 1328 2500 tacles miontés par des entreprises diver¬
3073 2443 3348 2504 lettrés et de
1333 2465 2201 2519 étre prochaine, belle reprise de Chan¬
2207 2475 3079 2550 Pierre Veber et Gérouie ou l’on s’occor¬
447 2482 1321 2538 ses. L’Ere loule nue de M. Paul Nivoix
3065 2479 3348 2551 récolte dan
1329 2499 2200 2569 fecler qui n’eut peut-étre pas l’éclat de
2196 2511 3065 2579 da à relever des réminiscences du Trein
448 2519 1319 2592 fut assez goütéc pour étre bientöt reprise
3067 2533 3340 2592 en remonta
1324 2549 2195 2596 la création, mais fit une heureuse car¬
2205 2566 3064 2631 de 8 Heures 47 de Courteline. Néan¬
441 2567 1325 2644 aux Variétés en fin de saison; la Ro#:
3064 2577 3340 2634 uisément tr
1327 2585 2188 2661 rière et dans laquelie Victor Francen
2193 2603 3077 2683 moins, succès de gros public, si consi¬
434 2603 1315 2663 dle Perles de M. Nozière fit und carrière
3066 2619 3349 2691 quatre proch
1331 2633 2186 2700 S'affirma avec talent et autorité. Puis,
2197 2649 3066 2730 derable qu'il fallut aller l’épuiser en
436 2656 1307 2704 honorable et une réapparition du Bup¬
1315 2667 2183 2746 le Carnavat de TAmour, d’une formule
2198 2687 2594 2759 face de la Scaln.
431 2694 1321 2758 7e, la forte piece de MM. Alfred Sa¬
1328 2716 2192 2780 un peu faliguée, servit de rentrée à
2226 2720 3067 2809 Aux Variétés, une pièce de Sacha Gui¬
432 2738 1319 2793 voir et Nozière accentua l’opinion de¬
3105 2732 3338 2804 Elle appa
1334 2758 2192 2821 Mine Vera Sergine et à son partenaire
2198 2761 3073 2862 try, 7e Miracke; une reprise de l’opérette
432 2782 1320 2861 puis longlemps établie que cette hardie
3061 2779 3343 2842 si l’on envis
1321 2796 2198 2858 habituel Henri Rolland. L’adaptation
2200 2822 3023 2886 triomphante des Capucines, Fes; und
439 2834 1310 2905 et originale piece est l’une des plus
3073 2830 3351 2897 par 1e Thé#
1324 2854 2192 2911 d’une pièce américaine, 1e Crime, par
2186 2852 3039 2928 autre de 1’Eve tonte nae de M. Paul Ni¬
432 2875 1167 2928 vraimert fortes de cette époque.
3075 2872 3347 2936 Curel fut un
1317 2877 2182 2958 M. Charles Méré, dont on attendait mer¬
2196 2910 3061 2975 voix et une comédie, le Garçon ei la#
474 2898 1322 2975 La Michodière aura donné l’une des
3068 2912 3347 2976 la disparitio
1313 2927 2185 3012 veille, en raison de la célébrité de ce
2193 2951 3063 3031 Fille de MM. Birabenn et Dolley dans
3066 2963 3341 3020 privés d'un
427 2945 1324 3031 comédies les plus considérables de la
1317 2975 2184 3047 mélodrame chez les Anglo-Saxons, ne
2193 2992 2868 3058 le genrehabituel de la maison.
3068 3001 3348 3069 Tesprit fran
432 2995 1316 3064 saison, Vient de Paraitre, d’Edouard
1327 3020 2192 3105 nous parut point d’une grande origina¬
2240 3030 3067 3113 J'ai parlé dans mon feuilleton précé¬
3101 3043 3341 3110 Dans la p
441 3050 1318 3118 Bourdet, dont le succès n’était pas
1319 3056 1445 3125 lité.
2192 3058 3063 3151 dent, des spectacles de chez Bullin,
3052 3067 3341 3154 monde draf
426 3094 1320 3153 épuisé à la fermeture. Une interpréta¬
1361 3082 2188 3173 Comme zu Gymnase et à l’Odéon,
2196 3125 3061 3211 Baty, Pitoäff et Jonvet, dont j'ai signalé
3063 3131 3338 3196 cravate de □
440 3132 1321 3207 tion de premier ordre avec Victor Bou¬
1314 3130 2178 3221 nous eünies la visite d’une troupe étran¬
2185 3163 2441 3228 les succes.
439 3167 1324 3241 cher, Baumer et Mlle Blanche Montel,
3070 3179 3345 3236 tein, la ros
1327 3193 2172 3245 gère, ie Thédire Acudémique de Moscen
2231 3200 3064 3279 Aux Escholliers on a donné une piece
430 3222 1318 3293 acheva de faire de ce spectacle l'un des
3055 3215 3353 3286 deux ruban
1318 3224 2180 3305 dirigé par M. Alexis Granowsky qui
2189 3249 3057 3319 de M. Bruyèz, la Puissance des Mots,
433 3260 1035 3315 plus applaudis de Tannée.
3049 3260 3351 3320 et on euten
1316 3274 2181 3340 remporta naturellement beaucoup plus
2188 3298 3062 3366 qui ne manquait ni de heauté, ni d’am¬
3064 3309 3346 3372 dre justice
469 3293 1308 3379 Aux Nouveautés, opérettes loujours,
1313 3313 2181 3395 de succès devant la colonie russe que
2179 3340 3065 3428 bition; P’Apprenti Sorcier à la Grimace;
3053 3341 3352 3424 médiens, Nu
434 3325 3056 3470 et une adaptation par M. Jacques Na- devant les Parisiens; les amateurs goü- chez les Compagnons de Notre-Dame,
