3484 4320
1111 257 1145 317 V
1442 249 1894 334 box 23/3
292 251 1279 352 18. Derei
939 1394 1030 1457 Vo¬
1024 1408 1746 1526 Theater und Musik.
957 1509 1812 1578 Ph. St. Im Lessing =Theater erschien
918 1556 1825 1612 gestern (Donnerstag) neu einstudiert Artur
915 1605 1826 1652 Schnitzlers seit zwei Jahren hier nicht ge¬
907 1629 1817 1692 sehenes, bedeutsames Schauspiel „Der einsame
905 1668 1812 1726 Weg“ und übte im dichtbesetzten Hause wieder
907 1707 1810 1771 tiefgehende Wirkung aus. Die Darstellung dieser
919 1744 1810 1814 Dichtung zählt zu den allerbesten, die diese
916 1784 1386 1837 Saison gebracht hat.
1392 1795 1816 1852 Echt lautere Natur
903 1820 1002 1867 ist
1010 1821 1399 1875 die Irene der
1402 1833 1814 1885 vielwandlungsfähigen
905 1871 1816 1934 Else Lehmann, erfüllt von köstlichem, frisch
907 1888 1811 1962 quellendem Humor und ergreifend in den
902 1950 1812 2004 Momenten, da in dieser Gestalt das tiefe Weh
908 1986 1815 2046 der um ihr Muttersehnen und um ihr Mutterglück
903 2024 1805 2080 betrogenen Frau erwacht. Die tief angelegte,
901 2057 1810 2122 komplizierte Mädchennatur der Johanna spielte
898 2109 1806 2160 Irene Triesch mit dem jähen Temperament
908 2142 1410 2189 der verlangenden und
1414 2143 1810 2200 der opferwilligen
900 2177 1813 2237 Innigkeit des hingebenden Weibes. Oskar Sauer
904 2217 1801 2280 gibt dem schlichten, lieben Professor Wegrath, den
909 2261 1808 2314 die anderen nur einen Kunstbeamten heißen, und
894 2295 1805 2341 der im Grunde doch eine tiefinnerliche Künstler¬
903 2321 1802 2396 natur ist, eine Fülle liebenswürdiger, echt mensch¬
903 2378 1805 2424 licher Züge. Der Herr von Sala ist eine
892 2402 1191 2451 der besten,
1198 2414 1814 2469 wenn nicht die überhaupt
888 2446 1799 2513 beste Schöpfung Bassermanns. Er erschöpft
892 2493 1810 2552 völlig den Geistesgehalt dieser überlegenen,
892 2530 1798 2584 vornehmen Natur, und die diesem Darsteller eigene
895 2567 1800 2624 Kühlheit wird bei dieser Aufgabe zu besonderem
899 2606 1804 2660 Vorzug. In der ungemein schwierigen Rolle des
897 2648 1799 2702 jungen Leutnants bewährte sich das immer er¬
900 2678 1803 2727 freulicher sich entwickelnde Talent des jungen
893 2715 1330 2767 Herrn Stieler vollauf
1378 2724 1808 2782 er hatte ergreifende
892 2767 1794 2815 Momente. Der Auffassung, in der Emanuel Reicher
894 2802 1804 2846 den Julian spielte, kann ich freilich nicht zu¬
882 2846 1795 2891 stimmen. Er gab ihn in zu weichen Linien und
882 2870 1809 2934 nicht als einen, der mit seinem Genossen Sala!
880 2916 1800 2964 nur so durch das Leben gerannt ist. Es fehlte
891 2962 1803 3014 das Faszinierende, das die anderen an
893 2985 1231 3046 Julian rühmen.
1380 2997 1800 3053 Reichers Auffassung
890 3027 1801 3094 schien davon auszugehen, daß dieser Julian
880 3075 1688 3116 nur ein Blender gewesen, nur in
1690 3082 1803 3128 den
886 3110 1791 3168 Augen der anderen eiwas gegolten habe, aber
883 3153 1790 3211 nicht wirklich ein Bedeutender und Eigenartiger
878 3179 1793 3249 sei. Besonders im zweiten Akte verschob sich
884 3235 1823 3300 dadurch das Bild Julians, wie wir es aus der !
1836 1429 2739 1474 Dichtung kennen. Im späteren Verlauf des
1841 1464 2744 1524 Abends, wo die Akzente in Julians Rolle schwerer
1848 1502 2747 1560 fallen und die Empfindung des alteinden Mannes
1835 1544 2751 1609 rückhaltlosen Ausdruck findet, kam Reichers Spiel
1834 1579 2590 1639 zu stärkerer und unmittelbarerer Wirkung.
1888 1621 2734 1673 „Der einsame Weg“ ist neben den „Lebendigen
1831 1639 2738 1719 Stunden“ Schnitzlers tiefste. geist= und gehalt¬
1839 1698 2735 1758 vollste Dichtung, eine Schöpfung von bleibendem
1828 1738 2724 1797 Wert auch als Dokument gewisser Strömungen
1831 1777 2724 1831 unserer Zeit. Ein solches Werk sollte eigentlich
1826 1823 2728 1873 nicht aus dem Repertoire verschwinden — die
1830 1853 2737 1914 gestrige Neueinstudierung verdanken wir dem Um¬
1840 1885 2733 1949 stande, daß das Leising=Theater bei seinem Wiener
1839 1930 2729 1990 Gastspiel das Stück dort vorführen wird. Daneben
1825 1972 2733 2027 werden unter anderem Schnitzlers „Puppenspieler“
1824 2007 2730 2054 und Hauptmanns „Elga“ sowie „Und Pippa tanzt“.
1822 2050 2727 2096 gespielt werden. All diese Dichtungen Hauptmanns
1828 2085 2723 2143 und Schnitzlers, also der beiden bedeutendsten
1832 2122 2730 2170 dramatischen Dichter unserer Zeit, sind nämlich
1824 2154 2726 2224 für Wien noch Novität! Dafür aber ist uns Wien
1849 2202 2730 2244 — erfreulicherweise — voraus in der Vorführung
1826 2223 2744 2318 der neuesten Schönthanereien und des neuesten
1827 2267 2093 2346 Philippi.
