3436 4256
1417 221 1912 317 box 23/3
1088 234 1162 300 W
269 229 1284 346 18. Der einsane feg
1160 1316 3388 1424 Nachdruck verboten. umgebracht, im Teich seiner Villa ertränkt und ihr Bruder dem Augenblick, da er erfähr
1533 1394 3376 1502 fordert Rechenschaft von ihm. Die Auseinandersetzung verdanken habe, wenn er sei
2698 1442 3389 1513 empfindet. Diese Wendung er
614 1300 1507 1552 Der einsame Weg.#/
1538 1459 2715 1547 erfolgt unblutig; denn der Offizier kündet ihm an, daß
2702 1487 3385 1565 Fichtner; es leuchtet ihm nich
1540 1504 2709 1595 er, Sala, nicht nach Baktrien abreisen, sondern nach An¬
344 1530 1546 1603 (Schauspiel in fünf Aufzügen von Artur Schyitzler. Zum
2707 1524 3338 1605 Tat keine Sühne gibt und
1538 1553 2715 1638 gabe des Arztes, noch vorher anderswohin abberufen
351 1582 1538 1669 ersten Mal aufgeführt durch das Eusemspie des Berliner Lessing¬
2708 1552 3396 1662 lieren soll, was ihm das Lebe
1533 1599 2725 1681 werde. Sala versteht und richtet sich selbst; er geht seinen
444 1625 1470 1715 Theaters am 15. Mai 1906 im Theater an der Wien.)
2708 1629 3387 1701 greift nun Sala ein und klär
1540 1661 2725 1726 einsamen Weg zuende und zahlt seine Schuld. Und so
2718 1677 3360 1759 Männer ihres Schlages, die
447 1675 1551 1748 In einem Schwank von Kotzebue kommt ein
1534 1698 2715 1781 kommt es offenbar, daß das Stück nicht „die Reise nach
2714 1726 3352 1803 Liebe zwar genommen, aber
348 1722 1553 1805 spassiger alter Kanz vor, der jede seiner Bemerkungen
1546 1751 2494 1843 Baktrien“ sondern „der einsame Weg“ heißt.
2720 1772 3400 1844 Ende auch keine Liebe erwart
360 1785 1548 1868 mit den Worten einleitet: „Auf meiner großen Reise
1635 1771 2720 1864 Aber Herr v. Sala ist nur der eine von den
1082 1827 1552 1895 Die Figur dieses
2720 1828 3381 1898 einsamen Weg gehen müssen.
359 1831 968 1913 von Stolpe nach Danzig
1546 1845 2723 1918 beiden, die auf diesem einsamen Weg enden, der
1438 1867 1551 1932 In
2716 1863 3395 1953 Zeuge wird von dem Sturze
352 1856 1430 1960 lächerlichen Großsprechers wirkt recht komisch.
1550 1889 2731 1969 Räsonneur, der einsichtsvolle, der es von vorneherein
2723 1914 3381 1995 daß nach Johannas Heimgang
361 1921 1552 2013 Schnitzlers Schauspiel „Der einsame Weg“ kommt sie
1545 1942 2722 2010 weiß, daß er ihm bevorsteht, und ihn daher ohne Furcht
2722 1954 3390 2039 eng anschließt und ihn erst rech
356 1964 1556 2044 auch vor, heißt Stephan v. Sala und ist ein ältlicher
1550 1991 2727 2060 freiwillig beschreitet. Sein Schicksalsgenosse ist übler
2714 2013 3393 2100 muß auch er an sein Los glag
356 2012 1559 2080 tragischer Liebhaber. Dieser Mann, Schriftsteller und
1547 2032 2728 2115 daran. Das ist ein Künstler, der Maler Julian Fichtner,
2716 2067 3159 2154 stumm von dannen.
352 2057 1559 2132 Lebenskünstler, Genußmensch und stoischer Philosoph,
1544 2080 2724 2153 der nach stürmischen, bedenkenlosen Jugendzeiten des
2807 2083 3390 2185 Das sind die tragischen
373 2091 1557 2192 spricht unausgesetzt von einer großen Reise nach
1549 2127 2733 2197 Genusses nunmehr an der Schwelle des Alters sich ver¬
2730 2151 3385 2231 Stück. Sie sind aber keinesweg
367 2157 1555 2236 Baktrien, die er demnächst, im Anschlusse an eine Ex¬
1547 2171 2732 2244 lassen sieht. Gerade jetzt, da er der Menschen und ihrer
2723 2203 3376 2292 von Ibsen. Fichtner, der sich
371 2206 1558 2294 pedition zur Vornahme von Ausgrabungen einer eitta
1553 2226 2738 2301 Liebe bedarf, wenden sie sich von ihm. Einen aber von
359 2246 1558 2331 morta bei dem alten Ekbatana, antreten wird. Von dieser
1552 2235 3392 2356 ihnen will er sich retten: seinen natürlichen Sohn. Das Felix, den Sohn Wegradts, he
2725 2314 3401 2383 Einsamkeit des Alterns jemand
370 2304 1562 2386 Reise hört man gleich zu Beginn, bald nach dem Aufgehen
1547 2312 2742 2392 ist der 23jährige Leutnant Felix Wegradt, den wir schon
2732 2351 3360 2430 glaubt, wer ist das anders
375 2353 1559 2423 des Vorhangs und dann vergeht Akt um Akt und der Herr
1553 2370 2739 2440 von dem baktrischen Unternehmen des Herrn v. Sala her
2727 2386 3392 2471 „einsamen Weg“ zustrebende S
380 2389 1561 2485 v. Sala ist noch immer da und erzählt weiter von der
1560 2407 2745 2494 kennen. Fichtner hat einst die Braut seines damaligen Kunst¬
2733 2445 3386 2515 natürlichen Sohn Peter, den
376 2448 1559 2526 großen Reise in die Gesilde des Scheffelschen Baktrer¬
1567 2461 2740 2546 genossen und jetzigen Akademiedirektors Wegradt knappvor der
2735 2482 3392 2569 bands, aus dem fernen Haloga
386 2492 1566 2578 schnapses. Man vermutet ihn längst an der untersten der
1563 2510 2746 2600 Hochzeit zu seiner Geliebten gemacht. Sie hatten auch
2729 2547 3386 2610 im Entscheidungskampf mit Ha
373 2541 1568 2619 312 Stufen des mysteriösen asiatischen Palastes, den er
1571 2550 2737 2642 gemeinsame Flucht verabredet, aber Fichnter war im letzten
2733 2582 3398 2673 gedanken jemand zur Seite hat
375 2591 1566 2674 erforschen will, und siehe da — im vierten Akt hat er
1566 2613 2743 2679 Augenblick — allein durchgebraunt und die aufgesessene
2741 2639 3398 2715 es nicht auch der invalide Finanz
377 2641 1572 2736 in aller Gemütsruhe ein Verhältnis mit der Tochter
1564 2656 2744 2730 Gabriele wurde die Gattin des ahnungslosen Wegradt.
2745 2679 3399 2752 Sohn in schweren Stunden v#
383 2686 1571 2773 einer ihm befreundeten Familie angeknüpft. Den Bruder
1570 2707 2743 2803 Felix Wegradt, ihr Erstgeborner, aber ist der Sohn
2738 2729 3399 2806 hinauszuabenteuern? Von Pe
375 2736 1582 2825 der jungen Dame, einen Ulanenleutnant, hat er bereits
1570 2747 2747 2830 Fichtners. Und wie nun Gabriele, mit dem ihn später
2738 2781 3391 2849 Bildhauer in „Wenn wir T
392 2775 1576 2870 für die baktrische Reise angeworben und jetzt schlägt er
1556 2794 2755 2886 Freundschaft verband, gestorben ist, da sucht Fichtner den
2740 2829 3390 2907 die tragische Schuld des M
395 2826 1583 2910 auch seiner Geliebten vor, die Tour mitzumachen. Man
1573 2849 2749 2933 jungen Mann für sich zu gewinnen. Das Mittel aber,
2752 2872 3398 2944 Liebe, dem obersten Gesetz des
391 2882 1575 2965 erwartet, daß er im letzten Akt auch noch den Papa einlädt
1572 2901 2759 2972 das er hiezu wählt, das rückhaltlose Eingeständnis der
2747 2915 3393 3000 in allen Spielarten geschilde
380 2921 1579 3002 und das Stück dann in einem sechsten Akt auf baktrischem
1569 2946 2750 3044 Wahrheit, schlägt ins Gegenteil um. Felix, der
389 2977 1573 3068 Boden spielt. Aber da tritt die tragische Wendung ein.
1786 2974 3398 3047 dem welterfahrenen Manne bisher hin= Schnitzler und will es mit
1574 3019 1808 3081 sich zu
390 3022 1581 3102 Herr v. Sala geht nicht nach Baktrien, sondern den „ein¬
399 3024 3386 3179 samen Weg.“ Johanna Wegradt, seine Geliebte, hat sich gezogen gefühlt hatte, sagt sich von ihm los in Ein Zwerg, der sich vermißt,
