3436 4384
1069 368 1108 428 V
1399 350 1861 445 box 23/5
776 378 870 432 nS
248 372 1255 471 18. Der CL
1020 1340 2073 1413 DE EENZAME WEG VAN ARTHUR SCHNITZLER.
930 1550 2230 1633 Dit stuk van Schnitzler is reeds meer dan 20 jaar oud en wordt door
878 1620 2232 1685 hemzelf, en door velen met hem, voer zisn best geschreven tooneel¬
880 1648 2227 1717 stuk gehouden. Het heeft langen tijd tot miin illusies behoord het opte
883 1688 2230 1750 voeren, en de fraaie vertaling van Frans Mijnssen is indertijd ten be¬
885 1732 2228 1799 hoeve van „De Haghespelers'’ gemaakt, maar bleef van het een op
886 1767 2230 1835 het ander jaar liggen, doordat het scheen, alsof er geen juiste rolver¬
893 1832 1518 1884 deeling kon worden verkregen.
923 1836 2231 1912 Door de oorlog is veel in de wereld veranderd en de levensopvat¬
893 1892 2240 1946 ting in het algemeen gesproken, is aanmerkelijk gewijzigd. Zoo kan
889 1930 2240 1981 inen in het stuk van „De Eenzame Weg'’ op het oogenblik zien het
885 1977 2244 2027 leed en de cenzaamheid der menschen. Men kan het stuk beschouwen
892 2009 2231 2072 met evenveel ontroering als vroeger, maar toch objectiever, nu de
888 2056 2242 2117 cerste teekenen hier en daar zich voelbaar maken van cen gröôter
894 2098 1897 2154 erkenning van het gemis aan gemeenschapsgevoel.
930 2127 2232 2186 Allen in dit stuk van Schnitzler bewandelen een cenzame weg. Het
889 2199 2242 2237 ziin de slachtoffers van een periode van cen te individualistische
886 2216 2243 2268 levensbeschonwing, zoowel de egoisten als de altruisten, die in het spei
889 2272 1141 2325 voorkomen.
940 2280 2246 2356 De drie mannen op middelbaren leeftijd: Fientner von Sala en
906 2332 2231 2391 Wegrath. zijn zeer verscheiden in hun wezen. Alle drie kunstenaars,
902 2378 2245 2440 heeft Fichtner zich in te groote spontaniteit, min o# meer als kunste¬
900 2411 2252 2467 naar verloren en komt in hem, nu hij wat ouder wordt, het verlangen
906 2460 2247 2511 naar ziin jeugd en vroegere scheppingskracht weer hoven. En deze
910 2493 2251 2559 gevoclens verwart hij met de genegenheid voor den zoon van Gabriele
910 2560 2254 2592 Wegrath, Felix, de jengdige officier, die in waarheid zijn natuurlijken
897 2578 2243 2637 z00n is, en niet de zoon van Prof. Wegrath. Fichtner staat als een
901 2626 2255 2673 verkwister van ziin gaven in het leven. Zennig en onbezonnen van
905 2675 2251 2719 aard, zonder te denken aan de consequenties van zijn daden, leefde
908 2711 2252 2761 hij volgens zijn impulsies en begrijpt, wanneer hij ouder geworden is,
907 2750 1499 2800 niet waarom hij vercenzaamt.
958 2761 2237 2832 Wegrath heeft geleefd voor zijn gezin dat hij niet kent, en zijn werk,
904 2819 2247 2882 dat hem niet geheel voldoet. Hij is Directeur van de Schilders Acade¬
909 2857 2251 2923 mie; hij is meer kunstenaar door zijn volharding en zijn vlijt, dan door
900 2918 1556 2958 ziin scheppingsdrang en gaven.
957 2932 2253 2992 Zijne vrouw Gabriele heeft nit schuldbesef voor het begane onrecht
906 2979 2261 3043 jegens haar toehmaligen bruidegom, haar leven verder geheel aan
913 3019 2254 3089 hem en haar beide kinderen, Felix en Johanna, gewijd. Haar leven is
907 3055 2251 3112 op een leugen gebouwd, maar het heeft „het geluk van een geheel
915 3099 2256 3165 gezin kunnen dragen.* Wanneer zij sterft valt het gezin echter, zooals
912 3156 1306 3208 zij vreesde, uiteen.
965 3154 2251 3240 Von Sala de derde kunstenaar is cen dichter, die het leven, naar het
906 3221 2261 3286 gemoed gesproken, egoistisch-bewust leeft, zonder deemoedig geloof
920 3292 2259 3324 en hoop, maar met de algeheele levens-voldoening: bevrediging van
921 3305 2267 3356 het oogenblik. Hij is los van sentimenten als aanhankelijkheid voor.
921 3365 2267 3393 of afhankelijkheid van anderen. Het zich bewust uit-leven is ziin
916 3387 1936 3450 grootste bezit; tegenover den dood staat hij vijandig.
967 3415 2259 3478 Uit hoogmoed, als ziin einde nadert, met de erkenning dat ook hij
1718 3629 2249 3704 Zie vervolg voorlaatste bladzijde.
2548 1277 3328 1368 PUBLICITEITS-BUREA
3144 1357 3332 1431 DEN H
2654 1437 3343 1508 JOHAN VAN OLDENBARNEVEL
2565 1533 3357 1615 ARTISTIEK UITGEVOERDE
2865 1619 3348 1709 PUBLICITEIT OF
2586 1790 3340 1910 KON. NED. MA
2884 1895 3321 1993 FIRMA FERO.
2742 1979 3343 2094 S. FIIN EN GROF
2658 2082 2770 2140 . 6
2979 2060 3343 2153 ROTTING M
2823 2167 3350 2272 NOORDE
2578 2329 3316 2417 STALHOUDERIJ J. C. THEO
2585 2399 3333 2490 DE RUVTERSTRAAT 50—51—52 C
2853 3505 3365 3599 LEVERING VAN 1e KLA
2608 3586 3091 3671 MAAND-EOUIPAGES
