<?xml version="1.0" encoding="UTF-8" standalone="yes"?>
<PcGts xmlns="http://schema.primaresearch.org/PAGE/gts/pagecontent/2013-07-15" xmlns:xsi="http://www.w3.org/2001/XMLSchema-instance" xsi:schemaLocation="http://schema.primaresearch.org/PAGE/gts/pagecontent/2013-07-15 http://schema.primaresearch.org/PAGE/gts/pagecontent/2013-07-15/pagecontent.xsd">
    <Metadata>
        <Creator>prov=University of Rostock/Institute of Mathematics/CITlab/Gundram Leifert/gundram.leifert@uni-rostock.de:name=ONB_Newseye_GT_M1+(htr_id=10810)::::v=2.4.2
prov=University of Rostock/Institute of Mathematics/CITlab/Tobias Gruening/tobias.gruening@uni-rostock.de:name=de.uros.citlab.module.baseline2polygon.B2PSeamMultiOriented:v=2.4.2
prov=University of Rostock/Institute of Mathematics/CITlab/Tobias Gruening/tobias.gruening@uni-rostock.de:name=/mnt/transkribus/LA/DEA/URO/LA_news_onb_att.pb:de.uros.citlab.segmentation.CITlab_LA_ML:v=2.4.2
Transkribus</Creator>
        <Created>2019-10-07T11:28:48.976+02:00</Created>
        <LastChange>2019-10-08T10:40:04.796+02:00</LastChange>
        <TranskribusMetadata docId="223970" pageId="9500503" pageNr="296" tsid="16524694" status="IN_PROGRESS" userId="40391" imgUrl="https://files.transkribus.eu/Get?id=BRNKBXXRFOEUBBXILAHBDMTS&amp;fileType=view" xmlUrl="https://files.transkribus.eu/Get?id=JEROKOCVCONMDIQIDZYPIXIY" imageId="6190725"/>
    </Metadata>
    <Page imageFilename="223970_0296.jpeg" imageWidth="3436" imageHeight="4320">
        <ReadingOrder>
            <OrderedGroup id="ro_1711450738142" caption="Regions reading order">
                <RegionRefIndexed index="0" regionRef="r1"/>
            </OrderedGroup>
        </ReadingOrder>
        <TextRegion orientation="0.0" id="r1" custom="readingOrder {index:0;}">
            <Coords points="256,254 256,3505 2314,3505 2314,254"/>
            <TextLine id="r1l1" custom="readingOrder {index:0;}">
                <Coords points="246,304 1705,312 1858,286 1858,245 1455,223 1294,270 1136,216 1037,253 771,213 672,266 494,222 246,253"/>
                <Baseline points="256,280 335,290 415,297 494,302 574,306 654,309 733,310 813,310 893,309 972,307 1052,305 1132,302 1211,299 1291,296 1371,293 1450,291 1530,288 1610,287 1689,286 1769,286 1849,287"/>
                <TextEquiv>
                    <Unicode>18. Der einsane Neg box 23/3</Unicode>
                </TextEquiv>
            </TextLine>
            <TextLine id="r1l2" custom="readingOrder {index:1;}">
                <Coords points="1512,1282 1552,1294 1624,1283 1671,1299 1849,1292 1850,1242 1826,1253 1780,1242 1726,1246 1702,1258 1651,1234 1555,1244 1532,1229 1514,1233"/>
                <Baseline points="1522,1283 1548,1282 1574,1282 1601,1282 1627,1283 1653,1283 1680,1284 1706,1285 1732,1286 1759,1288 1785,1288 1811,1289 1838,1289"/>
                <TextEquiv>
                    <Unicode>Die Schaubühne</Unicode>
                </TextEquiv>
            </TextLine>
            <TextLine id="r1l3" custom="readingOrder {index:2;}">
                <Coords points="2220,1305 2246,1307 2276,1306 2282,1302 2288,1305 2312,1303 2313,1257 2292,1255 2282,1259 2260,1244 2236,1261 2232,1257 2222,1257"/>
                <Baseline points="2230,1293 2266,1293 2302,1295"/>
                <TextEquiv>
                    <Unicode>489</Unicode>
                </TextEquiv>
            </TextLine>
            <TextLine id="r1l4" custom="readingOrder {index:3;}">
                <Coords points="1025,1410 2322,1441 2323,1385 2252,1366 1026,1360"/>
                <Baseline points="1035,1416 1098,1417 1162,1417 1226,1418 1290,1419 1354,1420 1418,1421 1481,1422 1545,1423 1609,1424 1673,1425 1737,1426 1801,1427 1865,1428 1928,1430 1992,1431 2056,1432 2120,1433 2184,1434 2248,1435 2312,1435"/>
                <TextEquiv>
                    <Unicode>lage im Kampf um ein höheres Dasein die andere Hälfte der</Unicode>
                </TextEquiv>
            </TextLine>
            <TextLine id="r1l5" custom="readingOrder {index:4;}">
                <Coords points="1036,1481 2129,1507 2289,1502 2322,1458 1037,1429"/>
                <Baseline points="1046,1469 1109,1470 1172,1471 1235,1472 1298,1474 1362,1474 1425,1476 1488,1477 1551,1478 1614,1479 1678,1481 1741,1482 1804,1483 1867,1484 1930,1485 1994,1486 2057,1487 2120,1488 2183,1489 2246,1490 2310,1491"/>
                <TextEquiv>
                    <Unicode>Dichtung ausfüllt. Um die Wende des achtzehnten Jahrhunderts</Unicode>
                </TextEquiv>
            </TextLine>
            <TextLine id="r1l6" custom="readingOrder {index:5;}">
                <Coords points="1033,1530 2078,1562 2284,1556 2325,1509 1034,1485"/>
                <Baseline points="1043,1525 1106,1525 1170,1526 1233,1526 1297,1527 1360,1528 1424,1529 1487,1530 1551,1532 1614,1534 1678,1535 1742,1537 1805,1538 1869,1540 1932,1541 1996,1542 2059,1543 2123,1544 2186,1545 2250,1545 2314,1545"/>
                <TextEquiv>
                    <Unicode>hieß Sala William Lovell und Roquairol, bei Bourget heißt er</Unicode>
                </TextEquiv>
            </TextLine>
            <TextLine id="r1l7" custom="readingOrder {index:6;}">
                <Coords points="1034,1584 2313,1604 2313,1558 2126,1541 1034,1536"/>
                <Baseline points="1043,1578 1109,1578 1175,1579 1241,1580 1308,1581 1374,1582 1440,1583 1506,1584 1573,1585 1639,1587 1705,1588 1771,1589 1838,1590 1904,1591 1970,1592 2036,1593 2103,1594 2169,1594 2235,1595 2302,1595"/>
                <TextEquiv>
                    <Unicode>Dorsenne und Armand de Querne. Diese Menschen — es kommt</Unicode>
                </TextEquiv>
            </TextLine>
            <TextLine id="r1l8" custom="readingOrder {index:7;}">
                <Coords points="1033,1652 2226,1664 2286,1649 2287,1609 1034,1590"/>
                <Baseline points="1043,1635 1104,1635 1166,1635 1228,1636 1289,1636 1351,1637 1413,1637 1474,1638 1536,1638 1598,1640 1660,1640 1721,1641 1783,1642 1845,1643 1906,1645 1968,1646 2030,1648 2091,1649 2153,1650 2215,1652 2277,1654"/>
                <TextEquiv>
                    <Unicode>hier weniger auf die Unterschiede fals auf das Gemeinsame an —</Unicode>
                </TextEquiv>
            </TextLine>
            <TextLine id="r1l9" custom="readingOrder {index:8;}">
                <Coords points="1035,1688 2302,1712 2303,1662 2165,1654 1036,1650"/>
                <Baseline points="1045,1688 1107,1688 1169,1688 1232,1688 1294,1689 1357,1690 1419,1691 1481,1692 1544,1693 1606,1695 1669,1696 1731,1698 1793,1699 1856,1700 1918,1702 1981,1703 2043,1704 2105,1704 2168,1705 2230,1705 2293,1705"/>
                <TextEquiv>
                    <Unicode>waren nie jung und von jeher skeptisch, früh friedlos und schnell leer¬</Unicode>
                </TextEquiv>
            </TextLine>
            <TextLine id="r1l10" custom="readingOrder {index:9;}">
                <Coords points="1032,1751 2304,1781 2306,1709 1032,1709"/>
                <Baseline points="1041,1746 1103,1745 1166,1745 1229,1745 1291,1745 1354,1746 1417,1747 1479,1748 1542,1749 1605,1750 1668,1751 1730,1752 1793,1754 1856,1755 1918,1756 1981,1757 2044,1759 2106,1759 2169,1760 2232,1760 2295,1761"/>
                <TextEquiv>
                    <Unicode>gebrannt; hatten immer zu viel Wissen und zu wenig Willen,</Unicode>
                </TextEquiv>
            </TextLine>
            <TextLine id="r1l11" custom="readingOrder {index:10;}">
                <Coords points="1028,1783 1119,1815 2305,1827 2305,1781 2220,1765 1028,1751"/>
                <Baseline points="1037,1798 1099,1797 1162,1796 1225,1796 1288,1796 1351,1797 1414,1798 1477,1799 1540,1800 1603,1801 1666,1803 1728,1804 1791,1806 1854,1807 1917,1808 1980,1810 2043,1811 2106,1812 2169,1813 2232,1814 2295,1814"/>
                <TextEquiv>
                    <Unicode>keinerlei Unmittelbarkeit, aber das verfeinertste Nervensystem von</Unicode>
                </TextEquiv>
            </TextLine>
            <TextLine id="r1l12" custom="readingOrder {index:11;}">
                <Coords points="1024,1869 2273,1883 2314,1826 1025,1803"/>
                <Baseline points="1035,1850 1098,1850 1161,1850 1225,1850 1288,1851 1352,1852 1415,1852 1479,1853 1542,1855 1606,1856 1669,1857 1732,1859 1796,1860 1859,1862 1923,1863 1986,1865 2050,1867 2113,1868 2177,1869 2240,1871 2304,1872"/>
                <TextEquiv>
                    <Unicode>schmerzlicher Erregbarkeit. Sala ist der interessanteste. „Was ich</Unicode>
                </TextEquiv>
            </TextLine>
            <TextLine id="r1l13" custom="readingOrder {index:12;}">
                <Coords points="1029,1925 2274,1938 2314,1932 2315,1871 1030,1865"/>
                <Baseline points="1039,1906 1102,1906 1165,1907 1228,1908 1292,1909 1355,1909 1418,1910 1482,1911 1545,1911 1608,1912 1672,1913 1735,1914 1798,1914 1861,1915 1925,1917 1988,1918 2051,1919 2115,1921 2178,1923 2241,1925 2305,1927"/>
                <TextEquiv>
                    <Unicode>besitze, seh ich wie im Weiten, und was verschwand, wird mir zu</Unicode>
                </TextEquiv>
            </TextLine>
            <TextLine id="r1l14" custom="readingOrder {index:13;}">
                <Coords points="1028,1965 2221,1993 2318,1950 1029,1923"/>
                <Baseline points="1039,1961 1102,1959 1165,1959 1229,1959 1292,1959 1356,1959 1419,1960 1483,1961 1546,1962 1610,1963 1673,1964 1736,1966 1800,1967 1863,1969 1927,1970 1990,1971 2054,1972 2117,1973 2181,1974 2244,1975 2308,1975"/>
                <TextEquiv>
                    <Unicode>Wirklichkeiten“. Seine Selbstbeobachtung verwehrt ihm die Hingabe</Unicode>
                </TextEquiv>
            </TextLine>
            <TextLine id="r1l15" custom="readingOrder {index:14;}">
                <Coords points="1016,2013 2301,2037 2302,1988 2083,1976 1017,1973"/>
                <Baseline points="1027,2012 1090,2013 1153,2014 1216,2015 1279,2016 1343,2017 1406,2017 1469,2018 1532,2019 1595,2020 1659,2021 1722,2022 1785,2023 1848,2024 1911,2025 1975,2026 2038,2027 2101,2029 2164,2030 2227,2032 2291,2033"/>
                <TextEquiv>
                    <Unicode> an den Augenblick. Jede Empfindung geht ihm zuerst ins Hirn,</Unicode>
                </TextEquiv>
            </TextLine>
            <TextLine id="r1l16" custom="readingOrder {index:15;}">
                <Coords points="1018,2075 2265,2105 2312,2059 1019,2029"/>
                <Baseline points="1029,2064 1092,2066 1156,2067 1219,2068 1283,2069 1347,2070 1410,2071 1474,2072 1537,2073 1601,2073 1665,2074 1728,2074 1792,2075 1855,2076 1919,2076 1983,2077 2046,2078 2110,2079 2173,2080 2237,2081 2301,2082"/>
                <TextEquiv>
                    <Unicode>wird da zersetzt und erreicht selten das Herz. Seine Dramen</Unicode>
                </TextEquiv>
            </TextLine>
            <TextLine id="r1l17" custom="readingOrder {index:16;}">
                <Coords points="1017,2114 2308,2148 2308,2098 2181,2090 1017,2079"/>
                <Baseline points="1026,2123 1089,2123 1153,2123 1216,2123 1280,2123 1343,2124 1407,2124 1470,2124 1534,2125 1597,2125 1661,2126 1725,2127 1788,2128 1852,2129 1915,2130 1979,2131 2042,2132 2106,2133 2169,2135 2233,2137 2297,2139"/>
                <TextEquiv>
                    <Unicode>müssen nicht nur Irenen Herms, der Schauspielerin von starken</Unicode>
                </TextEquiv>
            </TextLine>
            <TextLine id="r1l18" custom="readingOrder {index:17;}">
                <Coords points="1029,2186 2123,2210 2284,2201 2315,2145 1030,2128"/>
                <Baseline points="1039,2175 1102,2175 1165,2176 1228,2176 1292,2177 1355,2178 1418,2178 1481,2179 1545,2180 1608,2181 1671,2182 1734,2183 1798,2184 1861,2185 1924,2186 1987,2188 2051,2189 2114,2190 2177,2191 2240,2192 2304,2193"/>
                <TextEquiv>
                    <Unicode>Impulsen und warmblütiger Naivität, schrecklich gewesen sein. Die</Unicode>
                </TextEquiv>
            </TextLine>
            <TextLine id="r1l19" custom="readingOrder {index:18;}">
                <Coords points="1032,2236 2129,2268 2305,2255 2306,2205 1033,2184"/>
                <Baseline points="1041,2229 1103,2229 1166,2230 1229,2230 1291,2231 1354,2231 1417,2232 1479,2233 1542,2234 1605,2235 1668,2236 1730,2237 1793,2238 1856,2239 1918,2240 1981,2241 2044,2242 2106,2244 2169,2245 2232,2246 2295,2248"/>
                <TextEquiv>
                    <Unicode>Kühle seines Naturells hat einen Abgrund um ihn geschaffen, in den</Unicode>
                </TextEquiv>
            </TextLine>
            <TextLine id="r1l20" custom="readingOrder {index:19;}">
                <Coords points="1021,2294 2308,2299 2219,2246 1473,2264 1022,2228"/>
                <Baseline points="1030,2283 1093,2283 1156,2283 1220,2283 1283,2283 1347,2284 1410,2285 1473,2286 1537,2287 1600,2288 1664,2289 1727,2290 1790,2291 1854,2292 1917,2294 1981,2295 2044,2295 2107,2296 2171,2296 2234,2297 2298,2297"/>
                <TextEquiv>
                    <Unicode>er am Ende versinkt. Über den feinschmeckerischen Kosmopoliten</Unicode>
                </TextEquiv>
            </TextLine>
            <TextLine id="r1l21" custom="readingOrder {index:20;}">
                <Coords points="1025,2338 2306,2360 2255,2308 1026,2300"/>
                <Baseline points="1036,2333 1099,2334 1162,2335 1225,2336 1288,2336 1351,2337 1414,2339 1477,2340 1540,2341 1603,2342 1666,2343 1729,2344 1792,2345 1855,2347 1918,2347 1981,2348 2044,2349 2107,2350 2170,2351 2233,2351 2296,2352"/>
                <TextEquiv>
                    <Unicode>aber, der noch sein Sterben zu arrangieren weiß, wie er sein Leben</Unicode>
                </TextEquiv>
            </TextLine>
            <TextLine id="r1l22" custom="readingOrder {index:21;}">
                <Coords points="1018,2397 2315,2405 2285,2362 1018,2361"/>
                <Baseline points="1028,2384 1091,2387 1155,2389 1219,2391 1283,2392 1347,2393 1410,2395 1474,2396 1538,2397 1602,2398 1666,2399 1729,2399 1793,2400 1857,2401 1921,2401 1985,2402 2048,2403 2112,2404 2176,2405 2240,2405 2304,2407"/>
                <TextEquiv>
                    <Unicode>arrangiert hat, erhebt sich am Ende die ernste, wenn auch arme</Unicode>
                </TextEquiv>
            </TextLine>
            <TextLine id="r1l23" custom="readingOrder {index:22;}">
                <Coords points="1021,2450 2241,2476 2310,2469 2311,2430 1022,2412"/>
                <Baseline points="1032,2442 1095,2442 1158,2443 1222,2444 1285,2446 1349,2447 1412,2448 1475,2450 1539,2451 1602,2452 1666,2453 1729,2455 1792,2456 1856,2457 1919,2458 1983,2459 2046,2460 2109,2461 2173,2462 2236,2462 2300,2463"/>
                <TextEquiv>
                    <Unicode>Auffassung vom nahen, aber bestimmten Lebensziel, von der be¬</Unicode>
                </TextEquiv>
            </TextLine>
            <TextLine id="r1l24" custom="readingOrder {index:23;}">
                <Coords points="1026,2495 2133,2550 2306,2530 2307,2481 1026,2451"/>
                <Baseline points="1035,2498 1098,2499 1161,2499 1224,2500 1287,2501 1350,2501 1413,2502 1476,2503 1539,2503 1602,2504 1666,2505 1729,2506 1792,2507 1855,2508 1918,2509 1981,2510 2044,2512 2107,2513 2170,2515 2233,2517 2297,2519"/>
                <TextEquiv>
                    <Unicode>grenzten Wirksamkeit als der Schlußsumme aller Weisheit und der</Unicode>
                </TextEquiv>
            </TextLine>
            <TextLine id="r1l25" custom="readingOrder {index:24;}">
                <Coords points="1023,2563 1206,2570 1296,2556 1379,2573 1434,2558 1497,2578 1527,2558 1528,2516 1195,2504 1054,2511 1024,2527"/>
                <Baseline points="1034,2550 1059,2550 1084,2550 1110,2550 1135,2550 1161,2550 1186,2550 1212,2551 1237,2551 1263,2551 1288,2552 1314,2553 1339,2553 1365,2554 1390,2555 1416,2556 1441,2556 1467,2557 1492,2558 1518,2559"/>
                <TextEquiv>
                    <Unicode>sichersten Art von Glück.</Unicode>
                </TextEquiv>
            </TextLine>
            <TextLine id="r1l26" custom="readingOrder {index:25;}">
                <Coords points="1111,2609 2310,2632 2311,2582 2063,2557 1112,2568"/>
                <Baseline points="1122,2601 1180,2603 1239,2606 1298,2607 1357,2609 1416,2611 1475,2612 1534,2613 1593,2614 1652,2615 1711,2616 1769,2617 1828,2618 1887,2619 1946,2619 2005,2620 2064,2621 2123,2622 2182,2623 2241,2625 2300,2626"/>
                <TextEquiv>
                    <Unicode>Von Glück? Ach, die schlecht und recht auf der goldenen</Unicode>
                </TextEquiv>
            </TextLine>
            <TextLine id="r1l27" custom="readingOrder {index:26;}">
                <Coords points="1025,2662 2312,2705 2313,2631 1026,2622"/>
                <Baseline points="1036,2656 1099,2657 1162,2658 1225,2659 1289,2660 1352,2661 1415,2662 1479,2664 1542,2665 1605,2667 1669,2668 1732,2669 1795,2671 1858,2672 1922,2673 1985,2674 2048,2675 2112,2676 2175,2677 2238,2678 2302,2679"/>
                <TextEquiv>
                    <Unicode>Mittelstraße im Dutzend geblieben sind, werden bei Schnitzler noch</Unicode>
                </TextEquiv>
            </TextLine>
            <TextLine id="r1l28" custom="readingOrder {index:27;}">
                <Coords points="1015,2725 2306,2742 2265,2691 2161,2681 1015,2684"/>
                <Baseline points="1024,2710 1087,2711 1151,2713 1214,2714 1278,2715 1342,2716 1405,2718 1469,2719 1532,2720 1596,2721 1660,2722 1723,2723 1787,2724 1850,2726 1914,2727 1978,2728 2041,2729 2105,2731 2168,2732 2232,2733 2296,2735"/>
                <TextEquiv>
                    <Unicode>weniger glücklich als die Libertiner der Phantasic und des Fleisches,</Unicode>
                </TextEquiv>
            </TextLine>
            <TextLine id="r1l29" custom="readingOrder {index:28;}">
                <Coords points="1013,2774 2310,2795 2310,2751 2245,2740 1014,2724"/>
                <Baseline points="1023,2766 1086,2767 1150,2768 1214,2769 1278,2770 1342,2771 1405,2772 1469,2774 1533,2775 1597,2776 1661,2777 1724,2778 1788,2779 1852,2781 1916,2782 1980,2783 2043,2784 2107,2785 2171,2786 2235,2787 2299,2788"/>
                <TextEquiv>
                    <Unicode>die doch ihre blauen Jugendsehnsüchte und ihre höchst erdhaften</Unicode>
                </TextEquiv>
            </TextLine>
            <TextLine id="r1l30" custom="readingOrder {index:29;}">
                <Coords points="1017,2808 2271,2858 2302,2799 1017,2782"/>
                <Baseline points="1027,2820 1090,2822 1153,2823 1216,2824 1279,2825 1343,2826 1406,2827 1469,2828 1532,2829 1595,2829 1659,2830 1722,2831 1785,2832 1848,2833 1911,2834 1975,2835 2038,2837 2101,2839 2164,2841 2227,2844 2291,2846"/>
                <TextEquiv>
                    <Unicode>Genüsse gehabt haben. War dieser Ausblick die Absicht, oder ist</Unicode>
                </TextEquiv>
            </TextLine>
            <TextLine id="r1l31" custom="readingOrder {index:30;}">
                <Coords points="1012,2875 2301,2908 2252,2850 1013,2833"/>
                <Baseline points="1021,2876 1084,2877 1148,2878 1211,2878 1275,2879 1338,2880 1402,2881 1465,2881 1529,2882 1592,2883 1656,2884 1719,2885 1783,2886 1846,2887 1910,2888 1973,2889 2037,2891 2100,2893 2164,2895 2227,2897 2291,2900"/>
                <TextEquiv>
                    <Unicode>dem Dichter die Physiognomie seines Stückes so verschwommen</Unicode>
                </TextEquiv>
            </TextLine>
            <TextLine id="r1l32" custom="readingOrder {index:31;}">
                <Coords points="1015,2940 2264,2966 2306,2963 2307,2917 1016,2890"/>
                <Baseline points="1026,2930 1089,2932 1153,2933 1216,2934 1280,2934 1343,2935 1407,2935 1470,2936 1534,2936 1597,2936 1661,2937 1725,2937 1788,2938 1852,2939 1915,2940 1979,2942 2042,2943 2106,2946 2169,2948 2233,2951 2297,2954"/>
                <TextEquiv>
                    <Unicode>geraten, daß sein menschlicher Standpunkt nicht klar wird? Auch</Unicode>
                </TextEquiv>
            </TextLine>
            <TextLine id="r1l33" custom="readingOrder {index:32;}">
                <Coords points="1023,2996 2304,3015 2305,2963 2253,2958 1024,2950"/>
                <Baseline points="1034,2983 1097,2984 1160,2985 1223,2986 1286,2987 1349,2988 1412,2989 1475,2989 1538,2990 1601,2991 1664,2991 1727,2992 1790,2993 1853,2994 1916,2995 1979,2997 2042,2998 2105,3000 2168,3002 2231,3004 2294,3007"/>
                <TextEquiv>
                    <Unicode>sonst entstehen ja bei ihm ethische Fragwürdigkeiten aus künstlerischer</Unicode>
                </TextEquiv>
            </TextLine>
            <TextLine id="r1l34" custom="readingOrder {index:33;}">
                <Coords points="1010,3034 2291,3067 2290,3011 1011,3008"/>
                <Baseline points="1021,3036 1084,3038 1147,3039 1210,3041 1273,3042 1336,3043 1399,3044 1462,3044 1525,3045 1588,3046 1651,3047 1714,3048 1777,3049 1840,3050 1903,3051 1966,3052 2029,3054 2092,3056 2155,3058 2218,3061 2281,3064"/>
                <TextEquiv>
                    <Unicode>Schwäche. Wie Ibsen hat Schnitzler in den engen Grenzen räum¬</Unicode>
                </TextEquiv>
            </TextLine>
            <TextLine id="r1l35" custom="readingOrder {index:34;}">
                <Coords points="1009,3096 2226,3131 2302,3118 2303,3080 1010,3064"/>
                <Baseline points="1020,3090 1083,3091 1147,3093 1210,3094 1274,3095 1338,3096 1401,3097 1465,3098 1528,3099 1592,3100 1656,3100 1719,3101 1783,3102 1846,3103 1910,3105 1974,3106 2037,3107 2101,3109 2164,3110 2228,3112 2292,3114"/>
                <TextEquiv>
                    <Unicode>licher und zeitlicher Einheit aus Längstvergangenem nur die letzten</Unicode>
                </TextEquiv>
            </TextLine>
            <TextLine id="r1l36" custom="readingOrder {index:35;}">
                <Coords points="1010,3152 2305,3182 2306,3133 2167,3118 1011,3108"/>
                <Baseline points="1021,3144 1084,3146 1148,3147 1212,3149 1276,3150 1339,3151 1403,3151 1467,3152 1531,3153 1594,3154 1658,3154 1722,3155 1786,3157 1849,3157 1913,3159 1977,3161 2041,3163 2104,3164 2168,3167 2232,3170 2296,3173"/>
                <TextEquiv>
                    <Unicode>Schlüsse ziehen wollen. Aber wem das gelingen soll, der muß</Unicode>
                </TextEquiv>
            </TextLine>
            <TextLine id="r1l37" custom="readingOrder {index:36;}">
                <Coords points="1014,3214 2255,3246 2300,3181 1015,3160"/>
                <Baseline points="1024,3198 1087,3200 1150,3201 1213,3202 1276,3203 1340,3204 1403,3205 1466,3206 1529,3206 1592,3207 1656,3208 1719,3209 1782,3210 1845,3211 1908,3212 1972,3214 2035,3215 2098,3217 2161,3219 2224,3221 2288,3224"/>
                <TextEquiv>
                    <Unicode>die Kunst besitzen, mit der bei Ibsen die Vergangenheit und der</Unicode>
                </TextEquiv>
            </TextLine>
            <TextLine id="r1l38" custom="readingOrder {index:37;}">
                <Coords points="1014,3266 2217,3294 2303,3280 2304,3232 1015,3214"/>
                <Baseline points="1024,3254 1087,3255 1150,3255 1214,3256 1277,3257 1341,3257 1404,3258 1468,3259 1531,3259 1595,3260 1658,3261 1721,3262 1785,3264 1848,3265 1912,3266 1975,3267 2039,3269 2102,3271 2166,3273 2229,3275 2293,3277"/>
                <TextEquiv>
                    <Unicode>Augenblick sich gegenseitig durchleuchten. Es ist nötig, daß Julian</Unicode>
                </TextEquiv>
            </TextLine>
            <TextLine id="r1l39" custom="readingOrder {index:38;}">
                <Coords points="1009,3321 2276,3355 2305,3302 1010,3273"/>
                <Baseline points="1020,3305 1083,3307 1147,3309 1211,3310 1274,3311 1338,3312 1402,3313 1465,3314 1529,3314 1593,3315 1657,3315 1720,3316 1784,3317 1848,3318 1911,3319 1975,3320 2039,3322 2102,3324 2166,3327 2230,3329 2294,3333"/>
                <TextEquiv>
                    <Unicode>Fichtner seinem Sohn Felix erzählt, wie er sich vor vierundzwanzig</Unicode>
                </TextEquiv>
            </TextLine>
            <TextLine id="r1l40" custom="readingOrder {index:39;}">
                <Coords points="1010,3370 2305,3398 2306,3346 2203,3332 1011,3331"/>
                <Baseline points="1020,3361 1083,3362 1147,3362 1211,3363 1275,3364 1339,3365 1402,3366 1466,3367 1530,3368 1594,3370 1658,3371 1721,3372 1785,3373 1849,3375 1913,3376 1977,3377 2040,3378 2104,3380 2168,3381 2232,3382 2296,3383"/>
                <TextEquiv>
                    <Unicode>Jahren benommen hat. Schnitzler kann den Maler seine</Unicode>
                </TextEquiv>
            </TextLine>
            <TextLine id="r1l41" custom="readingOrder {index:40;}">
                <Coords points="1019,3420 2067,3459 2260,3456 2307,3401 1020,3375"/>
                <Baseline points="1030,3417 1093,3416 1156,3417 1219,3417 1283,3418 1346,3420 1409,3421 1473,3423 1536,3425 1599,3427 1663,3429 1726,3431 1789,3432 1852,3434 1916,3436 1979,3437 2042,3438 2106,3438 2169,3438 2232,3438 2296,3437"/>
                <TextEquiv>
                    <Unicode>Handlungsweise nur so schildern lassen, wie er sie als junger leicht¬</Unicode>
                </TextEquiv>
            </TextLine>
            <TextLine id="r1l42" custom="readingOrder {index:41;}">
                <Coords points="1017,3505 1228,3477 2288,3524 2303,3452 1018,3428"/>
                <Baseline points="1028,3471 1091,3473 1154,3475 1217,3477 1280,3479 1344,3480 1407,3482 1470,3484 1533,3485 1596,3487 1660,3488 1723,3489 1786,3490 1849,3491 1912,3491 1976,3491 2039,3492 2102,3491 2165,3491 2228,3490 2292,3489"/>
                <TextEquiv>
                    <Unicode>sinniger Bursch gesehen hat, als wäre er inzwischen nicht vier¬</Unicode>
                </TextEquiv>
            </TextLine>
            <TextEquiv>
                <Unicode>18. Der einsane Neg box 23/3
Die Schaubühne
489
lage im Kampf um ein höheres Dasein die andere Hälfte der
Dichtung ausfüllt. Um die Wende des achtzehnten Jahrhunderts
hieß Sala William Lovell und Roquairol, bei Bourget heißt er
Dorsenne und Armand de Querne. Diese Menschen — es kommt
hier weniger auf die Unterschiede fals auf das Gemeinsame an —
waren nie jung und von jeher skeptisch, früh friedlos und schnell leer¬
gebrannt; hatten immer zu viel Wissen und zu wenig Willen,
keinerlei Unmittelbarkeit, aber das verfeinertste Nervensystem von
schmerzlicher Erregbarkeit. Sala ist der interessanteste. „Was ich
besitze, seh ich wie im Weiten, und was verschwand, wird mir zu
Wirklichkeiten“. Seine Selbstbeobachtung verwehrt ihm die Hingabe
 an den Augenblick. Jede Empfindung geht ihm zuerst ins Hirn,
wird da zersetzt und erreicht selten das Herz. Seine Dramen
müssen nicht nur Irenen Herms, der Schauspielerin von starken
Impulsen und warmblütiger Naivität, schrecklich gewesen sein. Die
Kühle seines Naturells hat einen Abgrund um ihn geschaffen, in den
er am Ende versinkt. Über den feinschmeckerischen Kosmopoliten
aber, der noch sein Sterben zu arrangieren weiß, wie er sein Leben
arrangiert hat, erhebt sich am Ende die ernste, wenn auch arme
Auffassung vom nahen, aber bestimmten Lebensziel, von der be¬
grenzten Wirksamkeit als der Schlußsumme aller Weisheit und der
sichersten Art von Glück.
Von Glück? Ach, die schlecht und recht auf der goldenen
Mittelstraße im Dutzend geblieben sind, werden bei Schnitzler noch
weniger glücklich als die Libertiner der Phantasic und des Fleisches,
die doch ihre blauen Jugendsehnsüchte und ihre höchst erdhaften
Genüsse gehabt haben. War dieser Ausblick die Absicht, oder ist
dem Dichter die Physiognomie seines Stückes so verschwommen
geraten, daß sein menschlicher Standpunkt nicht klar wird? Auch
sonst entstehen ja bei ihm ethische Fragwürdigkeiten aus künstlerischer
Schwäche. Wie Ibsen hat Schnitzler in den engen Grenzen räum¬
licher und zeitlicher Einheit aus Längstvergangenem nur die letzten
Schlüsse ziehen wollen. Aber wem das gelingen soll, der muß
die Kunst besitzen, mit der bei Ibsen die Vergangenheit und der
Augenblick sich gegenseitig durchleuchten. Es ist nötig, daß Julian
Fichtner seinem Sohn Felix erzählt, wie er sich vor vierundzwanzig
Jahren benommen hat. Schnitzler kann den Maler seine
Handlungsweise nur so schildern lassen, wie er sie als junger leicht¬
sinniger Bursch gesehen hat, als wäre er inzwischen nicht vier¬</Unicode>
            </TextEquiv>
        </TextRegion>
    </Page>
</PcGts>
