3392 4448
883 330 1027 388 äne
264 307 1877 425 18. Der eins##, Neg box 23/1
443 1285 3352 1354 Frauen spricht und den Schnitzler so gut zu treffen weiß aber, die nuht im Stande sind, die kapriziösen Sprünge etwas grob. Im Deutschen
1618 1285 3349 1366 dieser Stimmungen vorauszuberechnen, erleben, wenn sie mit Andacht angehört wirh
428 1314 1632 1401 Dem Publikum gefiel diese Szene sehr; wäre das ganze
1622 1336 3354 1409 dieses Liebespaar auf der Bühne sehen, fortwährend des Wiener Dichters ausla
435 1362 1632 1446 Stück in derselben heiteren Art geschrieben gewesen, so hätte es
1631 1392 3351 1458 Ueberraschungen. Johanna scheint von einem tiefen Gefühle Gehalt so hoch über Hal
437 1419 1626 1490 dem Autor statt eines Mißerfolges ohne Zweisel einen
1624 1433 3348 1520 für Stephan beherrscht. Was wird sie tun? Sie wird sich drama steht. Aber die M
442 1458 1632 1544 vollen Erfolg gebracht. Das Publikum hat gegenwärtig
2794 1478 3348 1533 nur einen allzu scharfen
1631 1507 2809 1564 an ihn klammern, jede Möglichkeit benützen, um mit ihm
1196 1510 1642 1571 lachen. Auch an
2793 1519 3347 1591 Das Publikum hat ein
445 1514 1132 1594 vor allem das Bedürfnis,
1634 1532 2806 1611 zusammen zu sein? Keineswegs. Eines Abends kommt sie
435 1554 1632 1640 jenem Theaterabend konnte man beobachten, wie es
2803 1575 3349 1628 Autor nicht gar so willkür
1629 1576 2799 1665 zu ihm und sagt ihm Lebewohl. Sie hat sich entschlossen,
448 1588 1638 1680 auf lustige Pointen förmlich wartete und jedes
2794 1618 3348 1689 wenn er einen krassen Effe
1631 1639 2802 1695 in die weite Welt zu gehen. „Lebewohl!“ erwidert Stephan.
450 1628 1643 1724 Wort, das einer solchen auch nur nahekam, mit Freuden
2803 1660 3349 1739 Bühne verwendet, sich we
1636 1673 2808 1741 Er liebt Johanna, will aber in nächster Zeit an einer
439 1697 1639 1781 begrüßte. Seit langem ist keine Zei so günstig für das
2804 1710 3318 1781 genügend zu motivieren,
1633 1707 2812 1788 wissenschaftlichen Expedition nach Asien teilnehmen. Fünf
1101 1737 1634 1818 — für das deutsche Lust¬
451 1751 1124 1823 Lustspiel gewesen wie die jetzige
2799 1752 3331 1818 wird, wie unmöglich es ist
1633 1760 2801 1846 Minuten später fällt ihm ein, daß er schließlich ebenso
448 1795 1638 1863 spiel, von dem an dieser Stelle vor kurzem auch Hugo
2810 1808 3348 1885 Notwendigkeit durch die 2#
1639 1799 2810 1900 gut auch nicht an der Expedition teilnehmen kann.
456 1842 1641 1920 Wittmann gesprochen hat, indem er sein Wesen liebevoll
2880 1852 3350 1914 Nicht nur in der Ne
1727 1838 2798 1949 „Nichts hindert mich, zu Hause zu bleiben,“
457 1889 1640 1964 schilderte und seine Wiedergeburt herbeiwünschte. Zu den
2799 1900 3345 1966 und Johanna vor sich ge
1634 1887 2773 1994 meint er, „wenn ich nicht gelaunt vin, fortzugehen“ —
457 1929 1635 2005 wenigen Bühnendichtern, die vielleicht berufen wären, das
2801 1943 3344 2005 Stück die Laune eine gro
1636 1949 2804 2026 und er fragt Johanna, ob sie nicht lieber seine Frau
441 1966 1640 2056 deutsche Lustspiel der Gegenwart zu schreiben, gehört,
2808 1995 3350 2050 der Helden dieses Schaus#
1638 2000 2816 2076 werden möchte? Johanna ist sehr bewegt, scheint durchaus
458 2023 1640 2101 wie immer wieder gesagt werden muß, auch Arthur
2806 2037 3349 2098 das sie anerkennen. In ei
1637 2048 2808 2130 geneigt, auf diesen Vorschlag einzugehen — und wirft
457 2077 1643 2143 Schnitzler. Fast alle seine Werke enthalten Stellen, in
2795 2070 3295 2155 Fichtner fragt Sala:
1648 2094 2819 2169 sich am Ende des Aktes ins Wasser. Wenn man das
456 2118 1637 2209 denen ein liebenswürdiger Humor aufleuchtet. Und diesen
2810 2112 3342 2203 unser Leben aufs Spiel
1649 2141 2821 2215 Stück liest, findet man einen Schlüssel zu diesen Rätseln.
460 2160 1642 2239 Dichter, dem möglicherweise ein Lustspiel gelingen könnte,
2808 2181 3329 2247 Leichtsinn — nein, um
1644 2189 2819 2256 Sala leidet an einer schweren Herzkrankheit, und Johanna
461 2218 1647 2295 weil er Humor besitzt, seyen wir in den letzten Jahren
2816 2223 3330 2294 zu fördern, das sich uns
1636 2238 2808 2302 bringt sich offenbar um, aus Kummer über die Krankheit
463 2270 1638 2332 cifrig bemüht, Trauerspiele zu verfassen, die ihm mißlingen
2808 2271 3351 2346 lautet die Antwort, die n
1641 2287 2812 2355 des Geliebten. Das ist aber so leise angedeutet, daß man
453 2305 1262 2403 müssen, weil ihm die Tragik mangelt.
2808 2318 3351 2390 Nein. Warum hat Fich
1638 2330 2816 2395 schon sehr aufmerkiam lesen muß, um es herauszube¬
566 2326 1644 2435 Solch ein mißratenes Trauerspiel ist die zweite
2809 2367 3348 2443 nachdem er sie verführt h
1643 2372 2822 2451 kommen. Auf der Buhne geht die leise Andeutung natürlich
465 2394 1654 2470 Nebenhandlung in dem Schauspiel „Der einsame Weg“
2810 2412 3289 2481 ein, daß er seine
1652 2426 2812 2502 vollkommen verloren, und es bleibt nur ein widerspruchs¬
453 2429 1657 2537 das Drama vom verführten Mädchen. Stephan v. Sala,
2813 2450 3353 2534 er an diese Frau sich bän
1648 2469 2722 2568 volles Hin und Her übrig, wie es geschildert wurde.
461 2495 1658 2566 ein Lebemann von 45 Jahren, macht Idhanna, die
2819 2507 3341 2577 ab, ohne sich weiter de
1733 2502 2826 2587 Was geschieht, ist also teils überhaupt nicht, teils so
472 2539 1647 2618 Tochter des Professors Wegrath, zu seiner Geliebten;
2820 2548 3356 2631 seiner Geliebten werden
1652 2553 2827 2637 ungenügend motiviert, daß der Zuschauer nichts von dem
457 2569 1658 2663 und die Liebesgeschichte endet dawit, daß Johanna sich in
2814 2601 3360 2672 der Zwang der materielle
1637 2609 2812 2710 Vorhandensein einer Motivierung merkt. Alles scheint, wie
457 2636 1653 2722 dem Teich vor der Villa des Herrn v. Sala ertränkt.
2815 2646 3348 2715 Angst vor Not und Sor
1653 2662 2818 2741 gesagt, nur Laune unbegreifliche Laune. Am Tage nach
474 2699 1652 2759 Ein trauriges Ende, das aber ganz und gar nicht tragisch
2818 2687 3351 2766 wachte Liebe zur Freiheit
1648 2704 2827 2780 dem Selbstmord Johannas bringt es Sala fertig, ihrem
469 2735 1652 2813 wirkt, weil für den Selbstmord anscheinend jede tragische
2819 2736 3344 2815 Laune. Dem jungen Felix
1642 2750 2827 2820 Bruder zu sagen: „Gestern bat ich Johanna, meine Frau
1406 2781 1537 2833 es
976 2787 1425 2862 Ueberhaupt scheint
462 2789 998 2868 Notwendigkeit fehlt.
2814 2794 3346 2858 er ganz ruhig, wie er de
1651 2800 2818 2880 zu werden. Aber in meiner Bitte lag nicht die Absicht,
1072 2815 1650 2901 für Stephan und für
462 2830 1042 2909 diese beiden Menschen,
2824 2833 3321 2910 wenn sie sich getötet h
1643 2831 2828 2931 irgend ein Unrecht gutzumachen, sondern es war wahrschein¬
472 2865 1656 2956 Johanna, keine Notwendigkeit zu geben. Sie tun, was
2822 2886 3318 2962 widert: „Ich glaube, ic
1651 2896 2827 2969 lich nur eine Laune — wie mancherlei anderes.“ So scheint
473 2904 1662 3004 ihnen gerade einfällt; und wenn man sieht, daß sie im
2816 2923 3348 2998 halten — in dieser Zeit
1647 2935 2829 3017 es auch eine Laune Johannas zu sein, daß sie sich um¬
461 2958 1654 3051 nächsten Augenblick bereit sind, das Gegenteil von dem zu
2815 2968 3347 3052 Felix ganz in der Ordnu
1651 2977 2825 3062 bringt. Am Schluß des vierten Aktes erblickt man ein
476 3010 1661 3082 tun, was sie im vorhergehenden tun wollten, so muß man
2812 3015 3349 3090 waren Sie es damals wi
1653 3034 2824 3117 junges Mädchen, das sich auf einem Brunnenrand nieder¬
473 3055 1659 3139 eben annehmen, daß ihnen ein anderer Einfall gekommen
2831 3073 3346 3131 Bühne der Sohn sich nicht
1647 3070 2826 3163 läßt, um sich zu ertränken, und das sich anscheinend durch¬
479 3106 1657 3177 ist. Entscheidend für ihr Handeln ist lediglich die Stim¬
2826 3118 3348 3187 Liebhaber seiner Mutter
1653 3127 2828 3197 aus nicht darüber im klaren ist, weshalb es sich ertränken
474 3134 1671 3229 mung. Sie lieben sich, wenn sie gerade danach gestimmt
2836 3163 3340 3233 Sohne spricht — der Z
477 3220 2823 3292 sind, und wenn die Stimmung es mit sich bringt, er= wird. Einige Zuschauer nahmen am Abend der Première
482 3267 3334 3338 ränken sie sich wohl auch einmal im Teich. Die Zuschauer diesen Aktschluß mit Gelächter auf. Das Gelächter war unmöglich billigen. Und
