3436 4384
880 437 974 498 am
232 442 1239 529 18. Der
421 1273 1471 1433 Ausschnit auslie Bombe, Wien
440 1386 592 1454 vom:
704 1410 1273 1528 K
691 1599 1217 1716 THeaten
518 1757 1514 1824 Artur Schnitzlenist-ein wentg hinter der
410 1804 905 1896 Zeit zürüekgeblieben.
517 1887 1521 1962 Er ist zu diskret, vornehm und soigniert,
404 1945 1524 2022 um sich in das Kampfgewühl der Gegenwart zu
407 2005 1509 2077 bewegen und so hat er allmählich etwas Abge¬
414 2068 1519 2138 klärtes, Gedämpftes an sich ausgebildet, welches
410 2136 1518 2199 seine Werke zu keiner starken Wirkung kommen
400 2179 529 2255 läßt.
524 2242 1509 2298 „Der einsame Weg“, vom Burgtheater jetzt
403 2300 1511 2357 als Première herausgebracht, mutet wie eine alte
403 2354 1062 2428 Komödie von Dumas fils an.
512 2419 1511 2506 Ein Kind des Ehebruchs (besser gesagt, ein
411 2486 1516 2561 in eine Ehe eingeschmuggeltes Kind) lernt seinen
411 2548 1509 2617 eigentlichen Vater kennen und steht ihm fremd
407 2597 1510 2672 gegenüber. Nebenbei verliebt sich ein junges
406 2665 1511 2716 Mädchen in einen brustkranken Lebemann und
411 2726 1507 2785 tötet sich dann — kein Mensch weiß, warum. Die
399 2779 1511 2842 Aufnahme des seltsamen Stückes war denn auch
394 2839 1515 2892 ziemlich lau. Mit der ewigen Erotik geht es nicht
409 2902 1507 2957 mehr recht vorwärts, auch nicht mit den schlappen,
402 2961 1523 3037 flauen Charakteren, welche Schnitzler zu zeichnen
388 3019 569 3087 pflegt.
515 3045 1546 3153 Herr Walden und Frl. Bleibtreu warge
384 3129 1152 3238 „die besten Darsteller des Abends.
1401 416 1843 502 box 23/4
2314 685 2628 749 —. —0 bune —
2467 725 3093 835 Wiener Bilder
1959 751 2394 850 Husschnitt aus:
2227 809 2739 933 1- MAERZ 1915
1972 880 2139 943 vom.
2046 944 2896 1060 Wiener Theaterbilder.
2024 1067 3004 1120 Burgtheater. „Der einsame Weg“. Schau¬
1929 1101 3014 1185 spiel in fünf Akten von Artur Schnitzler. Melancholie
1934 1158 3012 1224 breitet sich über jeden einsämen Weg. Auch über den,
1942 1196 3023 1285 welchen die handelnden Personen in Schnitzlers Stück
1938 1255 3015 1334 wandeln, Menschen mit starkem Innenleben fühlen sich
1933 1309 3021 1375 zumeist vereinsamt. Es ist dies ein trauriges Vorrecht
1944 1349 3028 1423 der Individualität, mag sie auch unserer Ethik als
1940 1398 3029 1474 schlecht oder gut gelten. Die sterbende Mutter fühlt sich
1945 1441 3030 1515 im Gedanken an ein Erlebnis ihrer Jugend, welches
1951 1490 3062 1578 sie zwang, mit einer Lüge in die Ehe mit Professor#
1950 1547 3037 1613 Wegrath zu treten, ebenso vereinsamt, wie der Maler
1946 1595 3038 1664 Fichtner, der der wirkliche Vater ihres Sohnes ist. Der
1948 1635 3037 1715 Lebenskünstler Sala wandelt freiwillig denselben ein¬
1951 1694 3041 1767 samen dunklen Weg, von wannen es keine Wiederkehr
1958 1752 3052 1828 gibt, auf dem ihm die holde, grübelnde Johanna, nach¬
1957 1792 3051 1869 dem sie sich ihm ergeben, durch einen Sprung in den
1957 1835 3051 1913 Teich vorangegangen ist. Melancholie, tief und
1956 1905 3039 1956 dauernd, Sehnen nach Glück, ohne Gegenwert leisten zu
1955 1930 3043 2009 können, durchzieht dieses Schauspiel. Wie fallendes
1964 1999 3055 2063 Laub in eine Herbststimmung Farbe und Buntheit
1967 2035 3060 2119 bringt, so hier tiefsinnige Gedanken, schöne Worte über
1955 2082 3056 2193 Menschenal, Leben und Streben, im brillanten
1970 2147 3053 2200 Dialog.  Gedanken wollen genossen fein im Lesen
1969 2172 3055 2258 und Nachempfinden. In der Aufführung verflattern sie,
1975 2226 3065 2302 besonders wenn manche Darsteuer, wie Fräulein Wohl¬
1974 2280 3046 2377 gemut, Herr Devrient und Herr Herterich,
1975 2322 3060 2405 einen einsamen Weg, nicht recht sicher ihres Wollens,
1972 2371 3066 2458 wanderten. Den Intentionen des Dichters wurde Frau
1978 2411 3068 2496 Bleibtreu in einer Weise gerecht, die als vollendet
1980 2463 3073 2546 bezeichnet zu werden verdient. Auch Frau Häberle
1979 2512 3068 2601 fand den Ton inniger Rührung und rückschauender Er¬
1985 2580 3073 2652 griffenheit sehr gut. Herr Walden brillierte zum
1982 2621 3066 2696 Schluß als Sprecher. Die Ausstattung bot den an¬
1982 2672 3063 2742 sprechenden Rahmen für die gekennzeichnete Stimmung.
1984 2715 3064 2797 Det Dichter wurde wiederholt gerufen und konnte für
2934 2774 2995 2852 —
1978 2787 2488 2871 lebhaften Beifall danken.
2498 2919 2885 3003 egemesoue- Gewur
2109 2996 3145 3142 Aunsehniet an Humoristische Mäter, Hien
2331 3065 2807 3185 1- MAERZ 1914
2135 3173 2291 3229 vom:
2249 3221 3126 3317 Schnitzlers „Einsamer Weg“ hat im
2148 3294 3132 3359 Burgtheater enttäuschl, Werevon den bekannten
2154 3347 3091 3433 Vorzügen des Dichters hier wenig zu finden ist.
2248 3413 3138 3498 Dagegen ist die erotische Grübelei und Deutelei
2149 3454 3132 3544 stärker als je entwickelt und der Gang der
2154 3523 2892 3615 Handlung so unnatürlich wie möglich.
2254 3590 3134 3659 Schnitzler sollte seine Produktivität nicht gar
2166 3632 3139 3725 so stark anstrengen, da er im Grunde nur über
2159 3713 2635 3790 wenige Motive verfügt.
2262 3737 3151 3830 Und die ewige Erotik wird den Leuten all¬
2159 3836 2430 3903 gemach über.
2259 3850 3158 3942 Sehr gut spielte Frau Bleibtren, alle
2161 3924 3170 4026 anderen scheiterten an den unnatürlichen Figuren,
2175 3999 2755 4091 #elche sie zu gestalten hatten.
