3436 4320
1388 213 1839 294 box 23/3
231 217 1339 320 18. Der einsane Neg
1610 417 2778 510 die herrliche Lehmann als Darstellerin der Schauspielerin
443 431 1563 503 auch nichts preisgeben, was einmal leidlich gelebt hat“ —
1619 480 2777 542 Irene Herms, die wie ein frischer Märzwind durch diese
449 495 1595 550 dieser dramaturgische Grundsatz Laubes ist auch der Brahms.
1624 533 2773 586 schwüle, kränkliche Herbstluft fährt, scheinbar ganz mühelos¬
453 548 1599 595 Wie man sich denn immer mehr der inneren Aehnlichkeiten
1615 569 2778 635 wie reife Früchte von den Zweigen ihrer frauenhafter, aber
441 587 1589 635 bewußt wird, die den gegenwärtigen Leiter des Lessing¬
1618 620 2780 673 noch nicht um einen Deut dürrer werdenden Jahre. An
446 634 1595 679 theaters mit jenem nüchternen und engsinnigen, aber charak¬
1620 672 2775 717 Stelle Rittners, der bei der ersten Aufführung den Julian Ficht¬
450 667 1598 722 tervollen und männlich bewußten Korporal der deutschen
1622 717 2778 756 ner spielte, diesen vom Leben so verwöhnten Genußmenschen,
449 714 1595 766 Schauspielkunst verbinden. Für das Neuland der Seele, das
1615 746 2791 811 der immer nur Liebe nahm, niemals Liebe gab, und der
452 764 1605 810 sich vor ihnen aus den Fluten der Zeit hoh, war der eine
1627 788 2785 850 sich nun im Abendrot seiner Tage den Sohn zu erobern
441 796 1594 864 so verblendet wie der andere; für das romantische und
1623 853 2777 892 sucht, um den seine Ichsucht sich solange kaum kümmerte,
452 858 1602 902 musikalische Elemenk, nach dem es die Sehnsucht einer wer¬
1625 874 2782 930 an Stelle dessen, der diesen wienerischen Genüßling einst
452 880 1597 936 denden Generation verlangte, hatten sie weder Organ noch
1627 919 2776 968 vielleicht um eine Nüance zu norddeutsch gesund gab, da¬
440 928 1601 982 Verständnis — was aber innerhalb ihres engen Gesichts¬
1623 961 2785 1026 für aber eine äußerst wohltätige, kräftige Cäsur in das
443 973 1600 1026 kreises blühte und was sie einmal mit ihrer tätigen Liebe
2671 999 2787 1056 jetzt
1621 1012 2660 1069 allzu weichliche und zerfließende Stück brachte, ist
441 1012 1607 1073 und Teilnahme ergriffen hatten, dem hielten sie auch die
1620 1062 2789 1112 Emanuel Reicher getreten. Ein übler Tausch! Wir
443 1064 1597 1137 Treue, das ließen sie so leicht nicht wieder fahren. Immer
1613 1097 2790 1157 verdanken Reicher für die Verkörperung zumal schwieriger
455 1106 1604 1162 enger und dichter wird der Zaun, den Brahm um seinen
1630 1141 2788 1200 moderner Rollen so viel, daß es einem schwer fällt, ein
448 1158 1608 1218 Acker zieht, aber innerhalb dieses Geheges läßt er Hacke und
1620 1188 2776 1250 hartes Wort über ihn zu sagen. Aber ich glaube, es darf
455 1187 1603 1248 Spaten nicht ruhen, sucht er den stets von neuem um¬
1626 1222 2785 1284 nun nicht länger verschoben werden. Er hat sich einer
444 1241 1598 1297 brochenen Schollen stets neuen praktischen und künstlerischen
1626 1263 2788 1327 wehleidig getragenen Manier ergeben, die nachgerade un¬
451 1286 1606 1342 Gewinn abzuzwingen. So hat er neuerdings den „Florian
1629 1319 2787 1370 erträglich wird und die ihm alle einst so reiche Wand¬
451 1324 1606 1377 Geyer“ das „Hannele“ und den „Biberpelz“, so hat er den
1623 1360 2783 1419 lungsfähigkeit tötet. Als Julian Fichtner schreitet er wie
447 1353 1608 1426 „Volksfeind“, die „Wildente“ und „Rosmersholm“ von frischem
1628 1396 2786 1452 ein Mennonitenpriester herum. Unmöglich, diesem windel¬
449 1411 1610 1485 zu erobern gesucht; so bemüht er sich jetzt auch um Schnitzler
1631 1448 2790 1509 weichen, salbaderischen Gesellen den rücksichtslosen. Weiber¬
502 1454 1602 1507 trotz der schmerzlichen Enttäuschungen, die dieser in letzter
1636 1486 2784 1543 verführer und Herrenmenschen zu glauben, der er noch vor
454 1498 1497 1561 Zeit ihm und seiner Kasse augenscheinlich bereitet hat.
1625 1543 2790 1583 wenigen Jahren gewesen sein soll! Unmöglich, zu glauben,
508 1551 1609 1613 Was die Brahmsche Regie in den zwei Jahren, seit
1619 1575 2796 1629 daß eine Irene Herms von diesem säuselnden Schilfrohr
442 1594 1596 1655 wir den „Einsamen Weg“ kennen, hinzugelernt hat, ist blitz¬
1633 1617 2789 1679 ein Kind hätte haben mögen! Das Bedauern um Rittners
447 1643 1603 1699 wenig — wenigstens an dem gemessen, was anderswo für
1635 1656 2790 1722 bevorstehenden Weggang vom Lessingtheater verdoppelt und
453 1686 1599 1741 die stimmungsvolle Herausarbeitung der inneren Melodie
1628 1716 2778 1773 verdreifacht sich, wenn man einen solchen Ersatzmann an
445 1720 1600 1793 einer Bühnendichtung geschieht. Dabei haben wir es bei
1632 1769 2794 1811 seine Stelle treten sieht. Gewiß, hier liegt ein tragischer
455 1778 1607 1831 dieser Erinnerung und Gegenwart, Gegenwart und Ahnung
1631 1800 2796 1853 Fall vor. Eine künstlerische Regie muß Zucht, strenge
450 1814 1614 1879 symphonisch verwebenden Lebens= und Todeselegie mit einem
1631 1839 2791 1899 Zucht halten, und wenn Rittner seinen grollenden Unmut
455 1856 1613 1909 Werke zu tun, das ganz auf Lyrik und Symbolik gestellt
1629 1882 2793 1931 über eine ihm zudiktierte widerwärtige Rolle (der Forst¬
456 1909 1606 1960 ist, das nur den geringeren Teil seiner schmerzlich=süßen
1624 1919 2786 1974 adjunkt in Schnitzlers jüngstem Stück „Der Rus des
456 1953 1601 2003 Reize enthüllt, wenn den Stimmen der äußeren, sichtbaren
1635 1972 2797 2026 Lebens“) nicht verbeißen konnte, wenn er diesen Unmut
455 1999 1611 2046 Handlung nicht die inneren Stimmen der Natur und der
1635 2013 2801 2081 auch beim Spiel offen zur Schau trug, so blieb vielleicht
444 2031 1608 2084 Umgebung verständnis= und bedeutungsvoll entgegenkommen.
1638 2064 2794 2122 nichts anderes übrig, als ihn fahren zu lassen. Eine
442 2078 1613 2136 Ich zweifle keinen Augenblick daran, daß man das im
1636 2097 2788 2161 starke, großzügige Regie würde auch eine solche Lücke mög¬
452 2132 1612 2182 Lessingtheater so gut weiß und fühlt, wie ich; ja hier und
1633 2139 2788 2208 licherweise durch ein um so glänzenderes Zusammenspiel
450 2165 1607 2220 da, namentlich in den Gartenszenen bei Wegraths und in
1632 2201 2782 2248 auszufüllen vermögen — von dem Lessingtheater ist das
450 2205 1611 2260 der Parkszene bei Herrn von Sala sind sogar schüchterne An¬
1636 2229 2784 2293 nach seinen jüngsten Leistungen nicht mehr zu hoffen.
447 2252 1616 2303 sätze zu bemerken, dieser heimlichen symbolischen Wechsel¬
1636 2287 2791 2352 Ohne Rittner und die Lehmann — denn auch sie geht ja
450 2298 1612 2353 wirkung zwischen Natur und Menschen, zwischen äußerem
1700 2322 2787 2395 wird das Ende seiner Glanzperiode hald besiegelt fein.
446 2339 1610 2409 und innerem Geschehen zur lebendigen Anschauung zu ver¬
2554 2363 2734 2443 F. D.
449 2386 1621 2441 helfen. Aber nicht minder deutlich zelgt sich doch auch, wie
441 2428 1627 2495 schwer die nüchterne Tradition der naturalistischen Ver¬
1491 2468 1623 2533 Im
444 2474 1496 2533 mand über seinen eigenen Schatten springen kann.
455 2511 1622 2575 gangenheit auf der Brahmschen Regie lastet und daß nie¬
450 2555 1621 2614 zweiten Akt soll ein „recht vornehmes“ Zimmer gezeigt wer¬
450 2611 1611 2662 den, die Behausung eines Künstlers, der auf den Höhen
448 2649 1616 2705 des Lebens und des Genusses geschritten ist, dessen wiene¬
454 2693 1621 2746 rische Aesthetenseele sicher nichts Geschmackloses in ihrer Nähe
446 2723 1646 2796 duldet. Offenbar hat sich der Dekorateur bemüht, dem „Rech¬
445 2792 1609 2837 nung zu tragen". Aber was ist dabei herausgekommen? Ein
445 2825 1623 2865 Diplomatenschreibtisch von anno 1890, ein paar geschnitzte
1528 2873 1607 2926 im
443 2864 1468 2929 Bücherschränke, ein par rote Klubsessel und
441 2927 1610 2973 Hintergrunde ein Erker mit einem Bogen in buntem moder¬
450 2960 1612 3016 nem Schnitzwerk und einer Ballustrade von blankpolierten
444 3007 1605 3056 gedrechselten Nußbaumsäulchen! Schauderhaft und unerträg¬
449 3032 1604 3099 lich für diesen Schönheitsegoisten! Dies nur ein Beispiel
1337 3087 1611 3154 dieser Regie
453 3089 1322 3141 für viele, die alle gleich sehr die Unfähigkeit
1337 3132 1599 3196 zu erfühlen
451 3135 1332 3184 beweisen, den Duft und Flaum einer Szene
450 3187 1605 3236 und auch dem Zuschauer fühlbar zu machen. Von dem
444 3220 1612 3260 inneren Rhythmus der Aufführung will ich gar nicht
447 3266 1598 3337 sprechen; derlei unwägbare Feinheiten waren der Brahm¬
455 3312 1092 3385 Bühne immer böhmische Dörfer.
525 3359 1603 3420 Anders klingt das Lied, sobald man auf die einzelnen
450 3404 1611 3465 schauspielerischen Leistungen kommt. Wer einen Rittner,
451 3474 1607 3509 einen Bassermann einen Sauer, eine Triesch und eine
449 3500 1603 3557 Lehmann ins Feld führen kann, der ist noch immer reich.
449 3536 1603 3596 Und wenn die Männer so ernst und ehrlich an sich arbeiten
450 3579 1604 3633 wie der Darsteller des Stephan von Sala (Basser¬
446 3622 1603 3673 mann) und der des alten Wegrath (Sauer), so kann
455 3676 1610 3726 das Wunder geschehen, daß ihre Leistungen jetzt noch reicher,
459 3714 1604 3765 feiner und vornehmer erscheinen als vor zwei Jahren, wo
454 3750 1605 3810 sie doch schon Bewunderung genug erregten. Insbesondere
447 3800 1611 3858 Bassermann hat jetzt noch eine ganze Anzahl neuer, leiserer
450 3850 1615 3904 und differenzierterer Ausdrucksformen für die vorschwebenden
453 3895 1605 3953 geistigen Regungen und Schwingungen gefunden, aus denen
452 3932 1611 3988 sich dieser wurzellose und unfruchtbare, von den Sensa¬
448 3976 1612 4028 tionen des Lebens ermüdete Schöngeist zusammensetzt. Was
452 4020 1613 4067 er durch immer erneutes, immer verstärktes Ringen einem
451 4061 1606 4123 widerwilligen Organ und einem ungelenken Temperament
448 4109 1614 4161 ablisten muß — vielleicht erscheint er uns dadurch gerade
1490 4150 1586 4193 lut
