3392 4256
1386 219 1849 305 box 23/3
231 232 1231 328 18. Der einsane Nen
1691 687 2032 771 Telephon 12.801.
1172 813 1882 913 „UDOERTER
986 899 2094 954 I. österr. behördl. konz. Unternehmen für Zeitungs-Ausschnltte
1184 941 1916 1015 Wien, I., Concordiaplatz 4.
1412 1006 1727 1070 Vertretungen
997 1036 2096 1118 in Berlin, Basel, Budapest, Chicago, Cleveland, Christianla,
1009 1093 2102 1148 Genf, Kopenhagen, London, Madrid, Mailand, Minneapolis,
1005 1131 2091 1199 New-Vork, Paris, Rom, San Francisco, Stockholm, St. Peters¬
1410 1179 1706 1235 burg, Toronto.
1312 1218 1782 1280 (Quellenangabe ohne Gewähr.)
1003 1270 2014 1385 Ausscnmitt Eateressantes Blatt, Wien
1267 1356 1542 1443 24. 5. 1906
1014 1386 1177 1461 vom:
1479 1399 1691 1485 Me
1210 1432 1992 1516 Theater an der Wien. Das Ensemble
1119 1505 1990 1570 des Lessingtheaters brachte als Novität „Der
1121 1557 1991 1629 einsame Weg“. Drama in fünf Akten von
1117 1606 1983 1675 Arthur Schnitzler. Die bürgerlich einfache Welt
1108 1656 1982 1720 den freigeistigen Lebenskünstlern und Lebens¬
1121 1707 1986 1769 verächtern gegenübergestellt. Der Dichter sagt
1121 1758 1990 1813 nicht, wer Recht hat. Er kann es ja auch
1113 1812 2004 1867 nicht. Aber er stellt den Zuschauern Figuren
1126 1869 1989 1926 hin, von denen sich jeder die ähnlichste aussuchen
2093 1898 2126 1939 9205
1120 1914 1985 1984 mag, um mit dieser Art von Selbstbetrachtung
1115 1955 1989 2029 die Wege der Zukunft zu erkennen. Da ist der
2026 1964 2129 2072 2
1119 2013 1984 2064 Maler Julian Fichtner und der Dichter Sala.
1122 2055 1983 2111 Beide sind vom selben Holze, Epikuräer, Raub¬
1120 2100 2007 2181 ritter im Genuß. Fichtner als ein Fanatiker der
1124 2167 1995 2215 Freiheit, Sala als alles verachtender Philosoph.
1117 2203 1998 2276 Der Maler läßt sich weder von einem Weibe
1127 2245 2000 2319 noch von der Arbeit auf die Dauer binden,
1120 2314 1998 2367 und bringt es so nur zu Episoden innerer Be¬
1126 2357 2000 2419 friedigung. Aber er wird schwach, wie es dem
1136 2410 2000 2464 Alter zugeht, er dürstet nach aufrichtiger Liebe,
1129 2447 2006 2509 und er sucht seinen schönen, jungen Sohn auf,
1129 2499 1996 2570 das Kind seiner Sünde, der durch die Heirat
1125 2563 2005 2608 seiner Mutter gerettet wurde. Zu dem Sohne
1135 2610 1998 2667 kommt er mit reuiger Beichte, will sich ihn
1126 2650 2002 2725 zurückgewinnen. Der Sohn weist ihn zurück.
1137 2712 2010 2762 Für ihn ist Vater der, der ihm ein Leben voll
1143 2763 2011 2817 Fürsorge geschenkt hat. Der Lebensweg des
1133 2799 1997 2872 Malers wird einsam bleiben. Sala aber, der
1135 2851 1999 2905 sich weder von dem Schicksal noch von den
1131 2899 2015 2958 Menschen irgendwie anfechten läßt, ist gegen
1146 2952 2013 3016 sich selbst so stark wie gegen die andern. In diese
1142 2999 2011 3061 dramatisierten Dialoge, diese Philosophie, über
1132 3063 2004 3124 deren richtige Folgerungen jeder nachdenkt, wird
1138 3094 2002 3154 im Gang der Handlung noch eine mysteriöse
1139 3150 2006 3216 Liebesgeschichte getragen, die Schnitzler nach
1147 3208 2009 3266 nordischem Beispiel mit dunkelm Schleier über
1132 3245 2011 3303 den Motiven versehen hat. Der Sohn des Malers
1142 3304 2011 3357 hat eine Schwester, ein eheliches Kind seiner ver¬
1145 3352 2011 3414 führten Mutter, die sich Sala hingibt und sich
1146 3398 2011 3465 darn in den Teich stürzt. Hat sie etwa durch
1136 3455 2026 3524 die Liebe ein kurzes, aber wahres Glück gefunden
1122 3555 2214 3623 und fürchtet sich nun vor ferneren Enttäuschungen? Hier
1127 3611 2218 3665 kommt Schnitzler der Art Ibsens am nächsten, in dessen
1134 3666 2210 3721 Spuren er mit dem ganzen Stück wandelt. Ein Kunstwerk,
1126 3731 2214 3781 wenn auch zu stark überladen mit philosophischen Arabesken.
1133 3774 2211 3825 Genug damit, wir bitten um Romantik und Handlung,
1135 3820 2214 3878 Draufhauen der Farbe! Herr Reicher packte den Maler
1135 3853 2215 3918 unglücklich an, er gab diesem Stimmungsmenschen märkische
1127 3900 2241 3975 Trockenheit. Frau Triesch gab die Johanna. Genußreich
1123 3963 1885 4042 war die Zeichnung Salas durch Sauer.
