3436 4448
1057 213 1136 274 W
1411 198 1861 297 box 23/1
251 199 1263 312 18. Der einsanedeg
2272 523 2384 589 7
852 546 1104 651 S
1630 558 1915 672 M
1901 614 1956 659 1
1510 604 1784 719 S
1612 657 2148 773 ST
2864 701 2928 753 8
1433 677 1554 779 E
2211 694 2416 782 S
554 702 793 798 S
1565 730 1638 789 r
977 708 1164 798 S
765 729 1153 848 D-
1127 743 1411 857 A
1677 755 2173 858 S
2767 782 3083 903 N
620 906 3092 995 Noch mag es erwähntsein, daß Edward B. Koster das  scheint die Handlung allzu dünn, zu wenig umkleidet sich fort¬
2528 972 2634 1030 man
2770 978 3101 1039 n Eindruck, daß
1819 974 2473 1046 zuspinnen. Und mehr als all 8#
531 974 1800 1045 Eschwierige Werk unternommen hat, den ganzen Shakespeare in
1829 1020 3091 1089 die dramatische Form als solche für diesen Stoff nur Zufalls¬
527 1025 1799 1092 Pholländische Derse zu übertragen und so der holländische Schlegel
1814 1054 3095 1140 wahl und daß diese launische Entscheidung keine glückliche
536 1070 1802 1143 zu werden. Bis jetzt liegt erst „Macbeth“ und ein Teil von
1817 1110 2040 1184 gewesen.
537 1118 1806 1176 „Othello“ gedruckt vor, der Schluß von „Othello“, der „Kauf¬
1931 1142 3104 1223 Mehr Ofrcholog als Charakteristiker sieht Schnitzler die
531 1158 1800 1213 mann von Denedig" und „Antonius und Kleopatra“ sind an¬
529 1205 1797 1269 gekündigt. Es ist, so viel sich ersehen läßt, eine äußerst sorg¬
1829 1212 3100 1273 Nuancen mehr als die Unterschiede. Seiner Ohantasie drängt
526 1244 1813 1327 fältige Arbeit, nicht selten noch genauer sich an das Original
1824 1263 3099 1324 sich nicht ein Einfaches auf, sondern das Mannigfaltige. Der
525 1304 1814 1353 anschließend als es das Deutsche gestattet, und hierzu kommt
1819 1299 3097 1360 einsame Weg wird ihm zu einsamen Wegen. Das sind die
535 1343 1807 1409 noch, daß Koster das Englische wie seine Muttersprache be¬
1819 1348 3112 1416 Pfade derer, die nur sich selbst leben, kein Opfer zu bringen
522 1391 1803 1447 herrscht und nicht anders als in ihr englische Derse schreibt.
1820 1403 3106 1458 vermögen, selbst in ihrem Lieben nur die eigene Befriedigung
526 1436 1345 1510 Uebersetzer, die das können, sind selten.
1823 1443 3095 1497 suchen. Die Tragödie des Sichselbstlebens wollte Schnitzler ge¬
1827 1477 3111 1556 stalten. Aber die einsamen Wege, die er vor sich sieht, führen
642 1470 1816 1555 Alles in allem ist Edward B. Koster einer jener tüchtigen
1816 1533 3100 1603 nicht alle zu dem gleichen Ziel, und die sie begehen, tun es in
535 1534 1806 1601 Dichter, die ihre Kunst zu ernst nehmen, um sie der Mode
1821 1579 3104 1641 verschiedener Weise. Inmitten der Bahn brechen die einen zu¬
524 1575 1814 1652 untertan zu machen, ein rechter Nachfolger des Dichterkreises,
1829 1619 3100 1680 sammen, müde schleppen sich andere fort, erhobenen Hauptes
528 1625 1809 1698 der sich auf Schloß Muiden versammelte, Hooft, Dondel und
1817 1676 3110 1737 legt ein dritter den Weg bis zum Ende zurück. Der einsame
525 1671 1812 1736 Bredero, anders in seiner Art und auch nach seinem Schaffens¬
1821 1720 3093 1775 Weg also, der dort ins Derderben führt, scheint hier der natur¬
539 1725 1805 1774 gebiete, aber von der gleichen Liebe zu seinem Lande beseelt,
1820 1774 3107 1822 gebotene. Man ermißt schon aus diesen kargen Andeutungen die
529 1763 1816 1842 das auch sie nicht müde wurden zu preisen, stets ehrlich in
1827 1810 3108 1866 Weite des Gesichtsfeldes, die Mannigfaltigkeit der Anschauung;
538 1808 1745 1884 seinem Ausdruck, allem Scheine abhold. Man darf Koster,
1826 1851 3116 1925 aber man fühlt auch das zersetzende Etwas, das den Nahmen
530 1861 1805 1925 wenig er von sich reden macht, doch zu den für die holländische
1829 1900 2416 1963 des Dramas sprengen wird.
528 1904 1547 1968 Literatur unserer Zeit typischen Vertretern zählen.
1934 1934 3098 2020 Neben die Handlung muß eine Parallelhandlung treten,
1836 2003 3098 2065 und schon das ist nicht gut. Sie ist (abgesehen von der gedank¬
1364 1987 1706 2082 Otto Hauser.
637 1991 816 2077 Wien.
1823 2049 3104 2110 lichen Einheit) rein äußerlich mit der dramatischen Fabel ver¬
1832 2101 3103 2161 knüpft: ein Geschwisterpaar steht im Mittelpunkt der Geschehnisse.
1822 2158 3042 2201 So, daß der eine Teil, die Schwester, den einsamen Weg geht,
892 2084 1200 2251 241
1835 2180 3110 2247 der Bruder den Lebenspfad eines dritten zum einsamen Wege
1832 2222 2970 2310 macht. Die Fäden beginnen sich hier schon zu wirren.
1937 2282 3104 2344 Der Bruder erfährt, daß der Mann, der ihm zeit
1844 2323 3115 2397 seines Lebens als Dater gegolten, der Gatte seiner Mutter,
1005 2329 1325 2432 Theater.
1841 2366 3100 2438 nicht zugleich sein leiblicher Dater ist. In einem ge¬
1832 2422 3106 2475 alterten Maler tritt ihm der andere entgegen, dem er
526 2439 1813 2531 Deutsches Theater: „Der einsame Weg.“ Schauspiel in 5 Akten von Arthur Schnitzler.
1842 2465 3110 2539 sein Leben verdankt. Und dieser Maler ist vereinsamt, er, der
1835 2520 3110 2576 in jungen Tagen nie nach dem Sohn gefragt, ersehnt jetzt
694 2535 1807 2599 on einer Reise ins alte Baktrien und Ausgrabungen zur
1845 2560 3123 2627 seine Liebe, hofft im Beisammensein mit ihm seinem verspielten
711 2603 1826 2671 Hebung Ekbatanas ist im „Einsamen Weg“ die Rede.
662 2599 723 2646 1
1830 2618 3114 2674 Leben neue Kräfte zuzuführen. Aber diese Hoffnung lügt ihm.
729 2633 1814 2700 „Denken Sie, unter dem Schutt und Staub vermutet
1836 2647 3120 2725 In zwei pfrchologisch feinen, stimmungsvollen Szenen hat
544 2514 648 2734 1
716 2684 1816 2731 man eine Riesenstadt. Damals sind sie in einen
1832 2695 3112 2751 Schnitzler die entscheidende Schicksalswendung gestaltet. Der
712 2719 1815 2793 Palast hinuntergestiegen und haben die wundervollsten
1835 2741 3119 2801 junge Mkann zieht sich in gesundem Empfinden von dem zurück,
534 2784 1827 2836 Malereien gefunden. Und Stufen haben sie ausgeschaufelt;
1834 2786 3124 2841 der ihm nur eben das nackte Leben gegeben, sein Herz fliegt
548 2828 1813 2878 aus einem Mlarmor, der sonst nirgends gefunden wurde. Drei¬
1838 2835 3113 2886 dem andern zu, der seiner Mlutter der treue Gatte, ihm selbst
545 2860 1826 2937 hundertzwölf Stufen, glänzend wie Opale, die in eine unbekannte
1843 2888 3121 2935 der liebende Erzieher gewesen. Die eigentliche Handlung des
547 2916 1014 2987 Tiefe hinabführen...“
1856 2937 2412 3003 Dramas ist darin gegeben.
651 2954 1818 3024 Ueber Arthur Schnitzlers neues Drama „Der einsame
1948 2960 3116 3057 Die Schwester ist selbst eine einsame Natur. Auch sie lebt
549 3004 1809 3072 Weg“*) schreiben, heißt selbst einen Hauch von solcher Entdecker¬
1846 3032 3111 3090 nur ihren Wünschen, und die fliegen tollem Genießen zu. Das
544 3066 1813 3135 freude spüren. Es hat etwas von jener versunkenen Stadt;
1835 3070 3116 3135 Schicksai führt sie einem Mann entgegen, der ihr gleicht.
538 3112 1819 3166 nur mit Mühe wird man gewahr, daß Schätze verborgen im
1851 3125 3116 3183 Kurzes Liebesglück ist ihnen beschieden, dann der Tod. Und
542 3148 1817 3197 Boden ruhen. Auf der Bühne zumal tritt nur weniges in Er¬
1845 3155 3123 3231 nicht einmal den Todesweg gehen diese beiden Einsamen Band in
542 3193 1814 3263 scheinung, dies wenige zusammenhanglos. Aber man lebt sich
1835 3218 3115 3289 Hand. Sie geht ihm voran, weil es ihr unerträglich, den Cod¬
545 3241 1826 3317 ein, und überzeugt sich, daß diese Stadt eine weite. Es fehlt
1841 3258 3118 3322 gezeichneten leiden zu sehen; aber auch unmöglich, sich von ihm
539 3281 1826 3369 auch nicht an Stufen, glänzend wie Opale, die in die Tiefe
1847 3308 3128 3368 loszusagen; nun sie gegangen, hat er sich die kurze Lebensfrist
549 3338 726 3417 führen.
1856 3359 2318 3423 noch kürzer zu stecken.
655 3361 1829 3456 Warum ist es Schnitzler nicht gelungen, die Stadt seiner
1953 3383 3120 3466 Neben den erstgezeichneten Handlungsfäden laufen diese
555 3445 1823 3497 dichterischen Intuition zu heben? Dielleicht, weil er das Leben
1849 3449 3117 3510 letzteren einher. Und es sind stärkere Empfindungswellen,
546 3484 1827 3545 zu vielfältig sieht und zu nnancenreich. Die Farben stellen sich
1840 3503 3112 3575 tragische Schauer, die die Nebenhandlung über die eigentliche
546 3527 1830 3582 ihm so nebeneinander, daß die Uebergänge verschwimmen. Die
1843 3538 3118 3603 Handlung des Dramas erheben. Dazu eine dritte Schicksals¬
544 3565 1832 3638 Charaktere rufen ihr Widerspiel nicht in scharfen Kontrasten,
1845 3585 3120 3651 perspektive, die sich in einer Episodenfigur, einer gealterten Schau¬
556 3611 1825 3673 sondern in leichten pfrchologischen Abweichungen hervor. Seine
1844 3634 3122 3700 spielerin, eröffnet. Und nicht einmal ein Aeußerstes an dramatischer
550 3671 1825 3725 Menschen handeln nicht, sie spielen und leiden. Die Fabel des
1842 3689 3114 3744 Verfehlung ist Schnitzler, dem Dramatiker, in diesem „Einsamen
553 3709 1822 3770 Dramas läuft, nur schwach bedingt, neben den Tharakteren
1851 3727 3108 3795 Weg“ erspart geblieben: das Geschwisterpaar, das im Mittel¬
549 3761 1836 3816 einher. Schnitzler fehlt die resolute Hand, die überflüssigen
1852 3774 3118 3837 punkt der Geschehnisse steht, befindet sich durchaus nicht zugleich
546 3797 1833 3867 Schößlinge seiner Phantasie zu tilgen. Auch in seinem neuen
1853 3822 3119 3877 im Brennpunkt des Interesses. Dem gealterten Aaler und dem
550 3836 1834 3909 Drama wächst neben der Handlung eine Nebenhandlung auf
1862 3859 3122 3922 Mann, der die Schwester an sich zieht, fliegt die Teilnahme zu.
549 3896 1824 3957 und überschattet sie. Hier fehlen wichtige Auftritte, dort gibt's
1858 3909 3111 3973 Damit ist äußerlich wie innerlich, gedanküch wie seelisch alles
559 3942 1822 4005 der Szenen zu viel. Bald überwuchert die Reflexion, bald
1856 3969 3115 4025 verschüttet, woraus sich dramatische Kunstform auferbauen ließe.
1861 3999 3120 4067 Ein Nebeneinander ohne Gliederung, ohne Architektonik. Etwas
1854 4050 2866 4118 wie eine versunkene, nur teilweise gehobene Stadt.
666 4044 1742 4146 *) Das Buch ist im Verlag von S. Fischer, Berlin erschienen.
