3436 4448
272 228 1885 342 18. Der einsane Neg box 23/1
797 1085 1090 1173 Kunstberichte.
248 1083 379 1167 798
259 1171 1663 1255 hängt der zuständige Driester über die gottlose Frevlerin die Disziplinar¬
259 1244 1657 1295 strafe grausamer Züchtigung. Die Schwestern schleppen die Tempel¬
255 1289 1663 1349 schänderin vor den Altar zum frommen Drügelschmaus da begibt sich
259 1334 1657 1410 das Rosenwunder, nach dem sich vor Jahresfrist das Berliner Blumen¬
264 1388 1658 1446 medium für ihre Gerichtsverhandlung gewiß schmerzlich gesehnt hat: Engel¬
267 1433 1659 1501 stimmen singen das Ave, die Kirche glüht auf in magischem Licht, aus
275 1491 1657 1541 Wunderblumen brechen Lichtbüschel, von den Wölbungen rieseln Blüten.
275 1539 1671 1600 Die Dippoldischen Schergen aber berichten: Palmen flammten an den
277 1587 1673 1645 Riemen, Lilien sproßten an den Ruten, lebendige Rosengewinde befreiten
255 1641 1665 1707 sie, Beatrix ist heilig, der Himmel hat gesprochen. — Das Schlußbild zeigt
276 1698 1672 1751 Maria am alten Platz, als Statue. Ein Wintermorgen dämmert. Die
269 1746 1671 1798 einst entflohene Nonne schleppt sich an den Fuß des Bildes, gebrochen,
261 1783 1671 1859 besudelt, versunken in Schande und Elend; eine Sterbende. „Liebe und
262 1832 1655 1905 Sünde und alles was die Menschen Glück nennen,“ haben sie in den fünf¬
267 1880 1671 1946 undzwanzig Jahren so zugerichtet. „Ich bin allem preisgegeben,“ beichtet
268 1934 1656 1991 sie verzweifelt den Schwestern, „denn sie haben alles gebrochen in meinem
271 1993 1667 2042 Körper und in meiner Seele. Alle Männer nacheinander entweihten diesen
272 2022 1664 2088 Leib, der seinem Gott abtrünnig worden.. Ich habe meine Kinder
271 2080 1667 2136 nicht mehr; die drei schönsten starben, als ich nicht mehr schön war.
274 2138 1652 2184 Und das letzte habe ich eines Nachts getötet, als der Wahn mich er¬
270 2179 1672 2231 faßte, daß es nicht mehr leiden sollte. And andere, die geboren werden
271 2225 1665 2279 sollten, sind nicht zur Welt gekommen. And die Sonne schien weiter, die
267 2275 1666 2319 Sterne schienen wieder, die Gerechtigkeit schlief“. Man tröstet die Heilige,
260 2324 1672 2385 in deren wirren Reden man teuflische Anfechtungen vor dem Sterben erblickt
310 2369 1670 2422 — hat doch ihr segenspendender Diene seit dem Wundertage das Kloster
274 2416 1672 2478 nicht verlassen; in seligen Todesschlaf sinlend, haucht die reuige Dirne: „Ich
270 2478 1672 2526 lebte in einer Welt, wo ich nicht wußte, was Haß und Bosheit wollten,
272 2525 1676 2584 und ich sterbe in einer andern, in der ich nicht fasse, wo Güte und Liebe
269 2559 1414 2643 hinauswollen.“ Mariens Pfalm schwebt über ihrem Grabe:
739 2626 1257 2715 Alle Schuld wird zunichte
684 2689 1127 2748 Vor der Liebe Gebet;
671 2738 1193 2792 Keine Seele kann sterben,
681 2790 1097 2850 Die weinend gefleht.
689 2834 1117 2901 Verirrt sich die Liebe
682 2883 1102 2951 Im irdischen Geheg,
684 2941 1124 3002 So finden die Tränen
688 2983 1099 3062 Zu mir ihren Weg.
360 3072 1672 3134 Das Neue Theater, das unter Max Reinhardts mustergültiger
262 3145 1678 3189 Leitung mit dem ihm verbundenen Kleinen Theater jetzt unbestritten an der
274 3172 1668 3225 Spitze aller Berliner Bühnen marschiert, kam den sublimen Intentionen des
275 3219 1673 3263 Dichters mit feinstem Verständnis entgegen und schuf einen vieltönigen,
271 3262 1667 3332 durchaus harmonischen Kunstgenuß. Neuis Corinth sorgte für die malerische,
278 3326 1670 3380 Max Marschalk für die musikalische Ausstattung, und Agnes Sorma fand
274 3367 1682 3423 sich an der Doppelrolle der Madonna und der Nonne zu der hohen schlichten
275 3414 1669 3481 Kunst ihrer früheren Tage zurück, ehe sie sich durch nervenmörderische Gast¬
279 3478 1681 3539 spielreisen schwer gefährdete. Das liebende Mädchen, die göttliche Dienerin,
274 3526 1672 3574 die sterbende Sünderin waren vor uns lebendig, gefüllt mit Wahrheit und
279 3565 1697 3624 übergoldet von himmlischer Leuchtkraft. Zumal der mittlere Akt bleibt ein
3130 1030 3269 1112 799
2341 1042 2786 1131 Berliner Theaterkunst.
1866 1145 3257 1240 Fest in der Erinnerung. Man kann einwenden gegen Maeterlinck: sieh' auf
1873 1189 3264 1284 Gottfr. Keller; dort knieen acht wehrhafte Männer vor der Madonna, ihren
1870 1247 3262 1337 Segen zu erbitten zum heiligen Krieg, zu dem sie gerüftet sind, die Frucht
1878 1289 3267 1375 des Irrganges der Nonne mit dem Ritter und der leibhafte Erweis, daß
1871 1339 3277 1428 Maria hier nicht umsonst die Vakanz ausgefüllt — Gottesstreiter, das
1868 1381 3267 1476 Kreuz zu schützen! Was hilft bei dir Mariens Dienst? Maeterlinck würde
1882 1435 3273 1525 antworten: Die Poesie hat die einzige Aufgabe, die Zugänge offen zu halten,
1874 1483 3276 1577 die vom Sichtbaren ins Ansichtbare hinüberführen, sie ist die zum Weiter¬
1884 1534 3282 1616 führen des Lebens verleitende Macht. Was ist klein, was groß? Das
1885 1575 3293 1670 Unscheinbare ist das Gewichtige, die Seele ist mehr als der Leib, und in
1876 1656 2532 1730 allem, das geschieht, ist Licht ...
1975 1672 3282 1782 Otto Julius Bierbaum, der reimfrohe Poet des Klingklangglori¬
1889 1738 3282 1813 busch, hat ein vieraktiges Schauspiel: Stella und Antonie im Berliner
1889 1773 3293 1865 Teater herausgebracht, das, falls es überhaupt etwas meint, die These
1890 1836 3282 1911 versicht: Die Natur eines Menschen bricht immer wieder durch alle Be¬
1885 1897 3297 1982 mühungen der sogenannten Kultur # ndurch; umsonst, ihr eine seine Livree
1894 1941 3292 2024 anzulegen; kommt ihre Stunde, so läuft sie hemdsärmlich aus dem Schloß
1886 1984 3302 2064 auf die Straße bei tollstem Anwetter; übrigens gibt es Zigennerblut nicht
1892 2031 3294 2111 nur im niederen Volke, es rollt auch gräflich durch die Adern, da wo man
1906 2077 3302 2154 Seide und Spitzen trägt. Diese durch ihre Neuheit nicht gerade überraschende
1910 2125 3293 2210 Weisheit ist in ein romantisches Komödiantenabenteuer gesteckt worden.
1900 2175 3302 2270 Bei einem gräflichen Verlobungsfest in Schlesien — Anfang des 18. Jahr¬
1898 2225 3309 2318 hunderts — spielt eine wandernde Schauspielertruppe. Ihr Direktor Johann
1909 2270 3302 2354 Cyristian, dem soeben sein ungetreues Weib Stella mit dem Souffleur durch¬
1909 2322 3297 2418 gegangen ist, soll das Begrüßungscarmen sprechen; in ihm ist alles im Auf¬
1912 2380 3309 2454 ruhr. Wie ihn dann noch die Komtesse Antonie durch ungezogene Zwischen¬
1902 2418 3303 2501 rufe bei seinem Vortrag stört, verliert er vollends die klare Besinnung; die
1908 2464 3304 2569 gräfliche Braut erscheint ihm als seine treulose Frau, ihr wirft er seinen
1915 2525 3315 2615 Haß in einer glühenden Improvisation ins Gesicht, ja er springt ihr an die
1904 2563 3318 2662 Kehle. Der andere Morgen: Vor den Fenstern der Beleidigten soll der
1908 2598 3319 2686 Missetäter ausgepeitscht werden, ehe er ins Gefängnis wandert. Schon
1913 2668 3307 2747 pfeift der Ochsenziemer durch die Luft, da läßt Antonie den Schelm los¬
1921 2705 3313 2798 binden und zu sich führen. Ihr standesgemäßer Bräutigam, dem sie seit
1920 2755 3317 2850 zehn Jahren zugedacht ist, ist ein fader Tropf, der sie „fatiquiert“; da sie
1927 2816 3311 2907 von einer ziemlich entwickelten Edelfäule ist und klug dazu, will sie zum
1919 2861 3317 2953 Ersatz den wilden Naturburschen sich zähmen. Der der Rechtswissenschaft
1914 2923 3314 3002 aus Liebe zur Natur und zum Spiel entlaufene Komödiant läßt sich von
1911 2972 3325 3041 der blaublütigen Komödiantin einfangen; sie vergnügt sich mit ihm in den
1921 3004 3314 3086 verschwiegenen Gängen ihres Parks, während er als ihr Kammerdiener im
1931 3058 3320 3147 Salon den. Herrschaften mit Kaffee und Stachelversen von Hoffmannswaldau
1931 3107 3326 3199 aufwartet. Bis eines Tags Stella auf der Bildfläche erscheint und sich mit
1924 3162 3318 3242 ihren Liedern, die Johann ihr einst gedichtet, ihm wieder in die Arme singt
1935 3209 3318 3293 und tanzt. Er wirft den Zwang von sich und trägt seine wilde Katze jubelnd
1924 3252 3321 3322 in die Freiheit. Trübselig endigt die Geschichte: Der vielseitige Johann ist
1936 3302 3328 3388 wieder bei seiner Truppe, er säuft und Stella keift. Der Feuerkopf ist
1936 3364 3326 3430 eine Ruine. Antonie, die ihren vertrottelten Grafen richtig geheiratet hat,
1932 3410 3325 3477 kommt auf der Hochzeitsreise durch das Dorf, in dem die Truppe zur Kirmes
1939 3456 3336 3535 aufspielt. Stella schnurrt die einstige Nebenbuhlerin an, Johann winselt vor
1947 3503 3334 3600 ihr, sie geht mit kaltem Lächeln an der Gruppe vorbei. Johann Christian ersticht
