3436 4448
1396 231 1842 329 box 23/1
234 235 1240 349 18. Der einsane Neg
1137 1021 1858 1107 verwahrt sich dabei ebenso geschickt
1876 1046 2599 1134 gewiß kein Titane; aber die ernste
1141 1085 1859 1160 wie glücklich gegen den Einwand, daß
1885 1114 2599 1179 Arbeit an sich selbst, die ihn von
1140 1133 1867 1210 man sich damit an der allgemeinen
1867 1149 2582 1225 den lüsternen Tändeleien seiner litera¬
1141 1183 1854 1258 europäischen Kultur versündige. Ge¬
1874 1212 2584 1286 rischen Anfänge zu der ansehnlichen
1131 1233 1848 1313 rade wer sein eigenes Wesen am
1876 1251 2571 1327 Höhe des „Schleiers der Beatrice“
1124 1274 1840 1356 treuesten und kräftigsten ausbilde,
1873 1303 2580 1385 und neuerdings zu dem Schauspiel
1124 1332 1848 1403 diene am besten im Geist und in der
1868 1348 2578 1430 „Der einsame Weg“ bergan¬
1125 1377 1845 1447 Wahrheit der großen europäischen
1861 1403 2578 1472 führte, hätte ihn wohl vor der kal¬
1132 1416 1842 1490 Gesamtkultur. Erst wenn die Natio¬
1866 1459 2578 1521 ten, fast schnöden Ablehnung schüt¬
1126 1469 1834 1547 nalitäts= und Kunstbestrebungen Hand
1854 1505 2576 1574 zen sollen, die er bei der ersten Auf¬
1119 1518 1845 1599 in Hand dem gemeinsamen höheren
1857 1546 2578 1628 führung dieses seines letzten Dramas
1123 1575 1838 1654 Ziele zustrebten, erst dann seien die
1859 1603 2573 1672 im „Deutschen Theater“ erfahren
1122 1619 1842 1691 Bannerträger des Volkes auf dem
1849 1644 2578 1721 mußte. Freilich, das Drama an sich
1114 1671 1828 1751 rechten Wege. Die praktische Politik
1857 1707 2571 1769 wird schwer zu erteidigen sein. Was
1120 1715 1828 1794 all dieser nationalästhetischen Forde¬
1856 1733 2568 1817 Schnitzler über Irren und Sichnicht¬
1117 1773 1836 1849 rungen finden wir zusammengefaßt
1847 1791 2571 1869 verstehen, über lautes Leben und stilles
1117 1810 1826 1894 in dem großen, weitblickenden und
1855 1847 2569 1925 Sterben schönes und zartes zu sa¬
1112 1856 1835 1942 hochherzigen Aufsatz über „Die zwei
1852 1890 2566 1957 gen weiß, ist mehr empfunden als
1108 1910 1827 1997 Theater in Christiania“, den wir jetzt
1839 1936 2560 2027 beseelt, mehr gedacht als gestaltet.
1100 1948 1827 2041 zum ersten Male auch in deutscher
1842 1986 2559 2064 Es ist, als sähen wir diese Menschen
1109 2011 1822 2095 Sprache kennen lernen und der zur
1844 2048 2575 2118 alle gar nicht leibhaftig vor uns in
1107 2058 1829 2135 Folge hatte, daß die beiden Bühnen
1839 2080 2560 2155 Fleisch und Blut, sondern nur von
1098 2109 1820 2188 ein Jahr darauf (1862) tatsächlich
1847 2145 2566 2215 einem noch dazu oft recht trüben Spie¬
1105 2147 1818 2238 verschmolzen und damit dem natio¬
1841 2182 2562 2260 gel zurückgeworfen. Aber gerade diese
1102 2207 1806 2273 nalen Prinzip dienstbar gemacht wur¬
1835 2225 2554 2305 elegische Art der Darstellung, dieses
1093 2251 1808 2334 den. Daneben wird Ibsen auch in
1839 2277 2559 2355 reflektierende Licht, wird mir der
1100 2303 1818 2389 späteren Arbeiten nicht müde, gegen¬
1832 2334 2553 2404 Dichter einwenden, ist's, was ich
1101 2364 1812 2426 über der bloßen Wirklichkeits¬
1831 2384 2557 2452 will und suche. Gerade darin liegt
1098 2415 1809 2483 treue immer wieder die Hoheits¬
1828 2437 2551 2505 meine eigene Note, wenn man mir
1096 2442 1811 2531 rechte der inneren, symbolischen
1826 2484 2538 2540 nicht, was ich als dankbarer Schü¬
1082 2497 1813 2573 Wahrheit zu betonen, wie für das
1825 2520 2542 2588 ler des großen Meisters gelten lassen
1080 2555 1806 2627 Drama so auch für die Schauspiel¬
1827 2573 2543 2650 würde, Ibsens letzte symbolistische
1086 2612 1800 2679 kunst, als deren schönste und not¬
1828 2625 2549 2695 Werke, vor allem sein tiefsinniges
1090 2653 1801 2722 wendigste Tugend er die „Entsag¬
1829 2664 2544 2740 Abrechnungsdrama „Wenn wir To¬
1074 2710 1804 2773 ung“, die Enthaltsamkeit von allen
1822 2726 2534 2788 ten erwachen“ als Muster und Vor¬
1074 2743 1798 2824 künstlichen Effekten und „Dialog¬
1811 2768 2546 2843 bild anrechnen will. Ihr vermißt
1075 2796 1793 2872 machereien“ der Virtuosität rühmt.
1811 2822 2530 2892 die anschauliche Wirklichkeit, die un¬
1666 2858 1790 2927 E. D.
1807 2862 2535 2947 mittelbare Gegenwart in meinem
1066 2881 1272 2984 Cheater.
1828 2919 2527 2990 Stück. Aber was heißt denn das
1825 2963 2530 3043 eigentlich: Gegenwart? Stehen wir
1134 2982 1695 3068 # Berliner Theater.
1808 3007 2534 3089 denn mit dem Augenblick Brust an
1121 3038 1789 3119 Unsere Gegenwart ist noch immer
1807 3067 2524 3142 Brust, wie mit einem Freund, den
1075 3083 1792 3166 so arm an Persönlichkeiten, die ihre
1811 3110 2526 3194 wir umarmen, oder wie mit einem
1058 3147 1786 3216 Kunst auf eine Weltanschauung ab¬
1810 3155 2527 3241 Feind, der uns bedrängt? Ist das
1067 3192 1775 3257 zustimmen suchen, daß wir jedes
1802 3219 2535 3283 Wort, das eben verklang, nicht schon
1070 3248 1793 3315 sichtbare Bemühen danach wohl mit
1800 3266 2522 3337 Erinnerung? Gerade in erhöhten
1054 3287 1791 3367 etwas mehr Anerkennung und Auf¬
1808 3308 2522 3383 Augenblicken unsers Daseins wissen
1054 3349 1791 3412 munterung begrüßen sollten, als
1797 3360 2530 3433 wir, daß wir nichts verloren haben
1065 3383 2513 3475 wir es leider für gut finden. Ar— und eigentlich nichts verlieren kön¬
1065 3437 2522 3534 thur Schnitzler, der Wiener, ist nen... Wohl, könnten wir ihm dar¬
1101 3519 1216 3589 640
2244 3546 2488 3623 Kunstwart
2761 1073 3328 1161 auf antworten, auch bei Ibse
2770 1139 3336 1212 aus scheinbar belanglosen Ge
2773 1190 3328 1260 des Augenblicks unversehens
2768 1245 3335 1310 gangenheit herauf; aber w
2761 1295 3337 1360 kommen durchleuchten sich dan
2768 1343 3337 1425 und Jetzt, wie machtvoll gre
2770 1386 3322 1453 Räder ineinander und wie
3245 1425 3335 1504 End
2767 1439 3182 1497 lich geschlossen stehen
2769 1488 3141 1552 Gegenwart und Ver
3269 1492 3332 1556 heit
2762 1537 3146 1603 entrinnbarer Tragi
3263 1545 3327 1603 un
2765 1584 3338 1656 Und erst nachher erhebt sich d
2758 1632 3331 1700 den Menschen und über die
2755 1689 3331 1748 schen jenes Allgemeine und
2765 1728 3329 1797 das ihr Geschick mit dem #
2757 1781 3334 1851 verbindet und das, auch we
2754 1839 3336 1899 einzelne Fall mit seinen Be
2756 1887 3307 1951 heiten längst aus unserm
2764 1937 3313 1990 nis entschwunden ist, in
2755 1976 3317 2041 Größe unserer Vorstellung
2759 2025 3339 2094 bleibt. Bei Schnitzler ist das
2753 2073 3336 2145 kehrt: hier sehen wir zuerst d
2762 2130 3334 2194 gemeine, das Typische und Bl
2753 2176 3318 2240 und nur selten einmal gehen
2753 2225 3332 2292 stalten, die dann gleichsam
2760 2270 3333 2340 leg dafür an uns vorüberw
2749 2319 3336 2395 in die vorgezeichneten Umris
2761 2362 3339 2438 Unv noch etwas anderes ist d
2759 2415 3338 2486 zwischen dem Norweger un
2745 2463 3339 2540 Oesterreicher eine unüberst
2748 2518 3315 2586 Scheidewand aufrichtet. Den
2747 2566 3331 2631 lerschen Dramen fehlt die En
2741 2617 3312 2686 senheit, die Folgerichtigkeit
2743 2669 3340 2739 Kraft, die Dinge unerbittli
2745 2711 3333 2771 ans Ende durchzudenken und
2743 2763 3326 2828 zugestalten. Auf der Mitte des
2754 2810 3334 2881 übermannt ihn das Mitleidn
2743 2864 3333 2935 nen Geschöpfen, und er erteilt
2758 2907 3332 2978 Absolution, noch ehe sie recht
2740 2950 3327 3028 digt haben. Man weiß, wie o
2739 3009 3337 3074 gerne sich die Achse der Sch
2752 3053 3335 3118 schen Stücke um die Tragik od
2751 3107 3340 3168 ser um die Schwermut des St
2736 3153 3326 3219 dreht. Mit dem Sklaven Moh
2747 3202 3339 3278 in Heines Roman#ero könnten
2749 3247 3339 3314 Helden und Heldinnen sprechen
2741 3306 3333 3367 mein Stamm sind jene Asra,
2750 3348 3335 3416 sterben, wenn sie lieben.“ Abe
2745 3405 3325 3466 diese geschraubte Sentenz be
2735 3448 3331 3503 noch einer Variante. „Lieben
2740 3499 3313 3579 „Sterben“, in der ganzen
2784 3559 3144 3657 1. Märzheft 1904
