3436 4224
295 210 1289 300 18. Der einsane Nen
1458 199 1894 290 box 23/4
2343 215 3170 310 Berliner Börsen Ceurier, Borlir
2055 270 2445 337 Husschnitt aus:
2473 289 2967 371 20 Morgen ausgabe
2055 375 2210 435 vom:
2369 413 2576 476 W
2496 439 3020 527 jeden underen Tag.
2075 537 3127 608 Schnitzlers „Einsamer Weg“ im Wiener
2409 599 2798 673 Hofburgtheater.
2630 642 3085 712 Wien, 19. Februar.
2140 701 3081 764 Unter allen Dramen Arthur Schnitzlens
2095 750 3118 794 mögen sie im Sinne des äußerlich Dramarischen „wirt¬
2092 766 3133 840 samer“ oder im Sinne des geistreichen Dialogs amü¬
2104 837 3128 875 santer sein als dieser „Einsame Weg“, ist doch viel¬
2098 860 3119 918 leicht keins, das den Zuschauer mit solchen ernsten Ge¬
2090 896 3131 965 danken entläßt. Als es neu war, hat man vor Ver¬
2098 941 3135 1001 wunderung über einen Wiener Dichter, der es gewagt,
2089 995 3129 1043 hat, seiner „Registrierung“ untreu zu werden, die Ana¬
2102 1016 3126 1072 tolatmosphare zu verlassen und das süße Wiener Mädel
2103 1058 3133 1115 nicht nochmals in neuer Variante auf die Bühne zu
2099 1113 3130 1160 bringen, gar nicht recht die Fülle und die Geistigkeit
2095 1159 3137 1198 dieses reinen und schweren Stücks bemerkt; hat sich
2099 1189 3137 1242 viel mehr mit der Welt auseinandergesetzt, der Schnitz¬
2097 1236 3143 1290 ler entflohen war, als mit der, die er im „Einsamen
2096 1276 2512 1333 Weg“ gestaltet hat.
2153 1290 3149 1370 Allein es ist das Zeichen wahrhaft wertvoller
2098 1357 3135 1407 Dichterwerke, daß die Jahre ihnen nichts von ihrem
2098 1396 3148 1447 Reiz nehmen, aber ihre Innerlichkeiten, ihre wahre
2095 1440 3141 1510 Pebendigkeit, die Bedeutsamkeit ihres seelischen Ge¬
2103 1481 3147 1547 halts erst entschleiern und ihren eigentumlichen Duft
2099 1524 3158 1577 erst zum Bewußtsein bringen. So ergeht es einem
2107 1560 3139 1613 mit diesem Schauspiel, das vielleicht das reichste, be¬
2101 1610 3145 1666 ziehungsvollste, vieldeutigste und aufschlußgebendste
2107 1644 3138 1704 ist, das Schnitzler geschaffen hat. Nicht nur, weil es
2112 1681 3147 1752 einen Typus der letzten Generation mit einer Meister¬
2099 1732 3140 1784 schaft hinstellt, die etwas Schonungsloses hat: den
2103 1765 3150 1837 Typus des Lebensartisten, des egoistischen Genießers,
2116 1811 3147 1861 des Autopsychologen, der bei eigenem und fremdem
2115 1857 3152 1914 Leid und Glück immer noch zuschauender Gourmet
2104 1895 3138 1943 bleibt, der „von Augenblickes Gnaden ein Gott und
2111 1933 3153 1989 manchmal viel weniger als ein Mensch ist“ und dessen,
2116 1955 3151 2021 innere Vereinsamung nicht nur ein Schicksalsresultat,
2119 2011 3150 2074 sondern das der Lebensführung des eigensüchtigen
2107 2045 3163 2109 Künstlerischen ist; der mit den Menschen und dem
2111 2096 3154 2149 Dasein nur spielt und nur das in seinen Kreis zieht,
2107 2137 3147 2185 was der flüchtigen Stunde Genuß oder auch nur
2109 2179 3150 2240 Schmuck bringt — sei es bewußt erlebter Schmerz
2113 2224 3156 2282 oder Liebe oder bloß die befriedigte oder unbeftledigte
2106 2256 3170 2324 Neugier des Rätselerratens im Lebensspiel. .. Aber
2120 2298 3160 2357 neben dieser Gestaltung und durch ihre Reflexe be¬
2111 2324 3158 2403 dingt, klingt ein Ton von unsäglicher Trauer durch
2114 2393 3153 2439 dieses Stück, und es ist dieser Ton, der schließlich nach¬
2118 2425 3060 2475 zitternd übrigbleibt und nicht mehr losläßt:
2129 2467 3160 2531 Trauer darüber, wie keiner vom andern weiß, wie
3110 2513 3155 2557 d,
2122 2507 3034 2563 auch die Menschen, die einander die Nächsten
2122 2553 2964 2601 aneinander vorbeileben, ohne auch nur zu ab
2130 2589 2959 2636 in jenen vorgeht, die das gleiche Dach bir
2125 2645 2924 2690 tiefes, beunruhigendes und unlösbares
2121 2676 2913 2731 auch die Seele des Besten und Gütevollste
2133 2719 2907 2771 anderen bleibt, die doch sein Dasem äuf
2127 2755 2909 2807 und, mit oder ohne Schuld, an dem schön
2135 2801 2933 2854 lichen Geschick, an der Bestimmung und
2131 2837 2967 2890 Lüge mitweben, die ihn umgibt. ... Diese
2130 2878 3040 2927 das so trostlos ist und doch wieder so beruh
2135 2921 3082 2971 weil es ohne das kaum möglich wäre, das Le
2140 2950 3167 3018 zu ertragen, ohne vor Angst, Mitleid oder Abschen
2124 2998 3174 3053 verrückt zu werden — dieses Gefühl spricht so stark
2131 3050 3164 3100 aus dem wundersam stark empfundenen und gedach¬
2127 3068 3171 3131 ten Stück, wie kaum aus einem andern. Die Vor¬
2125 3115 3162 3171 gänge im Hause Wegrat, das seltsam ästhetische und
2138 3156 3174 3211 doch wesenhafte Leben und Sterben des todaeweihten
2131 3197 3173 3269 Sala, die späte Vatersehnsucht Julian Fichtners,
2138 3255 3175 3297 Irene Herms gemordete Mutterschaft — in all diesen
2134 3286 3181 3333 tiefen menschlichen Verstrickungen klingt der gleiche
2138 3323 3180 3381 warnende Glockenton; das schmerzlich resignierte:
3047 3364 3175 3410 und
2134 3365 2994 3412 „Keiner kann Keinem wahrhaft etwas sein
2133 3406 3175 3462 die Hebbelsche Mahnung: „Hab' Achtung vor dem
2134 3456 2452 3522 Menschenbild
2214 3495 3175 3549 Man wird es der jetzigen Leitung des Burg¬
2145 3538 3161 3588 theaters nicht vergessen dürfen, daß sie in ruhiger,
2147 3576 3167 3631 unprahlerischer und stetiger Arbeit eine Ehrenschuld
2154 3612 3176 3680 des Instituts nach der anderen zahlt, und daß sie,
2150 3721 3176 3775 nachdem sie Eulenberg und Wedekind das Burg¬
2166 3776 3181 3823 theater geöffnet hat, nach langen Jahren des Wartens
2167 3812 3181 3861 auch dieses reichste, ernste und menschlichste Werk des
2160 3843 3190 3900 reichsten, ernstesten und menschlichsten Wiener
2163 3888 3184 3945 Dichters zur Aufführung gebracht hat. Zu einer frei¬
2170 3938 3190 3985 lich, neben der die wundervolle, die man von Brahm
2161 3970 3185 4018 vor Zeiten hier gesehen hat, unvergessen und unver¬
2163 3996 3178 4061 blaßt steht. Man tate Unrecht, sie mit dieser Brahm¬
2157 4034 3189 4107 schen zu vergleichen, in der jener Glockenton so hör¬
2167 4086 3178 4142 bar und eindringlich von Anfang bis zu Ende mit¬
