3392 4256
1405 213 1871 337 box 23/5
251 250 1271 339 18. Der einsane Neg
321 1250 1751 1350 veu Klumpspil Michael (55), Gudme Hansen (45), sine egne Digie.
2113 1271 2904 1384 kampens Afholdelse i Gaar, skent
151 1328 1423 1433 . Trolschinski Leilighe-Enrico Larsen (25). Odds 4,75. Plad¬
2091 1359 2844 1446 den ferst skal spilles paa Tirsdag.
139 1495 1384 1595 r, om dens Puls slaar skere 1 Paris var Gestespillet ojen¬
1374 1511 2900 1611 en ny Konstitution, saa havde man! som holder aabent til henad Midnat.
623 1552 1376 1647 synligt en sjelden og merkelig Te¬
159 1566 632 1634 eller lidt langsommere.
1386 1578 2881 1665 nok hert om det! Og som rent og] Paris Fyder dog altid paa en og an¬
151 1624 1376 1693 eget er ialfald givet, at ateroplevelse, gefundenes Fressen.
1376 1631 2604 1707 skert Tankeeksperiment taber en den lille Overraskelse!
153 1689 1370 1764 uespillere, ganske neg- Forresten optraadte de ikke i saa
1373 1696 2108 1775 saadan Fantasihandling betydeligt i
2443 1691 2554 1758 *
136 1737 1374 1813 odtoges uden mindste stort et Antal, at de paa nogen Maa¬
1378 1747 1797 1831 Verdi og Interesse.
2141 1718 2880 1838 Den, der betragter det altid righol¬
139 1803 1377 1892 Den Aften, jeg saa’ Fo-i de kunde prage Tilskuernes Hold¬
1384 1809 2896 1894 Men naturligvis fangsler detdige parisiske Teaterrepertoire ud
621 1850 771 1943 ning.
150 1853 632 1925 var der godt Hus, af¬
1368 1868 2890 1948 Franskmendene, da en politisk Mod-Ifra det serlige Synspunkt, om der
136 1903 639 1995 e og javnt Bifald, som
1369 1935 2125 2009 stander afslerer den tyske Statsmand
2116 1933 2889 2012 ikke var et eller andet Stykke, som
647 1954 1365 2060 Naar man lige havde oververet de
155 1968 638 2071 en Del Fremkaldelser
1366 1985 2126 2068 som fransk fedt, og da han derefter
2117 1985 2891 2069 kunde egne sig godt for Kobenhavn,
616 2034 1372 2117 lyske Kunstneres stilferdige Seir,
1369 2047 2121 2120 af sin tidligere Forlovede feres til¬
2118 2055 2885 2140 er en lille Smule i Forlegenhed, ial¬
617 2099 1377 2181 var det dobbelt interessant at se et
140 2077 636 2177 ovrigt ikke gaa i An¬
2113 2104 2575 2190 fald lige i Sjeblikket.
1365 2101 2118 2179 bage til Fadrelandet og alt, hvad der
620 2150 1383 2235 kransk Stykke, Jean Giraudoug'
140 2150 619 2239 er. Schnitzlers klassi¬
1368 2159 2137 2243 er fransk. Alle Usandsynligheder til
2138 2154 2890 2234 Dog standser man ved La Michodi¬
140 2216 630 2303 Ekuespil, der merkeligt
627 2220 2115 2302 „Siegfriedt, som helt og holdent er Trods er det ingenlunde spildt at se
2113 2232 2889 2304 ères solide Lystspilsukces -Vient de
134 2270 630 2342 har fristet en keben¬
619 2275 2111 2357 baseret paa Modsetningerne mellem (dette merkelige, affekterede Skuespil,
2106 2279 2890 2358 paraitree (-Lige udkommene) af den
152 2323 624 2416 ,fik en udmerket Ud¬
621 2331 2112 2423 fransk og tysk Kultur, Sprog og der opferes paa Comédie Champs
2109 2340 2896 2422 meget produktive E. Bourdet. Det
137 2384 616 2480 rmann, som Kobenhav¬
617 2383 2122 2482 Mentalitet, og som alene af den Elysées, det eneste Teater, mig be¬
2110 2403 2891 2494 maatte kunne fan en kebenhavnsk
151 2456 617 2530 fra en vellykket Geste¬
624 2448 2120 2537 Grund vanskeligt kunde omplantestil kendt, som er anbragt paa en femte
2113 2469 2893 2544 Sukces, f. Eks. paa Dagmarteatret,
620 2503 1120 2592 en skandinavisk Scene.
152 2511 621 2587 Casino, var det natur¬
1358 2515 2114 2597 Sal — og godt anbragt, naar man
2107 2524 2880 2594 selv om de hjemlige Forhold inden¬
148 2562 634 2656 t, til Trods for, at han
642 2537 2120 2655 Denne Fireakter, der er en Drama-ferst er naaet derop. Og Pierre Re¬
2102 2588 2889 2662 for Skribent- og Forlagsvirksomhed
155 2635 2108 2720 at have faaet en Del tisering af Forfatterens Roman=Sieg-noirs lidt selvglade Prastation som
2108 2640 2891 2722 er meget langt fra at ligne de pari¬
131 2679 2118 2774 nDiktion. Publikumfried et le Limousine, er temmelig ir-den moderne tyske Diktatorskikkelse,
2115 2711 2882 2775 siske, og selv om vi ogsaa er meget
112 2735 622 2827 sende godt med, hvad
608 2742 2116 2830 riterende og lider under iejnefalden-der 1 Virkeligheden er en celeber
2103 2767 2883 2839 langt fra at have en saa uimodstaae¬
140 2797 616 2899 f Bifald paa -de rigtige
612 2814 2117 2909 de Fejl. Det prages fra ferst til fransk Forfatter (!) er saa kraftigt
2102 2816 2889 2908 lig Lystspil-Charmeur som den popu¬
142 2863 618 2947 espillet greb red sin
619 2875 2121 2952 sidst af baatle ydre og indre Usand-Itrukket op, saa klar i sin videre Ud¬
2106 2877 2562 2961 lere Victor Boucher.
140 2932 613 3007 beskelighed, men virke¬
607 2934 2116 2996 synligheder. Lad det vere nok atlformning, at man ger sig al Umage
2135 2926 2884 3019 Det aarlige Kapleb om eden litte¬
145 2980 610 3071 iystert og pessimistisk
607 2990 2105 3059 sige, at hvis en saaret Soldat, derfor at tro paa denne umulige Figur.
2115 2991 2885 3083 rere Prise (in casu -Zola-Prisen-),
147 3059 2887 3135 selv om det dog er ad-komplet havde mistet Hukommeisen, I Mellemakterne kan man gaa ud ogder skaber baade et nyt Forfatter¬
152 3082 2878 3203 er mildere end Strind- virkelig var gaaet hen og blevet enkobe Stykket. Paa Femtesalen findes navn og en Slagssukces, kendes jo
138 3168 2881 3256 ansene, scm Reumert-fremragende tysk Statsmand, som der nemlig ogsaa, ved Siden af enlknapt derhjemme. Men ferste Akt,
139 3213 2909 3326 let paa Odéon. For Ty-]stod i Begreb med at give Tysklandgod Bar, en velassorteret Boghandel,) der foregaar i en Forlagsboghandlers
701 3314 2203 3509 Ja. Ae
158 3328 561 3535 9 22
