3436 4256
1430 179 1879 275 box 23/3
264 204 1268 292 18. Der einsane Neg
1582 1041 1837 1120 Die Schaubühn
1071 1054 1181 1126 668
1588 1111 1723 1155 —
1071 1195 2356 1254 und genossen. Sonst aber pries die allgemeine Zustimmung nur etwa
1072 1242 2356 1307 noch die rhythmische Vollkommenheit eines Abends, die feine Abstufung
1084 1302 2375 1367 und das kluge Maß des Sprechtons und der Pausen, die planvolle
1090 1341 2368 1414 Harmonie im Aufstieg und Abschwellen der Stimmung. Dieses be¬
1084 1396 2373 1456 deutende Verdienst eines seinen Dichtern treu und mit hohem Verständnis
1092 1459 2373 1510 hingegebenen Theaterleiters wurde keineswegs verkannt oder verschmäht.
1091 1485 2374 1555 Neben ihm aber traten jetzt, zum ersten Mal mit so prägnanter Kraft,
1093 1533 2366 1603 die Gestalten seiner gewichtigsten Schauspieler in selbständiger Größe und
1090 1581 2381 1664 Eindringlichkeit hervor. Sonst waren fast nur Rittner und die Lehmann
1089 1634 2364 1703 aus der gleichgerichteten Allgemeinheit des Ensembles in dauernder Er¬
1097 1682 2379 1761 innerung geblieben. Sie waren ja zumeist, so lange Hauptmann und
1098 1734 2371 1803 sein Naturalismus noch alles galt, die Protagonisten gewesen; ihre Ein¬
1106 1770 2386 1858 fachheit war von einer elementaren Gewalt, die wie eine sinnbildliche
1101 1836 2375 1915 Zusammenfassung des ganzen Prinzips erschien. Jetzt handelt es sich
1100 1879 2380 1956 aber um mehr, als um Einfachheit und natürliche Gewalt. Die suggestive
1095 1932 2390 1997 Macht der Person, Reichtum und Glanz des Einfalls entscheiden in den
1098 1979 2376 2054 neuen Rollen der neuen Stücke. Nun, Persönlichkeiten von der wunder¬
1099 2024 2385 2095 baren innern Fülle wie Rittner und die Lehmann werden auch auf
1101 2067 2387 2149 solchem Boden nicht schwächer oder kleiner. Im Gegenteil: alles staunte
1100 2138 2383 2200 das ungeheure Wachstum Rittners an — desselben Rittner, dessen
1099 2173 2390 2242 Eigenheit man hier immer von der dienenden Sorgfalt naturalistischer
1100 2219 2388 2317 Nachzeichnung verschlungen sah. Ihm, dessen mißlungener Ferdinand
1103 2277 2389 2345 nach mehr als einem Jahrzehnt noch in abschreckender Erinnerung war,
1103 2321 2384 2391 traut man nun, nach seinem furchtbar prächtigen und ganz stilreinen
1106 2366 2394 2459 Starschenski, auch die großen klassischen Aufgaben zu, die seiner satten,
1107 2440 2380 2502 vollblütigen Männlichkeit gemäß wären: etwa den Götz, den alten Miller,
1104 2465 2386 2551 den Brutus, vielleicht den Othello oder den Odoardo. Damit will nur
1120 2530 2391 2597 gesagt sein, daß dieser bedeutende Künstlerinstinkt den höhern Stil in
1117 2565 2386 2641 dem Moment fand, da es die Entwicklung der Kunst von ihm verlangte.
1119 2625 2000 2686 Er ist mit seiner Zeit und für sie reif geworden.
1195 2658 2388 2744 Man sah ihn diesmal leider nur in zwei Rollen. Andre beherrschten
1125 2722 2390 2803 das Repertoire, lösten ihre überragende Erscheinung aus dem Gesamtbild,
1122 2764 2402 2842 prägten ihre Persönlichkeit mit unwiderstehlicher Macht unserm Geschmack und
1116 2812 2394 2887 Gedächtnis ein. Zwei Männer vor allem hat die rasch eroberte Liebe des
1120 2874 2410 2932 Publikums auf eine weithin sichtbare Höhe der allgemeinen Bewunderung
1122 2907 2407 2986 gehoben: Albert Bassermann und Oscar Sauer. Beide waren auch in
1122 2962 2410 3045 frühern Jahren schon da; aber jetzt erst, in den Gestalten, die ihre eigene
1125 3006 2405 3082 Phantasie 2nd Innerlichkeit miterschaffen durften, fing ihre Größe allen
1114 3061 2410 3155 zu leuchten an. Die unversiegliche Schöpferkraft Bassermanns, seine
1118 3116 2406 3181 Mannigfaltigkeit und Bildsamkeit, sein grandioser Reichtum an Ausdruck
1129 3163 2412 3231 und Einfall führten, in einem halben Dutzend Rollen, die Hörerschaft
1124 3213 2419 3288 zu immer steigender Begeisterung. Seine gewaltsam erobernde Vehemenz
1118 3251 2424 3349 warf alle Bedenken um, die eiwa gegen Härten und Sprunghaftigkeiten
