3436 4256
246 259 1239 349 18. Der einsane Neg
782 2122 1496 2246 Kleines Feuilleton. #
1206 2235 1588 2307 Frankfurt, 19. Mai.
539 2287 1614 2337 g [Wiener Theater.] Man schreibt uns aus Wien:
473 2327 1623 2386 Arthur-Sch##er hat in Wien eine Gemeinde, die sich
482 2366 1624 2422 aus allen Schichten der Gesellschaft rekrutiert. Das war
481 2406 1629 2457 bei der Première des Schauspiels des „Einsamen Wegs“
473 2454 1629 2503 das von den Künstlern des Berliner Lessingtheaters hier dar¬
484 2491 1618 2536 gestellt wurde, wohl zu erkennen. Ein ausverkauftes Haus,
486 2525 1619 2579 große Toiletten, großer Beifall nach allen Akten. Der Kundige
485 2574 1624 2617 aber vermochte auch aus den Beifallsstürmen herauszuhören,
487 2606 1622 2654 daß sie mehr dem Autor als dem Werk galten. Wenn wir recht
483 2642 1624 2689 wahrgenommen haben, gehörte zu diesen Kundigen vor allem
474 2679 1628 2726 der Autor selbst. Er erschien recht resigniert vor dem Vorhang.
482 2718 1620 2770 Es wäre auch zu verwundern, wenn dieser melancholische
485 2768 1627 2808 Grübler, der alle Schleier des schönen Scheines zu lüften
478 2792 1628 2849 trachtet, gerade vor seinen eigenen Werken und Erfolgen Halt
487 2842 1633 2886 machen würde. Das Glück streitbarer Selbsttäuschung ist ihm
477 2890 1635 2942 nicht verliehen. Er weiß besser als seine Tadler, was ihm
1421 237 1863 320 box 23/3
1642 790 2787 837 fehlt, und sie können ihn nicht blutiger zerreißen, als er es
1646 832 2794 871 beispielsweise in seinem „großen Wurst!“ selber tut. Es ist
1651 882 2787 922 ihm schwerlich wohl bei solchem Spiel, aber er hat nun ein¬
1652 907 2782 948 mal, wie manche seiner besten Gestalten, diese innere Redlich¬
1645 950 2780 999 keit, und etwas wie ein schmerzlicher Genuß ist auch gewiß bei
1642 987 2787 1035 ihm mit der schonungslosen Vernichtung schmeichelnder Illu¬
1646 1020 2777 1080 sionen verbunden. Aus dem Rausche einer schon mit Resigna¬
1647 1063 2781 1103 tion durchtränkten Empfängnis gehen auch Werke von selt¬
1655 1098 2779 1148 samer Geistigkeit hervor. Aber die Bühne gewinnt man
1647 1137 2779 1187 nicht mit Gestalten, die „lebensalt, geboren kaum“ den über¬
1658 1164 2793 1227 großen reflexionsschweren großen Kopf auf den schwachen
1649 1207 2795 1264 Schultern kaum zu tragen vermögen. „Mehr Haltung und
1658 1250 2789 1297 weniger Geist“, sagt der Oberraisonneur des von lauter
1651 1283 2785 1337 Raisonneuren betretenen „einsamen Wegs“ der jetzt nachrücken¬
1650 1336 2778 1378 den Generation nach. Man möchte dem Poeten fast etwas von
2430 1366 2782 1427 Anatol=Schnitzler
1654 1373 2405 1419 dieser jüngeren Generation wünschen.
1648 1412 2789 1462 wurde lange für einen „galanten“ Schriftsteller gehalten. Mir
1649 1454 2775 1496 war selten eine Täuschung unverständlicher als diese. Seine
1653 1486 2785 1529 Marke ist gerade im Gegenteil ein grüblerischer, man möchte
1648 1528 2788 1576 sagen, alttestamentarischer Einschlag in der weltmännisch groß¬
1648 1568 2779 1612 städtischen Lebensabschilderung. Das leichte Blut von Wien
1655 1600 2777 1654 schäumt; der deutsch=kroatisch=polnisch=magyarisch=spanisch=italie¬
1646 1637 2788 1681 nische Mischling, der Wiener, und seine Schwester, das süße
1644 1668 2789 1729 Mädel, „genießen“ die kurze Spanne der Jugend ohne viel
1645 1723 2775 1766 Skrupel. Der Grübler und Arzt Schnitzler aber fragt sich, ob
1651 1749 2789 1808 das denn gut sein könne, und ob die sexuelle Ungebundenheit
1651 1796 2784 1841 zu gutem Ende führe. Immer von neuem wälzt er das
1650 1833 2780 1891 Problem. Er ist skeptisch gegen die steifleinene Jugend, bei
1645 1873 2786 1922 der Menschenleben und Menschenglück groben Sittlichkeitsge¬
1651 1910 2782 1959 bräuchen geopfert werden. Aber er ist auch skeptisch gegen das
1644 1945 2771 1995 neue Evangelium von der „prachtvollen schweifenden Bestie".
1647 1985 2779 2030 Und weil ihm im Gegensatz zu Zola die soziale Phantasie oder
1654 2029 2775 2079 der politische Wille fehlt, findet er auch den Ausweg nicht aus
1647 2060 2785 2116 dem Dilemma, der in eine andere soziale Ordnung mit ande¬
1651 2104 2778 2148 ren Eigentumsbegriffen weist. Er sieht, was ist, und sieht, daß
1644 2144 2772 2190 es nicht gut sei, aber er sieht nicht, wie es anders und besser
1643 2183 2773 2226 werden könne. Rein artistisch gibt das seinen Werken einen Reiz
1647 2209 2778 2260 mehr, den feinen Hauch von Wehmut, der wie die opalisierende
1649 2256 2789 2308 Lasur über dänischem Porzellan, über seine Gestalten lagert.
1639 2284 2783 2334 Aber es ist ein novellistischer Reiz, der auf der Bühne versagt.
1644 2331 2777 2375 Es fehlt das Erfrischende, das von jeder hoffnungsfreudigen
1644 2371 2775 2420 Weltanschauung ausgeht. Man kommt nicht gestärkt und ge¬
1641 2405 2778 2448 hoben aus einer Schnitzler=Première, sondern mit gelösten
1653 2446 2788 2496 Gliedern, erschlafft, wie aus einem Südtal, in dem der
1650 2478 2790 2527 Skirokko steht. Seiner beschaulichen Art entzieht sich auch die
1651 2525 2783 2574 Gestaltung einer fortschreitenden, fortreißenden Handlung und
1657 2562 2782 2611 schlichter vollblütiger Charaktere. Er gibt immer nur Zu¬
1648 2599 2782 2645 standsbilder und Selbstbespiegelungen in dreistündigem über¬
1648 2643 2793 2690 pointiertem Dialog ohne jeden Naturlaut. Als feine Sitten¬
1642 2678 2793 2735 bilder aus dem dekadenten Wien des zwanzigsten Jahrhunderts
1642 2714 2785 2755 werden alle seine Arbeiten ihren Wert behalten. Die Bühne
1644 2756 2786 2805 hat keinen Gewinn davon. Gespielt wurde von den Berliner
1650 2791 2791 2846 Gästen diesmal recht wenig befriedigend. Nur Herr Basser¬
1647 2831 2793 2888 mann zeichnete sich wieder durch eine feine Leistung aus.
1636 2872 2810 2934 Wer nicht das Glück hat, rechtzeitig im Kampf.um die Billette
1671 3326 2815 3371 einen Sitz in den vordersten Reihen zu erringen, versteht die
1663 3376 2817 3410 Hälfte des Gesprochenen nicht. So weit dürfte der Naturalis¬
1670 3388 2818 3457 mus doch nicht getrieben werden. Man geht ins Theater
1673 3432 2811 3477 schließlich auch zum Hören, und wenn auch die „Echtheit“ ver¬
1668 3477 2819 3527 langt, daß gedampft gesprochen werde, so verlangt wiederum
1673 3506 2813 3571 die Theaterakustik, daß wohlartikuliert, d. h. verständlich ge¬
1663 3547 2823 3609 sprochen werde. Die unentbehrliche Schminke ist ja auch un¬
1680 3596 1888 3666 reglistisch.
