3344 4384
1419 387 1896 505 box 23/4
1070 416 1165 484 W
757 403 989 490 insam
249 407 1282 543 18. Der einsuge neg
596 812 3353 968 Hiermit bringen wir zur gefälligen Kenntnis, daß wir unsere Redaktion von nun an nach Wien. XVII
300 907 3359 1024 P. D. Schindlergasse 6, verlegt haben und bitten, alle redaktionellen Mitteilungen ausschließlich an diese Adresse
291 977 3353 1106 richten. Redaktionsanfragen ist immer eine 10=Heller=Marke für evenkuelle schriftliche Antwort beizuschließen. — Die Administraf
287 1045 3328 1182 befindet sich nur in Stammersdorf, Bahnhofplatz 450, wohin alle Abonnementsanmeldungen, Inseratenaufträge sowie
1357 1131 2421 1214 Geldsendungen jeder Art zu richten sind.
2405 1254 3360 1356 geworden zu sein scheint, entsinnt man sich
1366 1276 2414 1379 lers als „Novität“ aufführen, das bereits vor
297 1296 1365 1402 ausgenommen, gut bezahlt und stets mit „großem
2405 1342 3351 1432 einsamen Weges, den sie vor vielen Jahren
1365 1357 2413 1438 10 Jahren an einigen auswärtigen Bühnen und
292 1389 762 1484 Erfolge“ aufgeführt.
2415 1403 3017 1481 mal ihren Dichter geleitete.
1349 1411 2417 1489 auch in Wien aufgeführt wurde und damals vom
386 1399 1359 1507 Früher einmal durfte im Burgtheater nicht
2495 1455 3361 1529 So muß denn über dieses alte Stück
1358 1475 2277 1564 Publikum energisch abgelehnt worden ist.
293 1498 1353 1585 applaudiert werden und laute Veifallsbezeugun¬
2412 1514 3358 1595 über ein neues gesprochen werden, damit a
1457 1517 2426 1615 Dieses Stück, „Der einsame Weg“, wird
296 1553 1356 1649 gen waren geradezu Ereignisse, doch selbst da
2408 1569 3350 1649 zeigt werden kann, durch welche Sümpfe un
1363 1580 2411 1668 von Hans Brecka, einem Kritiker tadelloser Recht¬
297 1614 1372 1700 war es den Darstellern untersagt, das Spiel zu
2419 1629 3360 1710 welchen Zielen dieser einsame Weg führt
1355 1648 2415 1735 schaffenheit und gediegenen Wissens, in der „Reichs¬
298 1669 1358 1752 unterbrechen und zu danken. Heute ist das Burg¬
2411 1680 3349 1774 welche Wegtafeln richtunggebend an seinen
1359 1707 2419 1801 post“ vom 20. Februar l. J. einer wahrhaft vernich¬
300 1719 1367 1809 theater genau mit einer natürlich jüdischen Claque,
2419 1756 2715 1843 dern stehen.
1363 1767 2415 1854 tenden Kritik unterzogen. Seine wichtigsten, wie
303 1785 1367 1878 die bei jüdischen Premièren durchs ganze Haus
2510 1767 3351 1897 Ein halbes Dutzend Menschen quälen
1366 1829 2434 1906 Donnerschläge dröhnenden Worte, geeignet, den
303 1848 1366 1919 verteilt wird, ausgestattet, wie die Sauställe jüdi¬
2415 1861 3362 1956 da ein paar Stunden lang mit ihren Ge
1367 1879 2422 1981 Wienern das Schamgefühl ob der räuberischen
295 1905 1363 1983 scher Theaterspekulanten in der Josefstadt oder
2424 1919 3362 1996 heiten, Verrücktheiten und Nöten. Wir per
1372 1930 2425 2030 Profanierung und Besudelung seiner ersten Schau¬
302 1981 647 2066 an der Wien.
2438 1975 3361 2065 sie nicht, sie rühren uns nicht, sie vermöge
1375 2008 2211 2099 bühne ins Gesicht zu treiben, lauten:
400 2016 1369 2101 Die „Kritika“ der Judenpresse sind für das
2426 2040 3361 2119 kaum zu interessieren. Sie ergehen sich in k
1464 2027 2426 2155 „Einen einsamen, einen bedenklich einsamen
309 2081 1377 2164 Burgtheater genau so bestochen wie für die Ge¬
2433 2106 3361 2174 bilderreichen Reden, sie seufzen viel und ben
1370 2121 2434 2197 Weg wandelt die gegenwärtige Burgtheaterleitung.
316 2150 1299 2247 schäfte der Judenclique in anderen Theatern.
2424 2157 3360 2244 sich umständlich um unsere Teilnahme. S
1382 2180 2431 2265 Denn niemand kann mitgehen, wenn sie wie
404 2209 1368 2287 Daher erlangen die Juden Trebitsch, Auern¬
2430 2215 3362 2297 klagen sich über unerreichbares Glück un
1382 2234 2441 2317 einer eben gemachten literarischen Entdeckung einem
319 2249 1372 2342 heim, Schnitzler u. a. mit ihren Stücken „vollen
2422 2277 3361 2356 alles, um unglücklich zu sein. Sie treiben
1381 2308 2430 2371 Stücke in die Arme eilt, welches so alt ist, daß
319 2318 1379 2406 Erfolg“ und natürlich ob der Gastfreundschaft des
2434 2326 3362 2413 brauch mit den Worten Liebe, Vater, A
1382 2361 2431 2434 es schon jeder der drei letzten Burgtheaterdirek¬
317 2385 1369 2478 k. k. Hofburgtheaters ungeheuere Reklame und
2440 2385 3360 2492 Sohn. Und sie leben nicht lange und es
1379 2413 2442 2495 toren bequem hätte entdecken können und welches
311 2422 1381 2534 persönliche, aber schimpflich erschlichene Ehrung
2444 2455 3095 2538 ihnen nicht wohl auf Erden.
1380 2469 2435 2556 so notorisch schlecht ist, daß sich jeder dieser Herren
313 2495 1376 2596 von Seiten der Uneingeweihten und Dummen.
2527 2492 3361 2594 Diese Menschen sind nicht von unserem
1383 2532 2443 2618 wohlweislich vor solcher Entdeckung hütete. Im
415 2552 1388 2627 Stücke, die an sich punkto Schönheit der
2429 2571 3360 2666 und Blut. Um diese Menschen zu erklären,
1367 2589 2445 2676 Fübrigen ist das Stück nicht einmal eine lokale.
326 2605 1375 2696 Sprache, Tiefe der Empfindung, Adel der Ge¬
2438 2620 3354 2704 ich nur eines Wortes: Es sind jüdische Me
1381 2645 2441 2733 Neuheit, sondern auch in Wien schon gespielt
308 2659 1388 2760 sinnung und Sitte tief unter Null stehen, wie zum
2430 2689 3361 2769 Sie sind die Kreaturen eines Dichters, der
1392 2695 2440 2785 worden. Kürzlich, beim letzten Premièrenabend
324 2718 1395 2820 Beispiel Auernheims „Das Paar nach der
2436 2743 3360 2821 das uralte Erbteil seiner Rasse: ihre Un
1387 2755 2443 2846 im Burgtheater spielte man drei gleichfalls längst
317 2780 1385 2866 Mode“, Schnitzlers „Der Weg ins Freie",
2437 2805 3361 2884 ihren zersetzenden Zweifel an allen lebensbe
1388 2822 2437 2899 abgegriffene Einakter. Letztes Stadium: Der Bett¬
326 2820 1385 2937 „Zwischenspiel", „Literatur“, „Der junge Me¬
2444 2858 3352 2939 den Werten als dramatischen Atem verwer
1525 2877 2437 2973 ehemals König — sammelt weggeworfene
1395 2884 1521 2965 ler —
321 2898 1385 2995 dardus“ (Schmarn allerersten Ranges, Samm¬
2435 2917 3363 3011 können. Es gibt kaum ein Schnitzlersches
1384 2935 2439 3019 Speisenreste, um sein Leben zu fristen. Da ich
335 2956 1391 3056 lung alten Plunders), „Anatole“ (eine Schwei¬
2450 2966 3362 3066 an dem sich dies nicht nachweisen ließe.
1393 2991 2441 3073 nicht zu den Leuten gehöre, welche unbedingt
333 3015 1389 3108 nerei) usw, gehören dem Repertoire (!) einer Hof¬
2437 3034 3349 3124 von Ihnen haben wienerischen Glanz und
1385 3052 2445 3123 ihre Hände benötigen, um eine Gemütsaffektion
321 3064 1394 3163 bühne an und werden von der kaiserlichen Kassa
2439 3097 3363 3183 Wie himmelweit aber liegen sie ferne von
1386 3111 2446 3203 zum Ausdrucke zu bringen, greife ich mir nicht
331 3145 703 3238 reich honoriert!
2447 3151 3351 3228 rem Wesen und Denken. Denn ihr Wie
1385 3165 2452 3244 an dest Kopf-Was verschafft uns die Ehre? Ist
426 3186 1393 3280 Nun war aber die Produktivität der jüdischen
2458 3212 3359 3289 ist nur Anstrich, nur Fassade. Wie absolut
1401 3242 2456 3317 Bedarf nach Ihnen, mein Herr? Rief Sie jemand?
333 3250 1386 3365 Burgtheater=„Hausautoren“ in letzter Zeit zurück¬
2444 3266 3349 3363 fremd uns die Art doch ist, im Gespräch
1484 3281 2453 3362 Jawohl. Es rast das Volk und will seinen
335 3308 1406 3394 gegangen, Judas literarischer Ruhm, namentlich
2446 3310 3358 3400 Gefühle zu zerfasern, sie mit glänzenden
1401 3333 2461 3418 Schnitzler haben. Und da die erleuchtende Muse
344 3370 1393 3480 jener Schnitzlers, drohte zu erblassen, da mußte
2442 3384 3351 3479 vor dem anderen auszubreiten, ihm unsere2
1405 3409 2460 3482 nicht mehr so recht mitzukommen und durch die
335 3448 896 3546 Hilfe geschaffen werden.
2435 3447 3362 3551 und Vorstellungen aufzudrängen, wie es
1397 3464 2438 3542 Illumination des weiten Landes ein wenig müde
442 3467 1402 3583 Herr Rosenbaum ließ also ein Stück Schnitz¬
2434 3488 3362 3603 der Schnitzlerschen Menschen kun. Wie se
1423 3566 2437 3642 Die napolesnischen Kriege machten allen Ex¬
2420 3577 3360 3674 doch gegen unsere Natur ist, hinter allen,
342 3588 1425 3696 enge freundliche Beziehungen zu Rußland. Durch
1410 3630 2442 3713 pansionsgedanken in Milauropa ein Ende; Ösfer¬
2445 3644 3361 3722 hinter den klarsten Dingen, Anlässe zu au
335 3648 1410 3759 Fortsetzung dieser Allianz hoffte Josephll. wei¬
1406 3679 2443 3762 reich wurde im verlustreichen Frieden von Schön“
2443 3695 3359 3783 tiefsinnigen Grüblereien aufzuspüren! Diese
341 3700 1411 3820 tere Vorteile an seiner südlichen Grenze zu erlan¬
1415 3728 2444 3820 brunn (1809) einiger seiner schönsten Territorien be
2449 3759 3362 3845 same Weg spielt sich ab in ein paar Herbst
358 3744 1419 3871 gen. Seine eigene Absicht war, die kleine Wala¬
1407 3792 2452 3888 raubt und durch die Bildung der französischen Pro.
2456 3821 3354 3902 deren Schönheit oft beteuert wird, niemal¬
356 3836 1419 3914 chei, Orsova und Belgrad, wie auch die dalma¬
1419 3855 2452 3935 vinz Illyrien gänzlich von der See abgeschnitten
2440 3876 3353 3974 ohne einen Seufzer, wie ich mich denn übe
368 3865 1426 3985 tinischen Besitzungen Venedigs zu erlangen. Aber
1429 3930 2454 4007 Aber die Erholung österreichs, zum großen Teile eine
2443 3938 3355 4016 nicht entsinne, während des ganzen Stücke
358 3928 1424 4039 er verschloß natürlich sein Ohr nicht der preu¬
1423 3977 2457 4053 Folge der Geschicklichkeit seiner Diplomatie, wa
2453 3994 3331 4103 nur ein einziges Mal lachen gehört zu
357 3983 1418 4103 ßischen Einflüsterung, das die Moldau und die
372 4027 2460 4160 (algchei an Öiforreich die Grim und Rossarahient eine erstaunlich rasche und 1815 war Wien de
2442 4052 3361 4148 Wie gründlich verkennt dieser Dichter,
2441 4107 3357 4207 wienerische Note man oft rühmen gehört he
2442 4171 3355 4261 Wiener Wesen und die Wiener Landscha
2442 4232 3358 4333 auch dann noch heiter sind, wenn sie we
2878 4304 3053 4363 HHfbReL
