3532 4352
1438 74 1880 145 e
659 83 1418 154 eeneeenenenennechechen
1927 85 3198 169 2 .
653 131 1937 199 der ein Unglücksfall herbeigeführt. Der 13jährige Sohn des
1928 145 3206 205 blieben. Vor ihnen mußte ich aufstehen und Toilette machen... (??)
657 171 1935 231 Badedieners E. aus der Eichenstraße, der im Begriff stand, in der
1932 183 3213 251 Wir reisten im Separatzug nach Wien. Während der Fahrt war
3202 194 3343 278 den
652 211 1939 273 Hofauerstraße ein leeres Faß auf einer Handkarre zu befestigen,
1930 230 3201 295 Bachrach sehr liebenswürdig und sagte mir, das Ganze sei zu meinem
650 260 1934 310 wurde von einem daherrasenden Rollfuhrwerk zu Boden geschleu¬
1934 265 3331 337 Besten; ich müsse dankbar sein: denn er habe mir einfach das Leben Meld
654 305 1932 367 dert. Der Junge erlitt außer einigen leichteren Kontusionen am
1933 314 3340 388 gerettet. Kurz und gut, man wollte mir einreden, Mattachich hätte eines
654 342 1932 424 Kopfe und in der Leistengegend eine tiefe Fleischwunde am linken
1945 361 3207 426 die Absicht, mich zu erschießen. Mit dieser Behauptung ist auch der
3202 366 3350 438 Bigal
648 389 1943 456 Bein. Der sofort hinzugerufene Arzt Dr. Schäfer legte dem
1933 399 3207 471 Kaiser getäuscht worden. Ich bin überzeugt, daß er sich nur
3213 425 3349 493 worat
655 413 1936 496 Verletzten den ersten Verband an. Ob der Knabe auch innere
2938 432 3210 507 Mir hat
654 484 2956 545 Verletzungen erlitten hat, konnte noch nicht festgestellt werden. deshalb den Haftbefehl hat abringen lassen.
3196 476 3340 554 tötete
665 493 3209 578 Da die Leiter des Wagens zur Anzeige gebracht sind, ist zu hoffen, auch Doktor Bachrach damals gesagt, der Kaiser habe geäußert, er
1934 520 3360 603 habe genug in seiner Familie erlebt, er wolle kein zweites Meyerling! zur M
651 565 1656 639 daß sie der wohlverdienten Strafe nicht entgehen.
3215 583 3368 651 woran
1935 586 3228 638 Im Separatzuge fuhr auch Doktor Hinterstoißer mit. Er hatte sein
745 583 1938 660 e. s. Feuer. Gestern abend 11 Uhr wurde die Feuerwehr
1934 620 3212 684 Gutachten über meinen Geisteszustand fertig bei sich. Auf dem
3214 630 3371 703 auch z
651 650 1939 717 nach der Nützenberger= bezw. Vogelsauerstraße gerufen. Dort war
1945 658 3210 730 Bahnhof in Wien hieß es, ein Palaiswagen sei da, um mich abzu¬
3218 686 3368 763 sind se
644 693 1934 751 ein hohler Baum in Brand geraten, den man in kurzer Zeit
1935 705 3216 786 holen. Da erklärte ich aber dem Dr. Bachrach, ich werde eher einen Skandal
653 739 1930 804 löschte. — Eine Stunde später ertönte nochmals Alarm. Im Nor¬
1947 751 3218 821 machen, werde mich lieber mit Gewalt in diesen Wagen heben lassen,
651 778 1941 848 den der Stadt bemerkte man einen intensiven Feuerschein am
3214 780 3372 871 Durchf
1949 791 3220 859 ehe ich freiwoillig einsteige. So wurde mir ein Fiaker bewilligt, und ich
660 826 1934 882 Himmel. Es brannte aber auf Nevigeser Gebiet. Die Feuerwehr
1938 838 3215 900 kam nach Döbling. — Sonnabend nachmittags zeigte die Prinzessin
3213 847 3369 917 wurde
650 864 1940 922 trat daher den Rückzug wieder an, und zwar um so „mehr,
647 907 3222 975 als bereits die Kohlstraßer Feuerwehr zur Brandstelte, dem Ges durch ihren Anwalt Dr. Stimmer dem Polizeipräfekten Lepine ihren
645 972 3222 1027 höft Settens bei Neviges, geeilt war. Man mußte hier die Dienste Aufenthalt und das Hotel, in dem sie Wohnung genommen hat, au;
3210 939 3380 1024 über 5
1950 973 3211 1038 und daß sie nicht die Absicht habe, sich in Paris vor der Polizei
662 987 1953 1052 der Kohlstraßer Wehr in Anspruch nehmen, weil die Nevigeser
3220 1005 3394 1072 proteste
656 1056 3217 1111 Löschmannschaften gleichzeitig am Dönberg in Aktion treten mußten, verborgen zu halten. In Abwesenheit des Präfekten, der beurlaubt
3222 1059 3398 1134 Missiol
653 1082 3218 1146 wo eine Scheune brannte. Nachdem die Nevigeser Wehr am Dön=sist, empfing iein Generalsekretär Laurent den Anwalt, und ließ der
3220 1111 3399 1154 Temuf.
660 1141 3228 1171 berg des Feuers Herr geworden war. ging sie auch unverzüglich! Prinzeisin für den Aft des Cenmeisie danken. Er fügte hinzu, die
662 1170 3233 1219 Saan die Bekämpfung des Größseners auf dem Gehö## Settens.cnPuc Polizei sel über ihre Fegeseihen und Wohnungwelellschen
661 1153 3288 1263 brannten neben ei#er vollgefüllten Scheune zwei Wohnhäuser voll=Tihrer Ankungt unterrichtet. Die Prinzessin könne sich in Parisich
1945 1226 3136 1287 vollkommen sicher fühlen, zumal die Polizei überzeugt sei. da
760 1239 1947 1313 die nieder Nur einige wenige Möbel konnten gerettet werden.
1954 1258 3157 1326 nicht die öffentliche Aufmerkiamkeit auf sich lenken wolle
768 1287 1955 1363 Nachbargebaulichkeiten waren stark gefährdet. Man vermutet
667 1306 3234 1409 Brandstistung. Die Kohlstraßer Wehr blieb bis heute früh. Polizei ist auch über Mattachichs Anwesenheit und Wohnort in
3218 1310 3391 1405 hoffunngt
661 1392 3235 1461 6 Uhr auf der Nevigeser Brandstelle.Heute mittag 12 Uhrl Paris unterrichtet. Mattachich erhielt von der Prinzeisin die
3223 1386 3386 1465 tung
656 1437 3223 1471 lentstand im Hause Untergrünewalderstraße 30 ein Mansardenbrand.= Erlaubnis, sein Gepäck in einem Zimmer des fünften Stockwerks
3224 1450 3374 1502 heute
657 1486 3224 1526 Die Feuerwehr war alsbald zur Stelle und bekämpfte das Feuer des Hauses, dessen ersten Stock sie bewohnt, aufzubewahren; er muß
3225 1487 3381 1543 folgend
1930 1478 3230 1555 aber nach der Abendmahlzeit, zu welcher er jedesmal ganz formell
662 1515 1211 1599 mit einer Schlauchleitung.
3225 1519 3381 1577 Wider
758 1563 2632 1607 e. 3. Das Polizeigefängnis beherbergte während der ver= geladen wird, das Haus verlassen.
3216 1563 3389 1618 torische
652 1583 1956 1661 sgangenen Nacht 12 Personen. Unter ihnen befanden sich drei Ob¬
3224 1608 3384 1657 strebun
3231 1647 3312 1696 Fra
2170 1618 3017 1725 Lette Telegramme.
674 1654 1468 1724 tdachlose und eine Mietgeldschwindlerin.
1158 1647 1894 1728 Burmen, den 13. September 1904.
2178 1697 2995 1779 Der russisch=japanische Krieg.
752 1691 1975 1790 b.— Preisgekrönt. Auf dem Gesangwettstreit in Mülheim am
675 1753 1969 1846 Rhein errang der „Orpheus“ von hier in der zweiten Klasse den
2028 1759 3231 1840 London, 13. Sept. „Daily Mail“ meldet vom 11. cr. aus
665 1798 1966 1860 dritten Preis, den zweiten Ehrenpreis und den zweiten Haupt¬
1962 1821 3233 1900 Tientsin (!), daß General Liniewitsch mit 50 000 Mann in Nordostkorea
3227 1805 3286 1892 901
669 1843 1957 1914 ehrenpreis. Der Rotter Männerchor erhielt in der vierten Klasse
3233 1884 3284 1929 je
1963 1872 3234 1946 eingerückt sei und die Verbindungslinie Kurokis mit Föng¬
672 1905 1076 1987 den ersten Preis.
849 1913 1961 2008 Obervarmer Badeanstalt. Die von dem Vorstand der
1959 1940 2743 2018 wangtschöng abgeschnitten habe. (??)
3236 1954 3342 2010 beiter
662 1978 1963 2066 Badeanstalt, A.=G., betriebenen Vorarbeiten zur Errichtung einer
2031 1968 3234 2053 London, 13. Sept. „Morning Post“ meldet, nach hier ein¬
3231 2002 3319 2052 für
669 2018 1966 2083 großen Bade= und Schwimmanstalt in Oberbarmen bezw. Hecking¬
3238 2033 3390 2105 erhalt
1961 2028 3232 2118 gelaufenen Nachrichten soll General Sassulitsch, der die russische
679 2058 1961 2142 hausen konnten derart gefördert werden, daß der Vorstand der
1972 2082 3233 2177 Armee südlich von Hunho kommandierte, mit 3000 seiner 5000 Mann
3233 2100 3370 2172 bruch
680 2105 1958 2191 Platzfrage nähertrat. Einer demnächst einzuberufenden außerordent¬
3233 2151 3381 2205 die Li
1963 2140 3238 2223 zählenden Truppen in japanische Hände gefallen sein, nachdem er
689 2147 1966 2232 lichen Generalversammlung der Aktiengesellschaft werden nähere
3228 2189 3378 2267 Häufe
685 2189 1960 2268 Mitteilungen über das Projekt sowie bestimmte Anträge zu seiner
1954 2196 3225 2284 schwer verwundet worden war. — Die Generale Zurubajew, Kontra¬
673 2251 1400 2328 Verwirklichung unterbreitet werden.
1974 2243 3232 2327 towitsch und Bildering sollen den Vormarsch Kurokis zum Stocken
3231 2248 3364 2323 von
846 2256 1974 2349 Städtisches Orchester. Das morgen in der Stadthalle vor¬
3220 2301 3363 2362 vorsd
1974 2324 2285 2401 gebracht haben.
682 2317 1970 2408 gesehene 44. Abonnementskonzert bringt, wie man uns schreibt, einen
3230 2347 3364 2402 nehn
681 2357 1962 2427 großen Walzer=Abend mit Kompositionen von Gunal bis Wald¬
2037 2354 3240 2436 London, 13. Sept. Nach einer Meldung aus Lianyang
3230 2388 3360 2438 Das
674 2395 1981 2476 teufel. Außerdem enthält das Programm noch: III. norwegische Rhapsodie
1974 2409 3243 2487 konnten die japanischen Offiziere nach sechsstündigem Kampfe ihre
3226 2434 3353 2489 und
677 2437 1975 2510 von Svendsen, Ouvertüre zu „Phädra“ von v. Massenet, Phantasie aus
1975 2468 3249 2545 Soldaten nicht mehr zurückhalten, es wurde fast die ganze Stadt
692 2484 1534 2571 „Der Tronipeter von Sätlingen“ von Neüler.
3242 2479 3354 2558 Kri
852 2488 1968 2579 Von einem Radfahrer überfahren wurde gestern mittag
1969 2520 3244 2600 geplündert. Es ist dies das erste Mal, daß die Japaner=so schwer
3230 2544 3364 2594 Brü
691 2554 1962 2641 in der Berlinerstraße das elfjährige Töchterchen des Restaurateurs
3243 2579 3355 2655 öffn
1969 2577 2557 2669 gegen die Disziplin verstoßen.
685 2599 1972 2676 Vogel aus der Kemnastraße. Es erlitt erhebliche Verletzungen
2033 2606 3249 2690 London, 13. Sept. In Liauyang spielten sich vor dem Abzug
681 2654 1972 2732 am Bein und Kopf. Wie uns mitgeteilt wird, trifft den Rad¬
3236 2637 3356 2706 nie
1967 2674 3240 2770 der Russen sehr peinliche Szenen ab. Offiziere, die von verschiede¬
3242 2690 3359 2749 Wo
688 2688 1499 2783 fahrer keine Schuld an dem Unglücksfall.
1346 2715 1529 2774 utn.
3242 2727 3356 2785 Ges
1979 2728 3244 2810 nen Niederlagen kamen, stürzten sich in Liauyang, als die Japaner
1468 2755 1533 2810 29
3243 2766 3360 2835 —
1066 2769 1167 2824 +
752 2765 1933 2866 Theater, Annst und Wissenschaft.
1976 2779 3247 2869 schon sehr weit vorgedrungen waren, in wüste Vergnügungen.
3246 2818 3352 2890 Loko
1057 2829 1635 2923 Stadttheater Elberfeld.
1973 2831 3248 2916 Am Morgen des großen japanischen Sieges wurden viele Sol¬
3236 2870 3357 2942 Rell
1502 2862 1914 2936 Elberfeld, 13. Sept.
1974 2887 3119 2980 daten und Offiziere an unwürdigen Stellen aufgefunden.
760 2902 1980 2992 „Der einsame Weg“, Schauspiel in 5 Akten von Arthur Schnitzler.
3251 2931 3340 3004 6917
2052 2926 3236 3007 Tokio, 12. Sept. (Reuter.) Ein ausführlicher Bericht des
1277 2969 1356 3005 rüh
685 2956 1982 3038 Durch eine herbstliche Landschaft führt der Weg, den Schnitzler in seinem
1973 2989 3261 3078 am 11. September (Mitternacht) in Tokio eingetroffenen Marschalls
687 2995 1978 3073 neuesten Schauspiedeinschlägt. Das Laub riefelt von den Bäumen und
688 3036 1972 3112 das einsame Menschenkind sucht abends fröstelnd das ungemütliche, wenn auch
1976 3043 3247 3137 Oyama gibt Auskunft über die Stellung der russischen Truppen
694 3075 1974 3148 luxuriöse Heim auf. „E ist nicht gut, daß der Mensch alleinsei“. Auf diese
1980 3097 3255 3179 in der Nähe von Jantai und Mulden. Eine bedeutende russische
694 3113 1978 3206 einfache Wahrheit des BibeUpruchs führt uns schließlich der einsame Weg, den
693 3138 1979 3243 im Drama zwei Männer beschreiten, die nie die Liebe kannten, die echte,
1979 3151 3251 3238 Kavallerie=Abteilung steht in Pintaitsu, etwa 24 englische Meilen
702 3172 1978 3275 auch zu Opfern bereite Lietg. Erst als es zu spät ist, suchen sie den
3243 3193 3347 3288 Nr
1984 3199 3253 3299 östlich des Bahnhofs von Jamai. Eine andere Abteilung hält Hilingtschai,
709 3225 1987 3313 Anschluß. Nun gelingt er ihnennicht mehr. Der eine hatte die Braut
1985 3268 3257 3344 nördlich von Pintaitsn an der Straße von Fuhao besetzt. Von
695 3262 1983 3343 am Tage vor der Hochzeit verlasseh, weil ihn plötzlich der Freiheitsdrang
3247 3285 3341 3358 N.
689 3306 1989 3380 (unwiderstehlich packte. Die Geliebtekist tot, aber die Furcht vor der Ein¬
1982 3314 3247 3392 Artillerie begleitete Kavallerie=Abteilungen werden in Hnangtschautin
706 3348 1988 3426 samkeit des Alters zieht ihn zu seinemgatürlichen Sohn. Der stößt ihn
1987 3350 3262 3446 an der Straße östlich von Mukden sowie in der Nähe von
702 3382 1987 3469 zurück. Der andere bricht physisch züsammen, als er sich spät eine
1989 3407 3263 3502 Kumentsuschan, welches von den Japauern besetzt ist, gemeldet.
713 3417 1977 3514 Gefährtin sucht. Diese aber wählt den Bad. Sie war wohl ebenfalls
700 3446 1991 3542 eine Einsame im Denken und Fühlen. Ganz klar sind uns übrigens
1985 3466 3272 3554 Kleine Abteilungen von Kavallerie befinden sich in Fantschiatun,
1189 3498 1980 3574 Handlungen dieses Paares beeinflussen,
701 3521 1205 3594 die Motive, die die
1996 3520 3267 3611 Kuschutzui und Mansukufu längs der Eisenbahn zwischen Jantai und
710 3536 1991 3617 gerade nicht. Es wird überhaupt ziemlich viel geheimnißt in dem
1987 3567 3267 3654 Mukden. Diese Abteilungen stehen offenbar miteinander in Fühlung
715 3574 1991 3654 Schnitzlerschen Stücke, ohne daß wir indessen geneigt sind, das einfach
703 3610 1988 3707 Unverständliche oder Paradoxe tief zu finden. Gewiß wirdeanches kluge Wort
1997 3626 3261 3720 und überwachen den Feind. Ein weiterer Bericht von der man¬
714 3661 1994 3745 gesprochen, aber die Sentenzen klingen auch wieder manchnel recht trivial und
1996 3670 3277 3768 dschurischen Armee beklagt sodann den Zustand der Nichtkombattanten
713 3684 1991 3766 eigentlich Bedeutendes ist uns nicht aufgefallen. (Wir kohnten allerdings
721 3717 1996 3814 infolge der undeutlichen Sprechweise der Schauspieler vieles nicht ver¬
1996 3733 3268 3830 in Lianyang. Obgleich die Russen auch an den Wällen Ver¬
722 3763 1991 3857 stehen.) Jedenfalls wird zu viel geredet in dem Stücke, besonders über
2000 3799 3277 3873 teidigungswerke errichtet hätten, verhinderten sie die Entfernung der
708 3809 2005 3912 Vergangenes, statt daß wir eine Entwicklung der Charakterekpor uns
717 3850 2003 3933 sähen. Der Hauptwert liegt in dem Stimmungsgehalt, dem aber
699 3829 3285 3998 die Aufführung noch mehr als die gestrige zu Hilfe kommen müßte, um ih voll Nichtkombattanten, von denen viele getötet und verwundet wurden. Die!
