3436 4384
601 243 1293 303 erwildering en edelmoedigheid, hoe
599 277 1286 335 trouwen op het mirakel, dat
603 311 1297 387 of van het volk, op elke bladzijde
595 354 1295 422 artituur uitspreekt. Zoo voelde cen
601 395 1175 458 4 aan omstreeks 1870.
618 429 1301 488 wiekslag van het genie heeft ied
615 473 1307 539 ze gisteravond van de eerste tot de
600 507 1308 569 t door de zaal hooren ruischen, Ik
609 541 1311 612 stil-in zitten sidderen van eerbied
604 589 1299 659 its groots, iets zoo mensche¬
629 637 951 692 200 aparts.
608 664 1302 720 vec opstellen ter voorbereiding van
615 706 1305 776 kan ik me de weelde gewgorloven,
1056 743 1309 799 wat zou ik
617 755 1049 817 en in vogelvlucht —
612 792 1305 856 dere maat verwijlen — de partituur
615 847 1312 920 rd vooraf. De kwestie det bewer¬
608 904 1319 968 Rimsky Korsakof — er zit heei wat
646 942 1316 1017 kan ik hier op dit oogenblik niet
629 979 1315 1049 Ik voor mij geloof, dat al moge die
629 1018 1319 1080 hier en daar aangrijpend zijn vol¬
620 1069 1321 1116 rs, het machtig instinctieve en groot.
706 1102 1315 1158 van Moussorgski, dat de inge¬
627 1137 1323 1193 ddellijk voelt, wordt er natuurlijk
629 1183 1328 1233 angetast. Wat de instrunnentatie be¬
620 1222 1325 1285 gewmad von den in dezen con¬
640 1257 1316 1314 n Rinisky is wel buitenge¬
639 1303 1317 1354 chitterend, bepaald doorfoo¬
634 1332 1317 1399 vonder van schoonheid en ongetwij¬
623 1369 1321 1431 orname factor, toch geloof ik niet,
634 1411 1338 1493 s zoodanig per slot een conditio sine
647 1485 1332 1538 Het klooster en het geknechte, ge¬
629 1526 1323 1585 er voor, Stil en fel muzikaal ge¬
627 1570 1323 1611 irect met de grootste en sterk ge¬
635 1602 1331 1663 reerde intensiteit van ultdruk¬
632 1643 1337 1701 ecretaris van een Doema krijgt cen
643 1678 1335 1735 ortret, dat we niet vergeten. Het
636 1723 1137 1780 kt wonderbaarlijk raak.
628 1759 1325 1828 min. Klokke-inleiding, cen zeid¬
651 1796 1335 1851 van stemming en modten (voor
642 1835 1339 1892 Hyrnne aan de Zon, cen verruk¬
642 1881 1329 1932 latuur en kunst ineen, een waur¬
641 1917 1332 1976 Ikshymnel De klokken erdoor.
631 1959 1343 2017 mieen! Boris, dadelijk in ons hart
649 1994 1345 2049 woord een stuk ziel in muziek. Een
645 2034 1342 2089 or ter verheerlijking. Het klinkt
642 2079 1164 2137 ndioos werioelijkheidsbeeld.
643 2100 1338 2170 driff. Pimen in kloostercel. We
659 2149 1333 2207 stemming. Het is wonder van so¬
655 2190 1331 2257 zuiverheid. Niets te veël (ja, dat
646 2241 1333 2291 yy wei, die tot ziin vrienden schert¬
640 2268 1340 2323 rei, toen Boris te Parijs werd uit¬
658 2307 1335 2364 lister, daar zit mijn heele Pelldas
654 2349 1336 2417 esprek der monniken: we leven
655 2390 1339 2451 nee, 200 verrassend overgl alles van
655 2427 1339 2483 ide natuur en waarheid en innig¬
675 2467 1337 2520 zadhte koor op den achtergrond,
659 2521 893 2574 nd hiertoe.
647 2546 1341 2599 eeld. Voor de herberg. Het lied
650 2589 1348 2637 bergierster, het Tartarenlied van
668 2632 1345 2690 ziin dronkemansdeuntje, de ont¬
659 2663 1337 2730 lles geest en humor, onvergelijke¬
659 2707 1335 2759 ertd tableau voor alle tijden! Groo¬
660 2757 1339 2815 dioz, de verwante. Elke noot met
660 2798 794 2844 verf.
660 2814 1341 2888 edrijf. De Tsarenkinderen met de
664 2863 1338 2925 nderzielen en gratie, oprechtheid
659 2909 1350 2968 vere karakters als zeiden van
667 2941 1345 3004 ver-muziekt zijn. Boris, de gefol¬
670 2979 1341 3034 zewetenswroeging, aanbiddend zijn
676 3019 1347 3083 Muziek, die bloedt, lijdt, zingt,
668 3054 1353 3113 lt, wanhoopt. Groot en grootsch!!
676 3101 1344 3165 ammer van de enormne coupure.
675 3141 1134 3201 1 de papegaai is uniek.
677 3175 1345 3250 rijf. Coupure = enorm verlies. Dan
695 3217 1352 3268 voorspel van dr Wage¬
666 3262 1350 3313 f aan Marina’s Mazurka. Schit¬
680 3299 1346 3362 map gemaakt, dit voorspel, op mo¬
676 3330 1357 3400 le later-Polacca. Liefdesacte met
681 3372 1347 3442 oolsche magnaten als intermezzo.
689 3412 1353 3476 summum van stemming en fiin¬
681 3449 1352 3524 ick en allerindringendste karakter¬
673 3490 1346 3554 tcen eenigszins heterogeen amal¬
680 3531 1346 3589 rkt. Ik geloof, hier is het meeste
675 3573 1351 3638 st. Oergeniaals wisselt af
687 3608 1351 3663 teckening. Maar fascineerend zijn
682 3649 1349 3709 Is gehcel. Treffend modern her¬
673 3689 1350 3749 chromatick en de belichtiig der
686 3729 1351 3793 allerscherpst. De hartstocht van
677 3781 933 3831 s brandend.
837 3800 1341 3862 De révolution en action.
685 3818 824 3871 driff.
686 3849 1359 3917 s cen volk zoo in de muziek in
689 3883 1357 3950 in getypeerd als hier. Het is gan¬
683 3929 1365 3988 in de levendigheid en natuur van
691 3964 1357 4035 als 't ware tot zichtbare muziek
732 4003 1355 4058 Idioot heeft Moussorgski's rijke
690 4046 1352 4097 Het is cen muzikale figuur voor
689 4078 1354 4149 n. 200 waar en die) en medelij¬
695 4127 1160 4184 nk. als deze muziek is.
696 4166 1359 4235 bede van het volk op den Tsaren¬
698 4214 1360 4265 en de verheerlijking van den ge¬
689 4245 1352 4300 nitri, de monniken met hun Do¬
1319 211 1859 279 1# denken W
1310 242 2206 305 zijn gezin, dat hif niet kent en zijn werk, dat
1317 293 2209 355 hem niet geheel voldoet; von Sala, die zich be¬
1324 323 2215 387 wust heeft nitgeleefd en als ook hij met leege
1320 360 2217 433 handen blijkt te staan vrijwillig den dood
1318 412 2224 460 zoekt; mevrouw Wegrath, wier leven op een
1327 441 2219 505 leugen gebouwd was (haar zoon Felix is de
1330 472 2217 549 natuurlijke zoon van Fichtner); Wegrath’s
1330 523 2212 580 dochter, die in een droom geleefd heeft en die
1342 567 2210 624 het werkelijke leven vernietigt; en Irene
1341 598 2213 675 Herms, de tooncelspeelster, liefhebbend maar
1329 635 2215 708 vereenzaamd, omdat zij geen kinderen heeft.
1372 689 2228 740 Felix Wegrath is volgens von Sala de be¬
1335 727 2227 780 lofte van cen nieuw geslacht (minder geest en
1335 758 2222 821 meer houding), die ten slotte den vader, die
1330 807 2220 881 hem verzorgd en opgevoed heeft, verkiest bo¬
1336 834 2219 908 ven zijn natuurlijken vader. En dan is daar
1334 873 2222 943 nog de dokter, de troostende en gevende fi¬
1332 911 2226 997 guur, die zii eenzaam leven leeft en anderen
1350 954 2222 1029 steunt, terwiil hij zelf zelden of nooit mag ont¬
1345 992 2233 1059 vangen; z00 verzet Johanna Wegrath zich te¬
1350 1042 2163 1115 gen ziln lietie, alsof hij haar ijand ware.
1383 1068 2225 1140 Schnitzler heeft „deze zeven menschen fot
1349 1108 2226 1176 levende figtren gemaakt, allen zoo verschil¬
1350 1147 2221 1218 lend en alleenstaand, terwijl hun levens toch
1346 1193 2235 1259 in die mate onderling met elkander verstren.
1349 1240 2232 1307 geld ziin en samengegroeid, dat zij als cen ge¬
1347 1269 2243 1342 meenschap amdsen. Hij heeft ze voor ons ont¬
1350 1318 2245 1381 leed in hun diepste wezen met de koelheid en
1352 1355 2239 1425 zekerheid ven cen chirurg, maar ondanks alle
1355 1384 2245 1454 objectivitelt, waarmede hij dit deed, hebben
1349 1419 2242 1487 deze zeven Jeesteskinderen van hem allen ern
1358 1456 2233 1534 gevoeligheid en warmte mede gekregen, die
1348 1502 2243 1576 ons nader tot de menschheid brengt, omdat
1346 1547 2231 1602 deze eenzamne figuren allen zoozeer de gene¬
1358 1571 2245 1651 genheld, de warmte en de liefde behocven,
1365 1619 2239 1685 waarmede zij als onverstandige kinderen spe¬
1349 1663 2245 1721 len, of waarmede door anderen gespeeld wordt.
1390 1704 2243 1761 Het verlangen naar minder geest en meer
1354 1737 2240 1798 levenshoudi###### uit jederen regel, en dit
1367 1786 2121 1844 verlangen Klikt mede als cen belofte.
1392 1823 2250 1881 Schnitzler most dit ziin beste tooneelstuk
1344 1852 2242 1920 achten en velen met hem. Maar wij zijn het
1357 1894 2251 1967 dan met die velenFallerminst eens. Het stuk
1354 1945 2242 2012 doet voortdurend an als litteratuur in dia¬
1359 1974 2249 2036 loogvorm, niet am tooneel en het is een einde¬
1365 2015 2251 2087 loos gemurmel van woorden, soms wel fijn en
1369 2056 2248 2125 soms wel Geffend, naar vermoeiend in hun
1366 2093 2248 2156 door geen utfe gestüiten stroom. Velen in de
1353 2132 2261 2205 zaal zullen gisterawünd cen zucht van verlich¬
1351 2166 2253 2232 ting hebben gesisakt, toen von Sala (Verkade)
1365 2221 2257 2284 200 tegen kwart voor twaalven zei: „Onze
1362 2256 1838 2326 dialogen zijn ten einds!?
1406 2287 2251 2348 We dachten onder de vertooning aan een
1358 2335 2253 2395 ander ook weitverauderd stuk van cenzaam¬
1356 2372 2253 2430 heid: Eenzame Menschen van Hauptmann, en
1360 2429 2266 2490 het aan den Schouwburg aangeslagen Eenzaam
1360 2455 2253 2511 van Fabricius. Aha. Dat is ander werk, geen
1360 2499 2265 2548 litteratuur maar tooneel, geen mededeelingen
1369 2540 2266 2596 van eenige op de planken stilstaande personen,
1368 2579 2262 2630 maar actie, handeling. Er hoeveel echter wor¬
1361 2612 2262 2669 den, zoodra er handeling is, de personen ook
1359 2648 2261 2723 op het tooneel. Nu moeten we meermalen den¬
1365 2688 2260 2758 ken: die Worte thörf ich wohl, allein mir fehlt
1362 2731 2258 2796 der Glauben, Heel, heel laat komen we tot de
1373 2769 2260 2830 ontdekking, dat wertoch eigenlijk den he len
1365 2806 2265 2867 avond naar war ploerten hebben zitten kijken.
1365 2859 2268 2926 Die schilder Fichtner (overigens door v. Dal¬
1371 2887 2263 2957 sum mooi gespeeld) kiest wel hiet geschikte
1365 2929 2263 2997 oogenblik uit  om Felix te vertellen, dat zijn
1375 2971 2263 3038 pas overleden znoeder cen misstap heeft be¬
1377 3011 2271 3078 gaan. En den S####mnoge dan den moed heb¬
1381 3048 2257 3118 ben er cen eind aan te maken, de wilze,
1365 3086 2265 3145 waarop hij het hysterische meisje Johanna in
1371 3136 2262 3187 het gezicht var den dood het hof maakt, is cen
1366 3169 2263 3223 even groote grofheid. Verkade speelt de rol
1367 3199 2258 3261 cynisch gendeg, wat te veel als „de Duivel“
1367 3245 2266 3295 en té opzettelijk „badinant avec l'amour“'. Hij
1380 3289 2266 3348 vraagt aan Johunna, als hij van haar weg zal
1368 3323 2261 3399 gaan: Kun je het dragen? op cen manier,
1375 3364 2262 3433 waarop een ander informeeren zou, of een
1375 3397 2263 3471 pakje niet te zwaar is. Nel Stants trachtte het
1369 3441 2265 3496 meisje zooveel leven te leven als mogelijk was.
1374 3486 2267 3538 Maar was het nu heusch wel noodig, met een
1381 3520 2272 3591 grafstem en ten hemel geslagen oogen te con¬
1388 3562 2266 3626 stateeren, dat de tuin zoo klein was, dat men
1374 3597 2273 3670 altijd weer op dezeifde plaats terugkwam? Ook
1374 3637 2267 3711 de figuur van den dokter wist Gilhuys niet
1366 3686 2265 3739 geheel duidelikte maken. Het best nog waren
1380 3724 2266 3776 Hans van Meertenais de bedrogen professor
1388 3757 2267 3815 Wegrath, Sara Heyblom als ziin vrouw en
1381 3807 2262 3859 vooral Elly Reicher als de tooneelspeelster
1383 3842 2269 3903 Irene Herms. Van het rolletje van Felix wist
1379 3879 2032 3940 Dick van Veen weinig te maken.
1420 3910 2269 3985 De décors waren mool, vooral in het vierde
1371 3957 1915 4025 bedriff: strak en suggestief.
1414 3993 2274 4048 De dames Stähts en Reicher en de heer van
1383 4045 1823 4111 Veen kregen, Bloemen.
1460 4150 2214 4229 LAATSTE BERICHTEN
1706 4251 1944 4302 „„ur##var
2280 337 2403 403 Belg
2278 390 2380 447 De
2243 428 2397 488 waar 5
2237 476 2376 526 Prins
2243 517 2394 577 telijke
2237 700 2405 762 gen—
2244 742 2413 798 onbeke
2251 789 2416 850 geblaze
2254 959 2411 1016 Nieuw-Al
2251 1010 2427 1070 Loch Go
2245 1104 2441 1167 Promethe.
2257 1152 2431 1210 Euryades
2256 1193 2418 1249 Perseus,
2255 1231 2413 1285 Lycaon,
2253 1333 2438 1390 Oostkerk,
2258 1433 2438 1496 Rijperken
2257 1544 2431 1603 Grotius,
2260 1592 2454 1656 Prinses Ju
2263 1689 2461 1750 Medan, tl
2258 1729 2459 1791 Kawi, th
2262 1836 2460 1895 Saturnus,
2274 1884 2463 1932 Orestes, 29
2274 1923 2442 1987 Riinland
2312 2021 2488 2087 FIEE
2309 2158 2471 2224 Plaatse
2281 2209 2477 2270 Wissel 4
2284 2259 2482 2312 qué 68.20
2281 2295 2471 2362 Berlijn c
2301 2415 2485 2476 AMSTES
2279 2466 2475 2520 2.55 7/8;
2288 2507 2467 2563 Bankp.
2291 2545 2500 2600 1.55—1. 60
2282 2589 2430 2639 Belg.
2287 2628 2505 2682 7.05—7.15
2288 2660 2479 2721 11.87 1
2285 2704 2490 2758 17.45; Prr
2288 2748 2497 2793 Italié 12½
2290 2786 2425 2844 Japan
2278 2822 2474 2878 0.00 3/4;
2300 2864 2456 2921 (cable)
2290 2902 2507 2970 98; Bocks
2284 3026 2493 3091 Algem. E
2282 3077 2502 3131 6 pct. H.
2282 3115 2507 3168 5 1/2 pet.)
2275 3155 2501 3214 Holl. Kug
2286 3193 2500 3258 5 1/2 pct.,
2300 3236 2503 3293 5 1/2 pct.5
2283 3274 2505 3323 Koloniale
2285 3315 2496 3361 Mocara
2295 3343 2531 3411 Pradjekar.
2285 3391 2499 3444 Simau M.
2289 3432 2516 3487 § 1/2 pet.
2289 3462 2524 3525 7 pet. Ob
2295 3509 2519 3571 7 pct. Ceg
2282 3550 2506 3606 5 1/2 pet.
2308 3582 2515 3644 6 pet. Juri
2310 3627 2520 3688 6 pet. Hy.
2295 3670 2517 3727 7 pet. Con
2301 3713 2509 3762 Argent. n
2293 3745 2527 3806 Bethlehem
2294 3788 2513 3842 4 1/2 pet.
2290 3817 2522 3885 4 pet. Car
2336 3868 2514 3925 pet. Cer¬
2291 3906 2523 3964 7 pct. Ch.
2327 3945 2503 4003 100 1/2.
2325 3984 2517 4039 12 pet.
2321 4021 2527 4081 pet. Chi“
2293 4066 2519 4123 5 1/2 pct.
2338 4105 2526 4159 pet. Cre
2318 4142 2531 4196 pet. Der¬
2287 4183 2530 4251 7 pet. Dep
2286 4223 2520 4286 53/4 pet.
