3392 4256
1156 292 1194 358 V
978 302 1034 359 m
304 290 1314 393 18. Der
225 1401 591 1491 NALYSE (fin)
212 1659 934 1737 hons dans nos ehemins solitatres, sans
229 1720 373 1775 vinés
224 1749 926 1819 hement pour son voyage d’exploration,
230 1815 932 1867 ar le jeune Félix. Mais ce projet n’est
215 1838 934 1904 Julian qui, surtout depuis la mort de
219 1897 932 1951 e plus en plus attiré par ce fils. II voudrait
226 1947 934 1992 er auprès de lui et l’empécher de partir
231 1981 928 2042 le vovage parmi des peuplades sauvages
226 2037 939 2085 tement sa peur le trahira. II révele son
224 2074 942 2138 n amour de jadis et sa liaison avec
231 2112 937 2173 voile toute la vérité à Félix, mais celui-#i,
229 2157 933 2219 an était son père, lui répond: &C’est
231 2204 929 2275 nque vous m’étes devenu plus étranger. „
230 2249 920 2316 hanna, devenue entre temps la maitresse
233 2315 930 2360 nier aprés-midi aupres de son amant.
223 2348 924 2414 ine du eri d’amour et de la détresse de
225 2391 799 2450 encé aussi par la mélancolie auto
229 2435 780 2501 n son voyage et lui propose le #
231 2483 700 2539 ige un moment ce bonheur,
238 2527 688 2581 ? Pouvons-nous seuleme
228 2570 608 2633 us qu'un lac ne saurait
227 2613 575 2674 hirée. Des visiteurs
225 2657 616 2723 nts. Et quand, apres leu
223 2707 534 2769 ande tristesse l’en
237 2746 591 2809 rce lac perfide qui
229 2795 572 2856 nos ccrurs ne saven
246 2878 604 2951 Affolés par la dispa
845 2932 936 2978 stère
234 2933 640 2998 Wegrath Cherchent à &c
801 2974 937 3026 idé Jui¬
233 2980 689 3042 erche ne sera pas longue.
761 3015 951 3077 assé et le
234 3018 728 3076 n pour révéler ce qui s’est
226 3063 951 3123 aitresse. Et, au grand effondrement de
229 3105 953 3170 hrrachera définitivement son fils Félix qui
233 3146 956 3211 de celui qui se croit son père et à qui,
236 3200 759 3269 ar un grand chagrin commun.
1456 284 1933 371 box 23/5
1678 1408 2502 1488 Le Cabotinage des Amateurs
2005 1539 2193 1595 Mmmmm
1585 1766 2649 1821 Dans un temps et dans un pays ou tout le monde
1550 1815 2651 1870 joue la comédie, qu'il nous soit permis de saluer ici la
1545 1864 2655 1908 troupe immense des amateurs qui posséde, affirment
1560 1901 2661 1952 les gens du monde les mienx informes, des ressources
1555 1946 2656 2004 insoupçonnées et des talents inouis. C’est an point
1548 2000 2654 2047 qu’on se demande puisqu’il est entendu que les Con¬
1558 2042 2649 2091 servatoires, et en particulier celui de Paris, sont inca¬
1554 2077 2649 2139 pables de lormer des artistes, pourquoi la Comédie¬
1558 2132 2659 2173 Française, 1’Odéon et tous les théätres, ne recrutent
1551 2177 2657 2223 pas parmi les amateurs ces acteurs nonveaux que
1560 2211 2662 2258 chacun espère et qui auraient d’autant plus de génie
1554 2266 2654 2315 qu'ils auraient moins de talent, ayant négligé d’ap¬
1550 2301 2650 2353 prendre leur métier. Qu’il y ait parmi ceux ou'on
1559 2358 2650 2398 désigne sous les titres flatteurs d’intellectueis ou
1553 2393 2648 2445 d’universitaires, des hommes et des semmes capables
1558 2431 2662 2469 avec un pen de pratique, de bien jouer la comédie,
1549 2487 2660 2533 c’est incontestable et ce n’est méme pas trés éton¬
1560 2530 2648 2576 nant: une culture générale, une éducation soignée,
1550 2569 2663 2611 le commerce quotidien avec les auteurs classiques et
1554 2608 2657 2647 modernes, la fréquentation des beaux spectacles pari¬
1564 2651 2655 2702 siens, constituent une préparation qui équivaut lar¬
1555 2690 2654 2745 gement à deux on trois années d’études spéciales et
1554 2740 2653 2781 nous connaissons quelques e gens du monde v, mais
1553 2782 2648 2828 à la verité fort peu, qui, non seulement ne dépare¬
1559 2828 2660 2869 raient pas une troupe célebre, mais en rchausseraient
1562 2871 2665 2922 l’éclat, ils sont, par-dessus le marché, modestes et
1553 2920 2657 2957 les seuls à ne pas croire à leur talent. Mais nous
1560 2970 2663 3012 en connaissons d’autres dans le mème monde, et
1560 3001 2657 3044 ceux-lä se nomment légion, dont la naiveté bat tous
1559 3047 2658 3092 les records et dont la présomption donne une idée
1552 3094 2660 3144 assez exacte de l’infini. IIs prêtent, selon la formule
1553 3142 2666 3186 consacrée, leur concours gracieux à toutes les bonnes
1568 3179 2663 3234 ceuvres, ils jouent pour toutes les croix-rouges et
