3392 4256
1396 203 1880 333 box 23/5
237 226 1275 341 18. Der einsane Neg
1770 1372 2025 1459 PDre 100111.
3079 1347 3282 1483 agl. 10:11
1298 1353 1768 1486 — — Adlo-Reigen.
260 1382 1298 1501 mur Vogelius idemt 18 Mauneuers 1gymnastik.
1746 1410 1977 1500 Ikestret.)
3237 1423 3331 1495 k
2488 1378 2885 1488 Lund-Serensen.
259 1558 3343 1650 Kontor, er i sig selv rasende grinag- virker serlig oplivende paa tilfseldigt Budapest og New York. Det er over-Thenad Klokken 9, lige naar de treiNe
249 1636 3336 1715 #tig. I de felgende tre feres en net tilstegeverende Skandinaver. -Mo-sat til Norsk af Fru Oda Andersen.Slag i Gulvet endelig forkynder Fore-8
259 1681 2507 1767 lille Elskovsintrige paa en let og mun-ralene (om man saa ter sige) er den,For det dramatisk zet noget sendrag¬
2503 1697 3338 1788 stillingensBegyndelse. Skuespiller-ge
261 1755 1028 1833 ter Maade til en lykkelig Afslutning.
1024 1759 2457 1850 at hver enkelt lagger det ind i Sam-tige Danmark eksisterer det ikke.
2493 1749 3346 1848 ne er saa Pokkers dygtige. Og deCh
254 1818 1021 1876 Og endelig — hvad der jo er uhyre
1014 1814 1780 1890 veret, som han ensker, skal vere der.
2493 1816 3328 1892 kan deres Roller paa en Maade, som hv
259 1876 1025 1949 tgvigti for Nordens dydige Metropo¬
1019 1878 1781 1946 Kobekerlighede beror paa en Illu¬
1786 1838 3345 1949 Gantilions sergmodige-Mayas erlingen dansk Skuespiller nogensinde dr#
255 1922 1040 2028 ler: Stykket er ikke Spor af uartigt.
1019 1925 2521 2031 sion; betegnende nok kalder Parise-Itrods Emnet i Virkeligheden ganske
2502 1934 3348 2018 har dromt om. Noget nyt var det, at H
1005 1974 1783 2069 ren ofte et Bordel for une maison
1757 1993 2508 2064 uden Pikanteri. Nej, Pariser-Pikante¬
2510 1994 3333 2067 Mellemaktsmusiken leveredes pr. im
1013 2054 1768 2130 d’illusion, et Illusionshus. Pigen fe¬
2505 2039 3283 2146 Heitialer fra et Radio-Orkester. Var
1763 2052 2517 2132 riet finder man f. Eks. i elegant Form
290 2058 1022 2170 Det vil mange derimod nok kalde
1021 2117 3338 2182 rer en Art passiv Tilverelse som pla-|i Edouard VII’s Teater, hvor Sacha det ikke et Eksempel til Efterfelgel- be
255 2163 1021 2224 Simon Gantillons -Mayat, et Skuespil
1016 2175 2522 2243 stisk Materiale for Mandens Lyst Guitry og den henrivende Fronne
2498 2171 3345 2252 se derhjemme, hvor Teaterdirekterer-st
250 2219 1032 2293 1 ni Tableauer, omsluttet af en Pro¬
1018 2229 2516 2294 Hvad hedder du?e sperger en Se-|Printemps spiller i-Le mari, la fem¬
2509 2223 3340 2311 ne efterhaanden alle saa vidt muligt h#
256 2278 1019 2362 log og en Epilog. Allerede i Fjorhav¬
1010 2277 1772 2374 mand. -Hvad du vil,e svarer Skegen.
1768 2289 3270 2369 me et l'amant-; (-Manden, Konen ogihar afskaffet Orkestrene med den Mo¬
256 2336 1019 2423 de man henledet min Opmerksomhed
1026 2356 1777 2432 Hvem er du da?e — Hvem du vile.
1750 2359 3336 2420 Elskerene), Det er den beramte -Tre-Itivering, at Musiken er for dyr og he
264 2389 1046 2480 paa dette Stykke, og jeg var ked af,
1041 2410 3335 2475 Man forstaar allerede af disse An-kant-; og det er pikant, allerede fral Orkestermusikerne for vanskeligt et fo#
255 2461 1769 2550 at jeg ikke naaede at se det. Det tydninger, at dette Stykkes Omplant¬
2504 2468 2921 2560 Folkeferd at tumle.
1758 2470 2520 2553 Titlen, men det maa indrommes, at
263 2515 1033 2595 gjorde imidlertid ikke noget; for da
2830 2518 2944 2599 *
1009 2524 2522 2604 ning paa dansk Grund maa siges atdets Pikanteri er saa slebent og raf¬
253 2577 1026 2646 jeg kom igen i Aar, gik det endnu.
2542 2557 3343 2673 Til disse let skitserede Teaterople-ha
1025 2569 2527 2675 vere yderst problematisk; dog var der fineret, kortsagt saa parisisk eller 1
265 2641 1024 2698 Bare overflyttet til det lille intime
2513 2636 3337 2722 velser kan jeg feje: En Mensterop-m
1021 2644 1772 2726 en Mulighed for, at en Scene som Bet¬
1755 2650 2521 2719 videste Forstand fransk, at man maa
253 2697 1770 2782 Théatre de l'Avenue. Det er en aflty Nansen-Teatret kunde tage det op
2507 2704 3334 2773 ferelse af Puccinis -Toscas paa Opera ha
1754 2708 2520 2772 hedde Pinstrup eller Fredebe for at
258 2746 2515 2845 disse sejglivede Sukcesser, der varerlog give dette Passionsspil om Nuti-Iforarges. Sacha Gultry, den beremte
2513 2771 3344 2848 Comique, indledet m.d -Cavalleria- ( h
259 2811 511 2891 1 Aarevis.
2512 2816 3339 2908 laset Udstyr!); det er en Forestilling) og
980 2816 1777 2900 dens triste Hetere den rette kunstne¬
1758 2821 2520 2901 Luciens Sen, har nu 1 Lobet af 24
2511 2877 3281 2960 fra 8—12. Sangligt overgaar den
288 2882 1767 2951 Meget muligt, at denne Rekordsuk-Triske Alvor. Fra Forfatterens Side
2507 2934 3342 3028 smukke Sibille ikke — eller neeppe sa
259 2919 2519 3019 ces tildels skyldes ganske ukunstne-synes der ikke at ligge nogen -Spe-Masse af dem har han selv spillet Ho¬
2501 3007 3328 3068 — vor egen Tenna Kraft; derimod H-Te
1762 3001 2525 3085 vedrollen. At han ikke er blevet tos¬
262 3000 1763 3069 riske Aarsager. Skuespillet handlerkulatione i det; han har behandlet
2505 3058 3340 3151 luderer hun ganske som fesende Tel
1754 3058 2509 3135 set, er nasten ikke til at forstaa.
2509 3107 2826 3198 Verdensdame.
1776 3121 2519 3194 Det er altid en udsogt Fornejelse at
252 3111 1785 3193 gaar fra ferst til sidst i et Havne-kan neppe siges at kranke Blufar¬
2519 3140 3331 3254 Af de store Udstyrsrevyer har jeg sa
254 3182 2533 3278 bordel: Marseille. Alle de forskelligedigheden. -Mayas er forelebig spil-se en Forestilling 1 dette hyggelige
2516 3232 3279 3308 valgt at se den, hvor Hovedpersonen
257 3239 2521 3319 Typer, der seger Maya, passerer Re-let 1 Berlin, London, Rom (og andre lille Teater, som Englaederne og
240 3300 3297 3400 Jy; en norsk Semand fra Tromse IItalienske Byer), Varschaw, Wien,  Amerikanerne eisker at drive ind ilmerkvardigt nok er et Mandfolk:
