3436 4224
262 213 1269 303 18. Neg
260 435 1034 526 schnitt aus: Die Zeit, Wien
483 515 759 600 20fE319/4
284 606 787 689 S
461 707 1174 802 Cheater und Kunzt.
642 811 963 888 Burgtheater.
563 872 1028 939 „Der einsame Weg.“
319 915 1267 994 (Schauspiel in fünf Akten von Arthur Schnitzler.)
342 988 1267 1051 1—d Dieses Schauspiel ist unseren Bühnen längst
319 1023 1261 1096 nicht mehr fremd. Brahm hat es vor Jahren nach
317 1079 1262 1147 Wien gebracht und die Kunst Bassermanns hat
310 1125 1261 1180 ihm damals große Eindringlichkeit gegeben.
320 1175 1269 1231 Mehr als ein Jahrzehnt ist vergangen, seitdem
318 1214 1272 1260 es der Dichter zum erstenmal hinausschickte; aber
314 1263 1257 1317 es ist in dieser Zeit nicht älter geworden. „Der
315 1303 1261 1353 einsame Weg“ ist die leere und kalte Lebensbahn,
317 1342 1255 1403 die die sorglosen Wege eines nur von sich
306 1390 1255 1438 selbst erfüllten Lebens ablöst: das Alter des
308 1432 1258 1494 Egoisten. Den müde gewordenen Mann schildert
302 1479 1253 1532 das Drama, der nun nach einem Halt in seinem
311 1517 1271 1575 wurzellosen Leben sucht und ihn in dem Kind
310 1569 1260 1618 einer längst erloschenen Jugendliebe zu finden
297 1611 1257 1674 hofft. Aber der Jüngling weist ihn zurück; er
304 1647 1252 1718 fühlt als seinen Vater den, der ihm sein Leben
306 1696 1269 1754 aufgebaut hat, nicht den, der es ihm schenkte.
313 1732 1259 1801 Und der Stille, Unscheinbare siegt über den
298 1783 1261 1848 genialischen, faszinierenden Menschen, weil
299 1823 1265 1899 Ernst, Güte und Treue siegen müssen. Denn sie
302 1870 964 1931 sind die lebenerhaltenden Kräfte.
342 1909 1261 1969 Ein Vater fordert vergebens sein uneheliches
306 1948 1262 2026 Find für sich. Das ist ein Stoff französischer
295 2003 1268 2066 Effeklkomödien, ein altes Requisit unserer
297 2035 1263 2097 Bühnen. Sonnenthal hat diesen Sohn sehr
297 2092 1261 2135 oft reklamiert und der jeweilige jüngste Lieb¬
290 2136 1250 2192 haber des Burgtheaters hat ihm mit der großen,
290 2175 1255 2235 abweisenden Geste geantwortet. Aber niemals
291 2221 1263 2284 hat sich das alchimistische Geheimnis der Kunst
298 2262 1257 2329 schöner gezeigt als hier: das Geheimnis, aus
300 2305 1258 2375 dem Gemenge unedler Stoffe das leib¬
297 2342 888 2408 haftige Gold aufglühen zu
937 2357 1253 2419 sen. Und die
290 2384 891 2462 menschliche und geistige Fillle
942 2400 1253 2462 Werkes läßt
294 2443 1246 2491 alle Einwände vergessen. Gewiß, es hat zu
284 2485 1252 2547 wenig sinnliche Lebendigkeit, um auf der Bühne
290 2526 1250 2598 recht zu wirken; es lebt sich, um sein geistiges
293 2568 1251 2633 Problem so reich als möglich zu gestalten, in
287 2614 1244 2665 wei Schicksalen aus, die keine dramatische Ver¬
282 2648 1251 2717 knotung haben. Das alles ist wahr. Aber ebenso
273 2699 1262 2763 wahr ist es, daß ein solches Werk die Bühne adelt
1420 202 1875 299 box 23/4
1288 699 2241 758 und wir uns mit Stolz seines Besitzes erfreuen
1297 737 1451 794 dürfen.
1319 783 2246 847 Das Drama stellt eine große Forderung an
1280 808 2248 892 die Darsteller: die Kunst, dem Wort die geistige
1284 868 2237 940 Bedeutsamkeit und doch die fließende Natürlich¬
1286 913 2232 964 keit des Gespräches zu geben. Frau Bleib¬
1278 955 2234 1006 treu und Herr Paulsen haben diese Kunst
1284 999 2245 1048 gestern bewundernswert geübt. Auch an der
1283 1040 2252 1099 warmen Jugend Gerasch', an der stillen Herz¬
1283 1088 2237 1130 lichkeit der Frau Haeberle und der intelli¬
1281 1128 2234 1195 genten Art des Herrn Herterich konnte man
1291 1180 2247 1234 Freude haben. Dann aber kam ein ganz
1287 1210 2239 1279 fremder Ton in das Spiel: Fräulein Wohl¬
1290 1260 2231 1307 gemuth schwärmte wie weiland Elsa von
1280 1300 2220 1362 Brabant und Herr Devrient irrte in den
1288 1347 2211 1407 ältesten Erinnerungen burgtheateriger Rhetorik
1284 1402 2223 1450 umher. Herr Walden aber war wie immer:
1285 1436 2219 1499 sehr klug, sehr sorgfältig, sehr liebenswürdig
1278 1491 2222 1550 und gar nicht interessant. Und er hatte die
1278 1525 2225 1581 interessanteste Rolle des ganzen Stückes in
1286 1563 2214 1625 seinen eleganten Händen. Das Publikum
1284 1614 2218 1678 grüßte den Dichter oft vor der Gardine; viel¬
1274 1659 2161 1725 leicht mit mehr Respekt als Enthusiasmus
1279 1694 1531 1764 dieses Mal.
2289 1020 2690 1085 Husschnitt aus:
2653 1022 3226 1116 Lakstreries Wiener Ezirablan
2855 1091 3027 1157 Wien
2310 1128 2457 1182 vom:
2451 1139 2767 1228 S
2398 1201 3077 1300 Theaterzeitung.
2338 1293 3228 1346 Hofburgtheater. Im Mai des Jahres 1906
2246 1342 3211 1380 wurde Schnitzlers Schauspiel „Der einsame
3115 1374 3219 1420 Von
2240 1368 3093 1421 Weg“ im Theater an der Wien aufgeführt.
2250 1412 3215 1455 einem Ensemble des Berliner Lessing=Theaters. Otto
2248 1448 3218 1491 Brahm und seine Künstler — Else Lehmann, Albert
2242 1488 3216 1539 Bassermann, Sauer, Reicher und Marr — kamen
2242 1527 3223 1582 nach Wien und vermittelten dem hiesigen Publikum
2236 1569 3214 1616 die Bekanntschaft mit dem Werke eines öster¬
2604 1595 3220 1648 mit der Schöpfung eines Wiener
2246 1598 2602 1656 reichischen Dichters,
2236 1648 3219 1687 Poeten, der als stolzer Besitz dieser Stadt gilt. Es
2221 1669 3231 1734 dauerte nahezu acht Jahre, bis das Hofburgtheater
2236 1715 3225 1753 den „Einsamen Weg“ seinem Repertoire einverleibte.
2227 1751 3218 1816 Wieder war es dem provisorischen Leiter vorbehalten,
2236 1788 3218 1838 gut zu machen, was definitive Direktoren ver¬
2231 1823 3220 1872 säumt hatten. So hat sich Hugo Thimig
3118 1866 3227 1911 Wir
2221 1864 3085 1918 sauch um Frank Wedekind bekümmert.
2223 1906 3219 1956 haben nach der Première von Schuitzlers Schauspiel
2231 1940 3223 1986 im Theater an der Wien ausführlich dieses Drama der
2243 1985 3231 2029 skrupellosen Selbstsüchtler und der verwundeten Ein¬
2232 2016 3225 2055 siedler gewürdigt, uns mit den gestellten Problemen be¬
2230 2052 3229 2103 schäftigt. Wieder handelt es sich um Liebe und um
2234 2091 3220 2144 Tod. Menschen werden gezeigt, die kein Recht haben,
2230 2131 3224 2180 vom Leben etwas zu begehren, weil sie nicht
2231 2170 3225 2225 imstande oder nicht willens sind, von der eigenen
3004 2204 3228 2255 die Liebe
2224 2222 3003 2269 Persönlichkeit zu spenden. Geschöpfe,
2238 2245 3220 2302 heischen, Wonnen einkassieren möchten, selbst aber
2808 2283 3225 2335 Sind es wirklich
2231 2281 2782 2338 jedes Opfer verweigern.
2243 2322 3229 2375 Menschen, die der Dichter auf der Bühne vorführt?
2233 2355 3237 2402 Sind es nicht Symbole, die er im Halbdunkel der
2235 2395 3225 2444 Szene auftauchen läßt? Einsame Wege sind die
2230 2428 3235 2482 letzten Stationen der Genußmenschen. Einsame Wege
2239 2479 3141 2529 ziehen die künstlerisch hochbegnadeten Naturen,
2238 2521 3123 2566 keinen Gefährten bekommen, ihn verschmähen
2242 2548 3138 2598 dem Wege zur Höhe. Zu einsamen Wegen sind
3130 2581 3233 2642 Vor
2243 2597 3121 2641 Kranken und die alternden Menschen verurteilt.
2243 2627 3224 2675 acht Jahren brachte das Wiener Publikum der
2692 2663 3229 2718 erfüllten Dichtung tiefes
2241 2668 2686 2734 von feinstem Geiste
3080 2690 3223 2750 späten,
2237 2699 3078 2756 Interesse entgegen. Gestern bei der
2994 2734 3229 2791 Burgtheater
2229 2737 2992 2793 nicht verspäteten „Première“ im
2234 2771 3241 2831 blieb die Teilnahme gespannt bis zum Schlusse. Man
2236 2813 3234 2865 rief den Dichter immer wieder vor die Rampe und
2248 2854 3231 2903 hieß alle Bedenken schweigen. Vielleicht wäre der
2240 2904 3237 2957 Eindruck noch tiefer gegangen, hätten die Darsteller
2245 2925 3239 2987 nicht einen zu sachten Sprechton angeschlagen. Sehr
2244 2970 3235 3022 oft zerflatterten die Worle in dem Raume. Frau
2235 3006 3229 3067 Bleibtren war die Beste von allen. Man kann
2242 3041 3231 3090 die Schauspielerin Irene, deren Sonne im Sinken ist
2238 3086 3234 3141 und die vom Publikum nichts mehr wissen will, un¬
2985 3107 3248 3172 Das war
2242 3120 2956 3162 möglich besser, lanniger geben.
2242 3163 3255 3216 eine Gestalt aus dem Vollen, übergossen von
3004 3196 3238 3245 norddeutsch
2242 3208 2940 3246 wienerischen Lichtern. Sonst ging
2239 3245 3239 3290 zu in dem Stücke, dessen Schauplatz: Wien ist.
2246 3284 3239 3322 Die verschiedensten Mundarten wurden lant. Harry
2244 3324 3241 3356 Walden gab den Sala ohne jede Blutwelle. Er
2240 3343 3234 3394 fand lange kein rechtes Verhältnis zu seiner Aufgabe;
2257 3385 3246 3444 erst im letzten Momente konnte er mit seiner virtnosen
2260 3422 3243 3471 Sprechkunst Funken aus der Rolle schlagen. Dieser
2250 3463 3243 3512 Sala ist der Ichmensch, der schließlich ins Leere
2250 3496 3232 3546 greift; ein Gezeichneter des Todes, der allein die
2250 3539 3220 3592 dunkle Straße gehen muß. Und der zweite Isolierte ist
2253 3576 3233 3626 der Maler Julian Fichtner, mit dem Devrient
2257 3618 3227 3666 nichts anzufangen wußte. Das war nicht der Mann,
2255 3656 3231 3695 der die Weiber berückt. In die Erzählung seines
2255 3683 3234 3734 Liebesromanes floß kein warmer Ton hinein. Fräulein
2247 3728 3233 3777 Wohlgemuth brachte für die fatale Fiaur des
2218 3754 3208 3841 hysterischen Mädchens, das an Seelenwanderung
2210 3815 3216 3878 glaubt, ihre gute schauspielerische Erziehung mit.
2222 3856 3199 3914 Herr Paulsen vermenschlichte die Gestalt des
2223 3893 3198 3944 Akademiedirektors und machte sie wertvoll. Herr
2223 3928 3211 3989 Gerasch gab den Leutnant frisch, schlicht, mit
2209 3964 3226 4009 echtem Empfinden. Das Publikum verstand alle Ab¬
2205 4008 3212 4070 sichten des Dichters und folgte ihm gerne, selbstauf
2212 4039 2959 4100 gewundenen Wegen in sein weites Land.
