3436 4352
1022 390 1111 463 W
1374 390 1822 479 box 23/1
211 396 1246 488 18. Der einsäne neg
328 570 2916 697 genannten, „Schlachtenlenker“, halten den Leser fest, locken ihn zu der Tanzschule Kubitschek (Hotel Savoy), Hausbau (Stalehn..
1724 618 3115 708 tag den 26.: Komiteekränzchen des deutschen Schulvereins für den
321 653 1730 722 phantastischen Träumen und erschweren dadurch dem Schauspieler,
1733 670 2797 739 und 7. Bezirk (Hotel Savoy), Maskenball (Wimberger).
320 706 1730 764 dem Regisseur die Aufgabe über alle Maßen. Das ist ihr Gentein¬
1933 728 1986 769 1
322 745 1734 811 sames, doch auch ihr einziges Gemeinsames. Sonst unterscheidet sich
330 809 1730 860 die dreiste Groteske, welche den Sieger von Lodi als Hahnrei,
335 848 1747 912 Damenfreund und Komödianten zeigt, grell genug von der weihrauch¬
323 872 1742 955 umhauchten, tiefsinnig=frommen Klosterlegende. Maeterlinck hat
327 929 1743 996 den lieblich frommen Sinn der Legende mit zarter Poetenhand
333 997 1742 1047 hell und buntfarben erleuchtet. Doch ein Schauspiel von großem und
325 1026 1745 1107 gewaltigem Menschenschicksal ist es nicht geworden. Nur zuletzt rührt
330 1069 1756 1133 uns Beatrix ans Herz, nur zuletzt, als sich die Sirene in furchtbarem
333 1124 1743 1187 Schreien unterm verwüstenden Schritt des Lebens windet. Das Buch
1870 1060 2060 1221 8
337 1164 1756 1229 gibt da mehr her als das Theater. Es löst Formen und große Ge¬
2955 1190 3153 1288 6763
324 1203 1756 1277 danken aus, die sich schämen, in Gegenwart von tausend hustenden und
1982 1197 2967 1331 Schreibmaschine
334 1261 1740 1325 krächzenden Menschlein hervorzutreten. Diese Menschlein denken ja
336 1301 1749 1363 doch nicht an den teuren Heiland und des Heilands unendliches Er¬
1744 1298 3151 1385 auf Kugellager mit sofort und dauernd sichtbarer Schrift und automatiso
2030 1353 2880 1434 functionirendem Deeimal-Tabulator.
330 1356 1746 1420 barmen, sondern denken bereits an das Souper, an Hummern und
328 1407 1740 1466 deutschen Sekt ... Aufführung und Bühneneinrichtung verdienen so
1751 1386 3157 1490 Grösste Durchschlagsfähigkeit. Beste Referenzen.
330 1454 1742 1517 hohes Lob wie ein mit seinem Lob sparsam umgehender Kunstfreund
1758 1466 3164 1572 General-Repräsentant für Hch. Schott & Donnath
340 1491 1746 1562 irgend aufbringen kann. Sie machten ein Weihespiel aus dem
2198 1532 3162 1640 — Wien, III., Heumarkt Nr. 9.
338 1547 958 1630 Maeterlinckschen Opernlibrett.
1789 1546 2204 1606 Oesterreich-Ungarn:
448 1576 1749 1650 Von Bernard Shaw und seiner frechen, nur allzu breiten
2091 1627 2846 1697 Aus dem Gerichtssaale.
336 1628 1752 1705 Napoleonfarce wird sich sprechen lassen, nachdem die „Candida“ des¬
338 1687 1345 1761 selben Verfassers über die Bretter gegangen ist.
1906 1678 3162 1756 (Ein schwerer Unfall.) Am 16. November v. J. ereignete sich
1086 1715 1706 1802 Richard Nordhausen.
1747 1725 3164 1799 gegen 8 Uhr abends in der Neulerchenfelderstraße ein schwerer Unfall. Der
1754 1756 3173 1836 69jährige Eßzeugputzer Martin Soukup stand am Gehweg, wurde von dem
1751 1795 3157 1866 Trittbrett eines daherrasenden, mit zwei Pferden bespannten Phaetons erfaßt
827 1797 1266 1882 Militärisches.
1748 1844 3171 1914 und einige hundert Schritte weit mitgeschleift. Soukup erlitt schwere Ver¬
451 1846 1749 1928 (Korpsoffiziersschule.) Korpskommandant G. d. K. Graf Uex¬
1756 1877 3158 1955 letzungen, an deren Folgen er bald darauf starb. Der Kutscher des Phaetons
341 1911 1744 1986 rükl=Gyllenband wird am 27. d. dem Unterrichte in der Korps¬
1751 1912 3163 2002 wbar davongefahren und konnte nicht eingeholt werden. Erst Mitte Dezember
1749 1953 3165 2045 wurde der mutmaßliche Täter in der Person des ehemaligen Geschäftsführers
342 1972 847 2021 offiziersschule beiwohnen.
1758 1989 3164 2056 Emil Brandl eruiert und zur Verantwortung gezogen. Zeugen hatten nämlich
976 2041 1743 2105 Vergé -Zigarettenpapier
1754 2031 3157 2105 angegeben, daß Brandl am 16. November mit einem zweispännigen Wagen
1756 2067 3169 2146 sehr rasch durch die Neulerchenfelderstraße gefahren sei und den Unfall ver¬
1749 2119 2175 2182 schuldet haben dürfte.
344 2104 1756 2207 „20 Deliee Vergé- Zigarettenhülsen
1870 2132 3165 2203 Gestern hatte sich Emil Brandl vor einem Erkenntnissenate unter
1116 2186 1743 2258 In allen Trafiken zu haben. 1000
1750 2166 3169 2237 Vorsitz des Vizepräsidenten Dr. v. Böhm=Bawerk wegen Vergehens
1482 2221 1645 2295 K
1767 2215 3171 2285 gegen die Sicherheit des Lebens zu verantworten. Die Anklage vertrat
1023 2211 1199 2291 K
599 2183 911 2304 Seheensnen
1768 2262 3155 2326 Staatsanwaltssubstitut Dr. Schulz, als Verteidiger fungierte Doktor
473 2278 1611 2368 Vergnügungs=Anzeiger.
1770 2318 2097 2384 Wachsmann.
1860 2329 3171 2391 Der Angeklagte erklärte, er habe Soukup nicht überfahren und wisse von
455 2347 1766 2422 (Im „St. Annahof“) wird Komiker Adolf Wollner heute auf¬
1769 2363 3166 2433 dem Unfall überhaupt nichts. Er war wohl zur kritischen Zeit mit einem
348 2400 1761 2478 treten. Das Programm der Kapelle des Infanterie=Regiments Nr. 62 Prinz
1762 2400 3167 2473 Wagen seines damaligen Dienstgebers in der Nähe der Unfallstelle, wo seine
2508 2444 2564 2482 N
1769 2452 3165 2505 Pferde scheuten; dies müsse der Grund der Verwechslung sein, daß man ihn für
349 2461 1758 2526 Ludwig von Bayern enthält Kompositionen von Richard Wagner, Verdi, Auber,
1758 2473 3174 2556 den schuldtragenden Kutscher hielt. Nachdem der Agent Max Friedmann,
355 2506 550 2571 Bizet 2c.
1754 2529 3176 2605 der mit Brandl damals gefahren war, diese Angaben bestätigt hatte,
466 2508 1754 2587 („Die Mühle am Walde.“) Eine der originellsten und lustigsten
1754 2553 3122 2623 I vertagte der Gerichtshof die Verhandlung, um neue Zeugen vorzuladen.
354 2574 1754 2629 Paniomimen, die man bisher in einem Variété sehen konnte, ist „Die Mühle
357 2623 1756 2688 am Kalde“, aufgeführt von der famosen Küffer=Truppe im Kolosseum.
1930 2619 3171 2683 (Die Judenexzesse in Kischenew.) Aus Kischenew wird
343 2649 1763 2727 Die Darstellung dieses tollen Schwankes ruft jeden Abend stürmische Heiterkeit
1761 2654 3174 2736 vom 22. d. telegraphiert: Heute begann die Verhandlung von fünf mit den
355 2700 1758 2768 hervor und die Mitwirkenden werden durch stürmischen Beifall und Hervorrufe
1769 2701 3173 2778 Ausschreitungen gegen die Juden im April 1903 im Zusammenhange
351 2731 1764 2803 ausgezeichnet. „Die Mühle am Walde“ gehört zu den wirksamsten Nummern
1767 2746 2484 2848 stehenden noch unerledigten Anklagen.
351 2780 1675 2860 des an Attraktionen so reichen gegenwärtigen Programmes im Kolosseum.
454 2818 1768 2911 Erablissement Ronacher, Seilerstätte. Täglich große internationale
2173 2833 2784 2912 Aus den Vereinen.
348 2874 742 2964 Künstlervorstellung.
1864 2873 3165 2959 (Vorträge und Versammlungen von heute.) K. k. geogra¬
473 2895 1748 2982 Kolosseum, 9. Bezirk, Nußdorferstraße 4. Heute und täglich inter¬
2462 2927 3181 2991 7 Uhr im Festsaale des Oester¬
1767 2948 2480 3014 phische Gesellschaft. Abends
360 2957 924 3031 nationale Künstlervorstellung.
1765 2968 3173 3050 reichischen Ingenieur= und Architektenvereines Vortrag des Fregattenkapitäns
471 2974 1765 3043 Danzers Orpheum — Alt=Heidelberg, 9. Bezirk, Wasagasse. Täglich
1766 3010 3189 3069 Ritter v. Höhnel über seine zweite Erpedition mit William Astor Chanler
351 3024 1761 3096 Konzert der Studentinnenkapelle Hornischer, Hügel=Quartett, bei freiem Entree.
2316 3040 3179 3099 Gesellschaft österreichischer Volks¬
469 3063 1767 3112 Gartenbau=Restaurant. Heute und täglich Variétékonzert unter Mit¬
1769 3061 2265 3123 in Ost=Aequatorial=Afrika.
1770 3070 3186 3161 wirte. Vortrag des Herrn Regierungsrates F. Schnitzler. Saal der k. k.
352 3103 1452 3187 wirkung besonderer Kunstkräfte und der Kavelle W. Sommer.
1771 3118 3171 3192 Landwirtschafts=Gesellschaft, 1. Bezirk, Schauflergasse 6, 7 Uhr abends. —
1235 3112 1766 3188 1. Bezirk, Annagasse Nr. 3.
480 3146 1250 3201 Restaurant Leistbräu „St. Annahof“,
1770 3161 3179 3231 Geologische Reichsanstalt. Vorträge der Herren G. Geyer und
359 3178 1768 3242 Heute Spezialitätenabend und Konzert der Kapelle des k. u. k. Infanterie¬
1785 3193 3191 3268 G. B. Trener. 3. Bezirk, Rasumoffskygasse 23, 6 Uhr abends. — Leo¬
361 3225 749 3297 Regiments Nr. 62.
1780 3227 3170 3300 Gesellschaft. Kunstsektion. 1. Bezirk, Bäckerstraße 14, 6 Uhr abends. —
469 3242 1766 3312 Bradys Wintergarten, 1. Bezirk, Ballgasse 6. Täglich Konzert mit
1772 3261 3182 3335 Gartenbaugesellschaft. Vortrag des Herrn Dr. F. Vierhapper:
368 3294 734 3375 Gesangsvortragen.
1777 3307 3177 3385 „Aus dem Leben der Gräser“. Saal der Gartenbaugesellschaft, 1. Bezirk, Park¬
467 3307 1770 3385 „Zum süßen Mädel“, Kärntnerstraße 8. Täglich Wiener Musik mit
2285 3352 3183 3405 — Allgemeiner österreichischer Apo¬
1779 3362 2263 3420 ring 12, 7 Uhr abends.
364 3370 573 3445 Gesana.
1773 3372 3183 3458 thekerverein. Vortrag des Herrn Em. Senft. Hörsaal der pharmazeu¬
476 3398 1767 3462 Internationale Weinstube „Zur Mehlgrube“, Mehlmarkt 3.
1769 3415 3191 3492 tischen Schule, 9. Bezirk, Spitalgasse 31, halb 7 Uhr. — Morphologisch¬
362 3428 1083 3521 Täglich Grinzinger Musik und Gesang.
1777 3450 3181 3531 physiologische Gesellschaft. Vorträge der Herren Prof. Dr. J.
483 3446 1765 3537 „Maxim in Wien“, Rauhensteingasse Nr. 8. Täglich Wiener Musik.
1795 3492 3189 3562 Schaffer und Dozent Dr. H. Joseph. Hörsaal des physiologischen Instituts,
373 3506 831 3590 Moderne Unterhaltung
1774 3528 3180 3594 9. Bezirk, Währingerstraße 134, 7 Uhr abends. — Klubösterreichischer
475 3522 1766 3604 Grinzinger Wintergarten. 1. Bezirk, Tegetthoffstraße Nr. 1. Täglich
1783 3563 3183 3641 Eisenbahnbeamten. Vortrag des Herrn Anton Lernet: „Ueber die
373 3587 1183 3667 die Original Grinzinger mit ihren Sängern.
1778 3597 3191 3668 Hochwasserschäden in der Strecke Tarvis—Pontafel“ (mit Lichtbildern). 1. Bezirk,
484 3597 1776 3703 Unterstübchen, Café Ritz, 1. Bezirk, Spiegelgasse 10. Täglich Wiener
2543 3640 3180 3694 — Oesterreichischer Verein
1781 3655 2533 3713 Eschenbachgasse 11, halb 7 Uhr abends.
374 3656 760 3750 Musik mit Gesang.
1780 3673 3187 3754 für Vegetarismus. Vortrag des Herrn V. Neugebauer: „Ueber
485 3690 1783 3760 „Casino de Paris“, 1. Bezirk, Am Peter. Täglich Ball „La belle
1789 3699 3047 3803 Tolstoj“. Speisehaus, 7. Bezirk, Westbahnstraße 37, halb 8 Uhr abends.
364 3750 892 3829 Fatma“ mit ihrer Truppe.
1893 3746 3191 3837 (Oesterreichischer Journalistenbund.) Sonntag vor¬
493 3740 1787 3832 „Das fidele Haus“, 1 Bezirk, Graben, Spiegelgasse 2. Täglich Konzert
1784 3788 3200 3882 mittags fand im Saale der Wiener Handelskammer die Generalversammlung
373 3805 1061 3890 der Kavelle Adolphi. Wiener Sänger.
485 3819 1769 3907 Hotel Central, 2. Bezirk. Taborstraße 8. Täglich 8 Uhr abends Vor¬
1792 3844 3186 3922 des Oesterreichischen Journalistenbundes statt. Den Vorsitz führte der
383 3875 1780 3948 stellung der Budapester Orpheumgesellschaft unter der Direktion Karl Lechner,
1793 3878 3190 3963 Präsident des Internationalen Zentralbureaus der Preßvereinigungen,
374 3919 1349 3994 Regisseur Eisenbach. Auftreten sämtlicher Mitglieder.
1793 3911 3197 3992 zugleich Präsident des Oesterreichischen Journalistenbundes, Chefredakteur
501 3934 1776 4011 Zirkus Beketow im Zirkus Renz=Gebäude, 2. Bezirk, Zirkusgasse.
1784 3964 3190 4048 Wilhelm Singer. Der mit lebhaftem Beifalle aufgenommenen Rede des
377 3979 1694 4067 Täglich brillante Vorstellung, Auftreten sämtlicher engagierten Mitglieder.
1792 4003 3191 4091 Vorsitzenden folgten Referate über die Zwecke des Journalistenbundes, über
497 4001 1782 4085 Café Jubiläum, 3. Bezirk, Ungargasse 54. Täglich Doppelkonzert und
1794 4036 3188 4136 die Registrierung von Sachverständigen im Zeitungsfache, über die Be¬
380 4069 1020 4156 Gesang. Die ganze Nacht geöffnet.
1798 4095 3197 4172 rufung von Journalisten in die Steuerkommissionen und über das
747 4116 1435 4201 Karnevals=Nachzügler.
1798 4131 3188 4223 journalistische Standesgericht. Präsident Singer teilt sodann mit, daß sich
494 4160 1788 4232 (Ballkalender.) Dienstag den 23. Februar: Philosophenkränzchen
1787 4174 3194 4251 69 neue Mitglieder angemeldet haben davon 25 polnische Journalisten.
380 4209 1783 4276 (Continental), Viertes Büxgerkränzchen (Sophiensäle), Konzivientenkränzchen
1790 4215 3192 4308 Bei der Abstimmung werden sämtliche Angemeldete einstimmig in den Bund
1450 4247 1787 4297 Mittwoch den
384 4260 1391 4308 (Ronacher), Höllensteiner arrenabend (Wimberger).
1567 4275 1616 4316 10
1916 4259 3262 4319 ugewen Die Vorsammlung beschloß hierauf auf Antrag der Herren
914 4286 967 4322 a1
485 4279 1789 4355 Kinnschen des Kunstlerbundes Hagen (Continental). Vortragsabend
