3392 4256
1116 295 1181 357 W
1442 286 1891 363 box 23/5
300 296 1288 392 18. Dereinsan
1280 1320 1746 1417 UNA
783 1691 1566 1793 Kliltallaliaauk
899 1738 1482 1836 THEATRE DU GTMNASE
795 1811 1584 1924 Troupe de M Eugen Robert
844 1953 1564 2067 2 aphem Sontahe
953 2028 1469 2113 Piece en quatre actes
905 2070 1521 2174 desdl. „Arthur Schnitzier
860 2139 1583 2223 Trois oufquatre spectacles se dispu¬
822 2189 1593 2275 taient hier soir la pauvre eritique; je
841 2223 1602 2313 n'ai pas hésité une seconde à préférer
834 2270 1599 2353 le Gumnase oü la troupe berlinoise de
842 2293 1604 2389 M. Eugen Robert donnait une pièce
839 2338 1613 2423 d’Arthur Schnitzler. Je n'ai pas trop
842 2402 1213 2480 regretté ce cholx.
886 2417 1603 2501 Ce n’est pas qu'il m’ait donné occa¬
839 2448 1609 2538 sion de m'amuser... Une dame y meurt.
847 2501 1617 2597 une jeune fille amoureuse se tue, son
860 2538 1615 2619 amant, pris au piege, se tuera; un
856 2576 1612 2663 fils renie son père selon le sang, pour
856 2617 1462 2693 consoler son père selon la loi.
891 2646 1620 2732 Tous ces malheureux se côtoyent pen¬
863 2687 1618 2775 dant quatre ans avant de comprendre
858 2714 1628 2825 qulils ne se comprennent pas. Et l’en¬
866 2766 1621 2851 semble n’est ni très vivant, ni très vi¬
873 2844 1040 2901 vifiant.
920 2842 1638 2930 Mais, pour ma part, j'ai pris un bain
870 2881 1615 2962 de littérature, et mes voisins, des Fran¬
875 2930 1639 3017 çais qui semblaient entendre l’allemand,
878 2967 1634 3053 prenaient une bonne leçon de pronon¬
871 3001 1642 3095 eiation, sans vouloir en perdre une
870 3077 1043 3143 goutte.
1217 3088 1314 3155 *9
921 3122 1659 3212 Mme Wegrath, raconte la pièce,
876 3161 1653 3243 meurt, laissant un mari, un fils, Félix,
879 3210 1655 3282 et une fille Johanna. Félix est le dils
883 3236 1657 3325 d'un ami de M. Wegrath, Julian, et
888 3272 1657 3371 Johanna est la maitresse d’un autre
900 3325 1666 3406 ami de M. Wegrath, Stéphan. Pauvre
899 3378 1316 3446 excellent Wegrath !
934 3386 1674 3490 Quant à Stéphan et Julian, ils ont
900 3440 1677 3527 sui. le chemin de l’égoisme — da route
897 3484 1674 3565 solitaire — ils paraissent triomphants,
904 3539 1269 3607 ils seront punis!
953 3551 1676 3634 Stéphan après avoir ééduit Johanna,
899 3594 1681 3694 Ini offre de l’épouser, mais elle aime
2007 1251 2532 1357 KCCe
1850 1383 2821 1631 T. Ract 4
2071 1629 2168 1682 —
1958 1622 2757 1713 mienx se jeter dans un étang. Julian,
1958 1675 2761 1752 eraignant de vieillir, abandonné, révéle
1976 1719 2734 1802 à Félix sa paternité; mais Felix pré¬
1979 1753 2757 1836 fère rester fidele à l’excellent, naif et
1971 1816 2325 1877 Césolé Wegrath.
2023 1826 2752 1917 Stéphan se tüera, Julian s’en ira:
1974 1868 2734 1951 leur vole sera de plus en plus solitaire.
1990 1912 2745 1985 Non point par égoisme, maintenant,
1992 1971 2363 2033 mais par punition.
2333 2003 2378 2060 *
2035 2018 2759 2108 Ce drame, éerit aujourd'hui par un
1986 2045 2760 2136 Jean-Jacques Bernard, aurait du mys¬
2006 2102 2752 2176 tère et de la Frofondeur. M. Arthur
2008 2143 2749 2227 Schni#zler, qui l’a composé au siècle
1996 2182 2752 2265 dernier, y a mis beaucoup de mots ot
2009 2220 2768 2314 d’explications. Ce n’est plus ce que nous
1995 2297 2205 2348 aimons.
2353 2303 2444 2373 75
2043 2339 2769 2432 L’ilustre acteur allemand M. Basser¬
2015 2390 2772 2467 mann tient le röle de Stéphan; il yI
2022 2418 2782 2500 manque ce me semble d’une certaind
2012 2472 2772 2552 désinvolture jeune, qui se briserait pen
2020 2501 2789 2585 à peu. I devrait commencer en Jules
2022 2539 2795 2614 Berry et finir en Signoret, II a joué
2021 2574 2780 2663 tout le temps en Siguoret. Au reste,
2027 2618 2785 2701 excellent une fois ce fait accepté.
2030 2657 2781 2739 M. Carl Goetz (le vienx Wegrath) m'a
2034 2687 2789 2773 un peu rappele M. de Férandv dans
2109 2725 2791 2808 Bonkeur des Dames. M. Werner
2029 2772 2109 2818 le
2031 2777 2707 2849 Schott est un très suffisant Félix.
2068 2824 2800 2895 Des dames, Mile Kathe Haack a plut
2038 2857 2800 2934 en Johanna mortuaire. Mais personne
2044 2891 2805 2973 n'a eu la fantaisie de Mme Orski, dans
2027 2952 2457 3029 la pièce précédente.
2380 2998 2466 3041 **
2070 3003 2818 3085 Pour terminer, je vais prier M. Eu¬
2037 3053 2758 3130 gen Robert de méditer ce petit avis.
2092 3094 2813 3160 Si une troupe française, dite d’gvant¬
2040 3121 2819 3212 garde, allait jouer à Berlin devant des
2051 3165 2815 3243 amateurs désireux de connaitre les der¬
2053 3204 2807 3275 nières inventions de Baty et de -Duttin,
2049 3261 2813 3316 Francillon ou le Monde on Von s’en¬
2052 3278 2811 3355 nuie, que penserait de ce choix le pu¬
2056 3326 2674 3406 blic berlinois et la Critique?
2106 3349 2825 3432 Ou du grand elnssique, ou du tout
2055 3400 2824 3473 moderne; voilà ce qu'il faut exporter
2068 3464 2374 3529 à cette heure.
2388 3468 2791 3537 Fortunat Strowski,
2390 3514 2832 3591 Membre de VInstitut.
