3436 4384
1388 450 1849 552 box 23/4
760 468 971 537 nSam
214 463 1243 568 18. Der ein, Neg
178 1406 2048 1540 „als meine Frau?“ Und sie, die Ein Drama ist er nicht. Denn der Weg des Dramas ist
159 1462 2048 1590 anderswo hingeht als nach Baktrien, von außen nach innen. Durch Vorgänge zu der inneren
164 1515 2040 1645 t wortlos voran; schenkt ihm für die Logik der Vorgänge, durch Gesprochenes zu Unaus¬
154 1571 2040 1694 is Lebens eine außerordentliche Er= gesprochenem, vielleicht zu Unaussprechlichem. Im „Ein¬
138 1613 2048 1745 Sala kann leider nicht mehr viel damit samen Weg“ ist's umgekehrt. Wir bekommen die Idealitäten
154 1663 2047 1793 hm nicht die Zeit vergömnt, das Er= und müssen die Tatsachen fast erraten. An der Wand
152 1708 2061 1842 Futter für sein verhätscheltes Ich nach erscheinen Intellekt= und Gefühlsschatten, nur höchst selten
170 1774 2057 1887 r hört, daß sein eigenes Ende nahe, huscht etwas Körperliches über die Szene. Und was gewesen.
150 1827 2059 1932 lich entschlossen, ihm nicht entgegen= nimmt dem, was ist, Luft und Atem. Es muß auffallen,
154 1847 2055 1992 het. flüchtet vor dem üblen Geruch, vor wie oft in Schnitzlerschen Schauspielen das Präsens vom
163 1900 2062 2035 Pein des Todes in den Tod ... Ach, Perfektum erschlagen wird. Immer spielt ein gewesenes
155 1943 2067 2092 #u sterben; damit Männer erlöst werden, Drama die größte Rolle im gegenwärtigen. Immer
917 1994 2057 2081 erscheinen Revenauts und verwirren die Lebenden.
156 2045 909 2131 Zuschauer weiß in seinem Innersten:
904 2050 2059 2150 Ist das wirklich Ibsen aus dem Wienerwald? Ein fort¬
152 2114 417 2182 Mühe wert!
146 2084 2066 2250 elpunkt beht durch das ganze Stück das währendes Mühen um das Problem der ehernen Kon¬
921 2137 2064 2238 sequenz alles Geschehens? Oder liegt dem nicht die dumpfe
159 2181 931 2287 weiß nicht, ob es ein kunst-ehrliches
925 2187 2070 2283 Ahnung eines schweren künstlerischen Mangels zugrunde?
144 2241 925 2315 tive eines Dramas dadurch zu vertiefen,
157 2233 2079 2366 lder Handtung vorschreibt: knapp neben Das Gefühl, zu dünn=abstrakt, zu dialektisch zu sein? Und
166 2282 2081 2419 Mit dem Tod reliefiert der Dichter das also das Bedürfnis, statt der fehlenden dramatischen Vor¬
157 2327 2077 2472 seiner Bühne. Es ist ein Spiel zwischen gänge wenigstens den Schatten solcher ins Spiel zu
165 2426 1137 2518 Akteure sind Tote, Tod=Suchende und mischen?
1029 2420 2083 2531 Die fünf Akte klingen heute schon matt; ein
189 2473 944 2559 tropft ein Teil der schwermütigen
155 2475 2084 2606 auspiels automatisch aus dem Thema. Aber fader, süßlicher Hauch ist um sie, der kaum als
161 2517 2088 2661 iches Werk des Dichters, seiner Kunst der Symptom für Unsterblichkeit zu deuten. Ein kluges, kein
161 2583 2094 2710 chter und halben Töne. Ein brennender tiefes Schauspiel. Kein tiefes Schauspiel, wenn auch ein
173 2617 2090 2765 se Nutzlosigkeit aller Erkenntnis redet Schauspiel in der Tiefe. Gerade solches Placement aber
175 2665 2088 2814 ig“. Sozusagen: eine Trauer des Gehirns. stimmt bedenklich. Weil ja dies eben das Wunder des
171 2710 2090 2857 stitleid, das sich doch nicht recht hervor= dramatischen Genius, daß er, ohne sich jemals von der
168 2767 2097 2901 8 Zucken um die Lippen in ein ironisches Oberfläche zu entferner, der Tiefe Geheimnis, Schrecken
158 2809 2086 2948 nd Schmerz über der Frauen Los: daß und Zauber ahnen läßt. Der Dichter des „einsamen Wegs“
168 2854 2100 3001 in Schicksal wird, was dem Mann, ganz hingegen? Er ist tief, indem er seinen Geschöpfen die
170 2940 1545 3049 finstler, so leicht zur Episode schrumpft. Stühle auf den Grund setzt.
1054 2941 2104 3059 Das Burgtheater hat den stillen Gesprächen vier
168 3017 964 3101 sin dieser Beziehung nicht zu helfen, ab¬
960 2998 2114 3109 stille Schauplätze gebaut. Der Park des Herrn v. Sala
970 3042 2123 3159 ist ein Prachtstück. Ein schwermütiger Vierklang von:
167 3064 963 3149 #as fast wie Unerbittlichkeit ist in der
171 3108 970 3213 obler Verzicht allseits auf Ausflüchte,
960 3093 2129 3204 Abend, Stille, Herbst und Verlassenheit. Man hört die
160 3187 310 3256 ügen.
170 3147 2133 3314 der „Einsame Weg“ eine Dichtung sein.] Natur schweigen. Und der Menschen Rede klingt gedä mpft
2049 1319 3213 1439 als befürchteten sie, ein Schlummerndes zu wecken. Auch
2056 1399 3207 1479 das Cottage=Gärtchen, Akt eins und fünf, ist hübsch. Nur
2065 1444 3209 1539 ein wenig dumpf, lichtarm; und mißmutig, ohne nachbarliche
2056 1502 3226 1599 Freundschaft blicken ein paar proletarische Fassaden hinein.
2172 1542 3225 1627 „Der einsame Weg“ wird nobel gespielt, das versteht
2068 1595 3234 1680 sich von selbst. Aber kühl und fremd, fremd der Sache; das
2070 1639 3230 1731 versteht sich auch von selbst. Man spricht tadellos den Text,
2066 1688 3230 1773 aber die innere Resonanz, die die Sprecher pflichtgemäß
2068 1730 3225 1824 dazugeben, ist Mache. Fräulein Wohlgemut, Herr
2083 1788 3229 1880 Walden, Herr Devrient gastieren in Ahnung, Rätsel¬
2071 1833 3241 1910 reichtum, Seelendunkel. Zu Hause sind sie dort nicht,
2080 1902 3242 1964 das spürt man. Herrn Waldens edle Nasalität:
2071 1930 3229 2004 taugt besser für entzückende als für ernste Pointen.
2072 1985 3238 2052 Seiner Sicherheit, Haltung und Ruhe kann man sich erfreuen.!
2078 2019 3229 2116 Aber es ist immer Salon=Magie um ihn. Die respektable
2076 2097 3248 2161 Erscheinung des Fräulein Wohlgemut kommt der Johannas##
2080 2143 3239 2234 zugute. Mehr konnte sie der Figur — von Dichters Un¬
2090 2161 3244 2261 gnaden durchaus Skizze — nicht geben. Wärme, Leben,
2093 2216 3250 2323 Notwendigkeit ließe sich allerdings in diese Erfundene, nicht
2084 2260 3254 2359 Gefühlte, kaum Gesehene kaum hineinspielen. Ganz farblos,
2089 2309 3254 2396 bürgerlich von jeher, der Julian Fichtner des Herrn
2084 2365 3260 2451 Devrient. Daß er jemals ein stürmendes Genie gewesen
2162 2410 3259 2496 ich habe nicht genug Phantasie, mir's vorzustellen. Eins#
2099 2463 3269 2538 herzliches, natürliches Wesen die Irene Herms der Frau
2110 2517 3262 2588 Bleibtreu. Ein süßes vierzigjähriges Mädel. Humor,
2104 2569 3253 2648 Leichtsinn, Genialität der Hingabe, Güte, Naiv=Unbedingtes
2107 2597 3264 2682 in Neigung und Abneigung — alles noch da, nur gleichsam
2097 2649 3274 2741 an den Rändern schon vergilbt und von Erinnerung zer¬
2103 2705 3260 2804 knittert. Mit Takt erledigt Herr Gerasch seine Aufgabe,
2118 2758 3267 2839 einen echten Vater ohne Pathos zu verschmähen, Herrn
2119 2818 3268 2900 Herterichs Arzt hat die nötigen menschlichen Qualitäten!
2119 2843 3267 2937 und Herr Paulsen ist ein rechtschaffener, kreuzbraper,
2126 2904 3094 2982 ungenialer Kunstbeamter. Das trifft er großartig.
2705 2966 3249 3056 ###Alfted Polgar.)
