<?xml version="1.0" encoding="UTF-8" standalone="yes"?>
<PcGts xmlns="http://schema.primaresearch.org/PAGE/gts/pagecontent/2013-07-15" xmlns:xsi="http://www.w3.org/2001/XMLSchema-instance" xsi:schemaLocation="http://schema.primaresearch.org/PAGE/gts/pagecontent/2013-07-15 http://schema.primaresearch.org/PAGE/gts/pagecontent/2013-07-15/pagecontent.xsd">
    <Metadata>
        <Creator>prov=University of Rostock/Institute of Mathematics/CITlab/Gundram Leifert/gundram.leifert@uni-rostock.de:name=ONB_Newseye_GT_M1+(htr_id=10810)::::v=2.4.2
prov=University of Rostock/Institute of Mathematics/CITlab/Tobias Gruening/tobias.gruening@uni-rostock.de:name=de.uros.citlab.module.baseline2polygon.B2PSeamMultiOriented:v=2.4.2
prov=University of Rostock/Institute of Mathematics/CITlab/Tobias Gruening/tobias.gruening@uni-rostock.de:name=/mnt/transkribus/LA/DEA/URO/LA_news_onb_att.pb:de.uros.citlab.segmentation.CITlab_LA_ML:v=2.4.2
Transkribus</Creator>
        <Created>2019-10-07T11:29:56.324+02:00</Created>
        <LastChange>2019-10-08T12:17:30.178+02:00</LastChange>
        <TranskribusMetadata docId="223970" pageId="9501222" pageNr="426" tsid="16563253" status="IN_PROGRESS" userId="40391" imgUrl="https://files.transkribus.eu/Get?id=RSMSBIEBXYLXVJRVIHBIKUHJ&amp;fileType=view" xmlUrl="https://files.transkribus.eu/Get?id=VEGBATXXDFQUMJEWSGEVCQCW" imageId="6191444"/>
    </Metadata>
    <Page imageFilename="223970_0426.jpeg" imageWidth="3436" imageHeight="4256">
        <ReadingOrder>
            <OrderedGroup id="ro_1711450842298" caption="Regions reading order">
                <RegionRefIndexed index="0" regionRef="r1"/>
                <RegionRefIndexed index="1" regionRef="r2"/>
            </OrderedGroup>
        </ReadingOrder>
        <TextRegion orientation="0.0" id="r1" custom="readingOrder {index:0;}">
            <Coords points="289,169 289,329 454,329 454,169"/>
            <TextLine id="r1l1" custom="readingOrder {index:0;}">
                <Coords points="270,273 302,274 319,289 334,283 369,288 386,307 472,300 476,211 458,210 447,220 429,216 418,226 387,210 354,220 326,211 311,221 301,214 272,216"/>
                <Baseline points="289,272 316,270 344,269 371,270 399,272 426,275 454,279"/>
                <TextEquiv>
                    <Unicode>18.</Unicode>
                </TextEquiv>
            </TextLine>
            <TextEquiv>
                <Unicode>18.</Unicode>
            </TextEquiv>
        </TextRegion>
        <TextRegion orientation="0.0" id="r2" custom="readingOrder {index:1;}">
            <Coords points="469,239 469,2970 3376,2970 3376,239"/>
            <TextLine id="r2l1" custom="readingOrder {index:0;}">
                <Coords points="1429,298 1636,293 1721,271 1771,299 1786,285 1903,288 1903,191 1785,210 1703,196 1632,236 1603,215 1510,219 1475,201 1428,223"/>
                <Baseline points="1447,265 1472,266 1498,266 1524,266 1550,266 1576,266 1602,266 1628,266 1654,266 1679,266 1705,265 1731,265 1757,265 1783,265 1809,264 1835,264 1861,263 1887,263"/>
                <TextEquiv>
                    <Unicode>box 23/4</Unicode>
                </TextEquiv>
            </TextLine>
            <TextLine id="r2l2" custom="readingOrder {index:1;}">
                <Coords points="451,304 1283,307 1282,221 1243,210 1111,211 1075,244 904,212 451,233"/>
                <Baseline points="469,288 508,288 548,288 588,288 628,288 668,288 707,287 747,287 787,286 827,286 867,285 906,285 946,284 986,284 1026,284 1066,284 1105,284 1145,284 1185,285 1225,285 1265,287"/>
                <TextEquiv>
                    <Unicode>Der einsane Neg</Unicode>
                </TextEquiv>
            </TextLine>
            <TextLine id="r2l3" custom="readingOrder {index:2;}">
                <Coords points="3131,1330 3152,1333 3156,1329 3163,1334 3180,1336 3184,1332 3206,1335 3213,1267 3195,1265 3187,1272 3177,1271 3164,1258 3160,1262 3139,1259"/>
                <Baseline points="3153,1306 3190,1310"/>
                <TextEquiv>
                    <Unicode>W</Unicode>
                </TextEquiv>
            </TextLine>
            <TextLine id="r2l4" custom="readingOrder {index:3;}">
                <Coords points="1440,1374 1472,1369 1490,1376 1500,1365 1536,1359 1558,1366 1583,1365 1589,1357 1604,1367 1622,1366 1619,1291 1576,1297 1547,1280 1490,1283 1476,1298 1437,1300"/>
                <Baseline points="1457,1359 1486,1357 1515,1354 1545,1352 1574,1352 1604,1354"/>
                <TextEquiv>
                    <Unicode>—</Unicode>
                </TextEquiv>
            </TextLine>
            <TextLine id="r2l5" custom="readingOrder {index:4;}">
                <Coords points="484,1447 3370,1377 483,1382"/>
                <Baseline points="503,1430 645,1428 787,1425 930,1422 1072,1419 1215,1416 1357,1413 1499,1411 1642,1408 1784,1405 1927,1403 2069,1400 2211,1397 2354,1395 2496,1392 2639,1389 2781,1387 2923,1384 3066,1381 3208,1378 3351,1375"/>
                <TextEquiv>
                    <Unicode>hält das für den geraden Weg. Warum nicht gleich wie ich das meine? Es ist ihr Beruf, Wesen in ihren Nach der Meinung des Dichters</Unicode>
                </TextEquiv>
            </TextLine>
            <TextLine id="r2l6" custom="readingOrder {index:5;}">
                <Coords points="491,1479 3376,1380 490,1450"/>
                <Baseline points="507,1482 649,1479 792,1476 934,1473 1077,1471 1220,1468 1362,1466 1505,1464 1648,1462 1790,1459 1933,1457 2076,1455 2218,1453 2361,1450 2504,1447 2646,1444 2789,1441 2932,1438 3074,1434 3217,1430 3360,1426"/>
                <TextEquiv>
                    <Unicode>über Siam. Wir möchten uns dieser Forschungsexpe= Armen aufzunehmen, die von irgend einer Leiden=! Weg“ nicht der Weg Aller, sonde</Unicode>
                </TextEquiv>
            </TextLine>
            <TextLine id="r2l7" custom="readingOrder {index:6;}">
                <Coords points="1591,1534 3307,1505 3383,1432 1589,1466"/>
                <Baseline points="1609,1511 1696,1511 1784,1510 1872,1509 1960,1508 2048,1506 2136,1504 2223,1502 2311,1500 2399,1498 2487,1496 2575,1493 2663,1491 2751,1488 2838,1486 2926,1484 3014,1482 3102,1480 3190,1478 3278,1477 3366,1476"/>
                <TextEquiv>
                    <Unicode>schaft mürbe oder zerbrochen sind. Aber sie ahnen Egoisten, und die Wegraths ges</Unicode>
                </TextEquiv>
            </TextLine>
            <TextLine id="r2l8" custom="readingOrder {index:7;}">
                <Coords points="492,1544 1558,1521 1604,1509 1603,1452 490,1479"/>
                <Baseline points="511,1530 564,1530 618,1529 672,1528 725,1527 779,1526 833,1525 886,1524 940,1523 994,1522 1048,1521 1101,1519 1155,1518 1209,1517 1262,1515 1316,1513 1370,1511 1423,1510 1477,1507 1531,1505 1585,1503"/>
                <TextEquiv>
                    <Unicode>dition deutscher und russischer Gelehrter nicht so</Unicode>
                </TextEquiv>
            </TextLine>
            <TextLine id="r2l9" custom="readingOrder {index:8;}">
                <Coords points="1594,1578 3373,1533 3372,1476 1592,1528"/>
                <Baseline points="1612,1558 1699,1557 1786,1557 1873,1556 1960,1554 2048,1553 2135,1551 2222,1549 2309,1547 2396,1545 2484,1543 2571,1541 2658,1538 2745,1536 2832,1534 2920,1532 3007,1530 3094,1528 3181,1527 3268,1526 3356,1524"/>
                <TextEquiv>
                    <Unicode>nicht, woher sie kommen. Es ist ihnen auch ge=Aber sie bezahlen es teuer. „M</Unicode>
                </TextEquiv>
            </TextLine>
            <TextLine id="r2l10" custom="readingOrder {index:9;}">
                <Coords points="502,1575 1598,1567 1596,1513 1414,1504 501,1539"/>
                <Baseline points="519,1581 572,1579 625,1578 678,1577 731,1575 784,1573 837,1572 890,1570 943,1569 996,1567 1049,1566 1102,1565 1155,1563 1208,1562 1261,1560 1314,1559 1367,1558 1420,1557 1473,1555 1526,1554 1579,1553"/>
                <TextEquiv>
                    <Unicode>leicht anschließen, wie der Ulanenleutnant Felix, wenn</Unicode>
                </TextEquiv>
            </TextLine>
            <TextLine id="r2l11" custom="readingOrder {index:10;}">
                <Coords points="1594,1622 3384,1572 3326,1520 1593,1561"/>
                <Baseline points="1613,1608 1700,1607 1788,1605 1875,1604 1963,1603 2051,1601 2138,1599 2226,1598 2313,1596 2401,1594 2489,1592 2576,1590 2664,1588 2751,1585 2839,1583 2927,1580 3014,1578 3102,1575 3189,1572 3277,1570 3365,1567"/>
                <TextEquiv>
                    <Unicode>gönnt, Wesen heranzuziehen und zu betreuen, aber geschehen,“ sagt der Akademiedir</Unicode>
                </TextEquiv>
            </TextLine>
            <TextLine id="r2l12" custom="readingOrder {index:11;}">
                <Coords points="505,1629 1426,1634 1607,1619 1606,1558 504,1590"/>
                <Baseline points="524,1629 577,1627 630,1626 683,1625 736,1623 790,1621 843,1620 896,1618 949,1617 1002,1616 1056,1614 1109,1613 1162,1612 1215,1610 1268,1609 1322,1607 1375,1606 1428,1606 1481,1604 1534,1604 1588,1603"/>
                <TextEquiv>
                    <Unicode>keine besseren Geographen dabei sind, als dieser Herr</Unicode>
                </TextEquiv>
            </TextLine>
            <TextLine id="r2l13" custom="readingOrder {index:12;}">
                <Coords points="497,1678 3372,1624 497,1649"/>
                <Baseline points="516,1680 657,1676 799,1672 941,1668 1083,1665 1225,1662 1367,1660 1508,1657 1650,1655 1792,1652 1934,1650 2076,1647 2218,1645 2360,1642 2501,1640 2643,1637 2785,1633 2927,1630 3069,1626 3211,1622 3353,1618"/>
                <TextEquiv>
                    <Unicode>von Sala. In der Geschichte ist er ebenso gut be=ssie verstehen nicht, wohin sie gehen. Sie sind da, um die Tochter gestorben und Felix</Unicode>
                </TextEquiv>
            </TextLine>
            <TextLine id="r2l14" custom="readingOrder {index:13;}">
                <Coords points="506,1735 3389,1686 3355,1616 506,1688"/>
                <Baseline points="524,1732 666,1726 808,1722 951,1718 1093,1714 1235,1711 1378,1708 1520,1706 1662,1703 1805,1701 1947,1699 2089,1697 2232,1694 2374,1692 2516,1689 2659,1686 2801,1683 2943,1679 3086,1674 3228,1670 3371,1664"/>
                <TextEquiv>
                    <Unicode>schlagen. Er gibt den Ruinen von Ekbatana ein sich unbewußt aufzuopfern und in diesen Opferugenannt hat, „daß mir dieses W</Unicode>
                </TextEquiv>
            </TextLine>
            <TextLine id="r2l15" custom="readingOrder {index:14;}">
                <Coords points="513,1780 3231,1711 512,1734"/>
                <Baseline points="532,1778 666,1773 800,1769 934,1766 1068,1763 1202,1760 1336,1758 1470,1755 1604,1753 1738,1751 1873,1749 2007,1747 2141,1744 2275,1741 2409,1738 2543,1735 2677,1731 2811,1727 2945,1723 3079,1717 3214,1711"/>
                <TextEquiv>
                    <Unicode>Alter von sechstausend Jahren, während die ein Glück zu finden, das anderen vielleicht recht sich's zum ersten Mal?“</Unicode>
                </TextEquiv>
            </TextLine>
            <TextLine id="r2l16" custom="readingOrder {index:15;}">
                <Coords points="2777,1785 3344,1782 3372,1774 3372,1724 2776,1732"/>
                <Baseline points="2793,1774 2821,1775 2849,1775 2877,1775 2905,1775 2933,1774 2961,1774 2989,1773 3017,1773 3045,1772 3073,1772 3101,1771 3129,1770 3157,1770 3185,1769 3213,1769 3241,1769 3269,1769 3297,1770 3325,1770 3354,1772"/>
                <TextEquiv>
                    <Unicode>Gabriele ist verdientermaße</Unicode>
                </TextEquiv>
            </TextLine>
            <TextLine id="r2l17" custom="readingOrder {index:16;}">
                <Coords points="499,1848 1325,1793 1940,1815 2043,1795 2042,1752 497,1766"/>
                <Baseline points="517,1823 592,1823 667,1822 743,1821 818,1819 894,1818 969,1816 1044,1814 1120,1812 1195,1809 1271,1807 1346,1804 1421,1803 1497,1801 1572,1799 1648,1798 1723,1796 1798,1796 1874,1795 1949,1795 2025,1796"/>
                <TextEquiv>
                    <Unicode>Hälfte davon schon zu viel wäre Wir wollen armselig vorkäme“</Unicode>
                </TextEquiv>
            </TextLine>
            <TextLine id="r2l18" custom="readingOrder {index:17;}">
                <Coords points="1696,1854 3294,1838 3375,1779 2657,1751 1695,1819"/>
                <Baseline points="1713,1846 1795,1847 1877,1847 1959,1847 2041,1846 2124,1844 2206,1843 2288,1841 2370,1839 2452,1837 2535,1834 2617,1831 2699,1829 2781,1827 2863,1825 2946,1823 3028,1821 3110,1820 3192,1819 3274,1819 3357,1819"/>
                <TextEquiv>
                    <Unicode>Das ist die Moral des Mannes, der dem armen Akte tot, Johanna ertränkt sich,</Unicode>
                </TextEquiv>
            </TextLine>
            <TextLine id="r2l19" custom="readingOrder {index:18;}">
                <Coords points="511,1886 1617,1869 1615,1797 510,1843"/>
                <Baseline points="528,1875 581,1873 635,1871 688,1869 742,1868 795,1867 849,1865 902,1864 956,1863 1009,1862 1063,1860 1117,1859 1170,1858 1224,1857 1277,1856 1331,1854 1384,1853 1438,1851 1491,1849 1545,1848 1599,1845"/>
                <TextEquiv>
                    <Unicode>annehmen, daß Schnitzler das alles besser weiß und</Unicode>
                </TextEquiv>
            </TextLine>
            <TextLine id="r2l20" custom="readingOrder {index:19;}">
                <Coords points="2689,1892 3388,1876 3387,1822 3362,1819 2688,1835"/>
                <Baseline points="2708,1878 2741,1877 2774,1876 2807,1875 2840,1874 2873,1873 2906,1872 2939,1872 2972,1871 3005,1870 3039,1870 3072,1869 3105,1869 3138,1868 3171,1868 3204,1867 3237,1867 3270,1867 3303,1866 3336,1866 3370,1865"/>
                <TextEquiv>
                    <Unicode>Ein Stück, in dem so viele Ha</Unicode>
                </TextEquiv>
            </TextLine>
            <TextLine id="r2l21" custom="readingOrder {index:20;}">
                <Coords points="1605,1907 2700,1886 2699,1836 1604,1847"/>
                <Baseline points="1622,1898 1677,1898 1733,1897 1789,1897 1844,1897 1900,1896 1956,1896 2012,1895 2067,1894 2123,1893 2179,1892 2235,1891 2290,1890 2346,1889 2402,1888 2458,1887 2513,1885 2569,1884 2625,1882 2681,1880"/>
                <TextEquiv>
                    <Unicode>Wegrath schon vor der Ehe Hörner aufgesetzt hat.</Unicode>
                </TextEquiv>
            </TextLine>
            <TextLine id="r2l22" custom="readingOrder {index:21;}">
                <Coords points="500,1930 1602,1906 1600,1852 499,1887"/>
                <Baseline points="518,1924 571,1922 624,1921 677,1919 731,1917 784,1916 837,1915 890,1914 944,1913 997,1912 1050,1912 1103,1911 1157,1910 1210,1909 1263,1908 1316,1906 1370,1905 1423,1903 1476,1901 1529,1899 1583,1896"/>
                <TextEquiv>
                    <Unicode>jenen geographisch=historischen Schwefel seinem Hel¬</Unicode>
                </TextEquiv>
            </TextLine>
            <TextLine id="r2l23" custom="readingOrder {index:22;}">
                <Coords points="1603,1959 3301,1932 3390,1927 3389,1870 1602,1909"/>
                <Baseline points="1621,1946 1708,1946 1795,1946 1883,1946 1970,1945 2058,1944 2145,1942 2233,1941 2320,1939 2408,1937 2495,1935 2582,1933 2670,1930 2757,1928 2845,1925 2932,1923 3020,1920 3107,1918 3195,1915 3282,1913 3370,1911"/>
                <TextEquiv>
                    <Unicode>Aber die Genies, die nach solcher Meinung „Heimat“ abgehen, heißt sonst nicht Schau</Unicode>
                </TextEquiv>
            </TextLine>
            <TextLine id="r2l24" custom="readingOrder {index:23;}">
                <Coords points="515,1991 1453,1982 1609,1963 1607,1895 513,1930"/>
                <Baseline points="531,1973 584,1972 637,1970 690,1969 743,1968 796,1966 849,1965 902,1964 955,1962 1008,1960 1061,1959 1114,1957 1167,1956 1220,1954 1273,1953 1326,1951 1379,1949 1432,1948 1485,1946 1538,1944 1591,1942"/>
                <TextEquiv>
                    <Unicode>den nur in den Mund legt, um ihn als Maulhelden</Unicode>
                </TextEquiv>
            </TextLine>
            <TextLine id="r2l25" custom="readingOrder {index:24;}">
                <Coords points="1601,2016 3377,1969 3351,1916 1600,1955"/>
                <Baseline points="1617,1997 1704,1997 1791,1996 1878,1995 1965,1994 2052,1992 2139,1991 2227,1989 2314,1987 2401,1985 2488,1983 2575,1981 2662,1979 2749,1976 2837,1974 2924,1972 3011,1969 3098,1967 3185,1965 3272,1963 3360,1961"/>
                <TextEquiv>
                    <Unicode>sein könnten für Weib und Kind, die laufen ja spiel. Julian geht einem trostlo</Unicode>
                </TextEquiv>
            </TextLine>
            <TextLine id="r2l26" custom="readingOrder {index:25;}">
                <Coords points="513,2035 542,2045 655,2022 752,2036 769,2021 805,2034 933,2025 958,2021 956,1967 510,1982"/>
                <Baseline points="529,2027 554,2025 580,2023 605,2021 631,2019 657,2018 682,2016 708,2015 734,2014 759,2013 785,2012 810,2011 836,2011 862,2010 887,2010 913,2010 939,2011"/>
                <TextEquiv>
                    <Unicode>zu charakterisieren.</Unicode>
                </TextEquiv>
            </TextLine>
            <TextLine id="r2l27" custom="readingOrder {index:26;}">
                <Coords points="602,2072 3320,2031 3390,1962 601,2025"/>
                <Baseline points="618,2065 755,2063 893,2061 1031,2059 1169,2056 1307,2054 1444,2052 1582,2049 1720,2046 1858,2043 1996,2041 2133,2038 2271,2035 2409,2032 2547,2029 2685,2026 2822,2023 2960,2020 3098,2016 3236,2014 3374,2010"/>
                <TextEquiv>
                    <Unicode>Auch seine Freundin Johanna möchte dieser vor ihnen davon, bis die Frau tot und der Knabe und legt vielleicht auch noch ei</Unicode>
                </TextEquiv>
            </TextLine>
            <TextLine id="r2l28" custom="readingOrder {index:27;}">
                <Coords points="1607,2104 3355,2071 3328,2018 1606,2054"/>
                <Baseline points="1626,2097 1711,2095 1797,2094 1882,2092 1968,2090 2053,2089 2139,2087 2224,2085 2310,2083 2395,2081 2481,2079 2567,2077 2652,2076 2738,2074 2823,2072 2909,2070 2994,2068 3080,2067 3165,2065 3251,2064 3337,2063"/>
                <TextEquiv>
                    <Unicode>dreiundzwanzig Jahre alt ist, — wie Figura zeigt! selbst. Solche Dinge müssen g</Unicode>
                </TextEquiv>
            </TextLine>
            <TextLine id="r2l29" custom="readingOrder {index:28;}">
                <Coords points="504,2133 1535,2089 1621,2116 1619,2044 946,2084 503,2055"/>
                <Baseline points="523,2120 577,2118 631,2116 685,2115 739,2113 793,2112 847,2111 901,2110 955,2109 1009,2108 1063,2107 1117,2106 1171,2105 1225,2104 1279,2103 1333,2102 1387,2100 1441,2098 1495,2097 1549,2095 1603,2092"/>
                <TextEquiv>
                    <Unicode>schneidige Forscher über Tibet nach Ekbatana in</Unicode>
                </TextEquiv>
            </TextLine>
            <TextLine id="r2l30" custom="readingOrder {index:29;}">
                <Coords points="520,2173 3380,2067 519,2123"/>
                <Baseline points="537,2166 678,2165 819,2162 960,2160 1101,2158 1243,2155 1384,2152 1525,2150 1666,2147 1807,2144 1949,2141 2090,2138 2231,2135 2372,2131 2513,2128 2655,2125 2796,2122 2937,2118 3078,2115 3219,2112 3361,2109"/>
                <TextEquiv>
                    <Unicode>Baktrien mitnehmen, „als meine Frau natürlich, Wo gibt es also die wirkliche „Heimat“ außer für Wegrath doch endlich Begleitun</Unicode>
                </TextEquiv>
            </TextLine>
            <TextLine id="r2l31" custom="readingOrder {index:30;}">
                <Coords points="2696,2178 3260,2182 3381,2158 3380,2119 3177,2109 2696,2136"/>
                <Baseline points="2713,2169 2745,2169 2778,2168 2810,2168 2843,2167 2875,2166 2908,2166 2940,2165 2973,2164 3005,2163 3038,2162 3071,2162 3103,2161 3136,2161 3168,2160 3201,2160 3233,2159 3266,2159 3298,2158 3331,2158 3364,2158"/>
                <TextEquiv>
                    <Unicode>[Gtabe. Ein düsteres Lebensbild!</Unicode>
                </TextEquiv>
            </TextLine>
            <TextLine id="r2l32" custom="readingOrder {index:31;}">
                <Coords points="1609,2197 2591,2196 2697,2180 2696,2130 1608,2151"/>
                <Baseline points="1628,2194 1680,2194 1733,2193 1785,2193 1838,2192 1891,2191 1943,2190 1996,2189 2048,2188 2101,2187 2154,2185 2206,2184 2259,2183 2311,2181 2364,2180 2417,2178 2469,2177 2522,2176 2574,2174 2627,2173 2680,2172"/>
                <TextEquiv>
                    <Unicode>Augenblicke? Wir denken, keiner kennt den anderen</Unicode>
                </TextEquiv>
            </TextLine>
            <TextLine id="r2l33" custom="readingOrder {index:32;}">
                <Coords points="519,2225 1400,2217 1621,2176 1402,2146 518,2182"/>
                <Baseline points="536,2218 589,2216 642,2215 696,2214 749,2212 802,2211 856,2210 909,2208 962,2206 1016,2205 1069,2203 1122,2202 1176,2201 1229,2199 1282,2198 1336,2197 1389,2196 1442,2195 1496,2194 1549,2193 1603,2193"/>
                <TextEquiv>
                    <Unicode>um auch von diesen äußerlichen Dingen zu reden“.</Unicode>
                </TextEquiv>
            </TextLine>
            <TextLine id="r2l34" custom="readingOrder {index:33;}">
                <Coords points="1619,2253 3342,2228 3380,2163 1618,2203"/>
                <Baseline points="1638,2248 1724,2246 1810,2243 1896,2241 1983,2239 2069,2237 2155,2234 2242,2232 2328,2230 2414,2228 2501,2226 2587,2224 2673,2222 2759,2220 2846,2218 2932,2216 3018,2215 3105,2213 3191,2211 3277,2210 3364,2209"/>
                <TextEquiv>
                    <Unicode>so gut, daß er ihm wahre Heimat werden kann. Die vor mehr als zehn Jahren, 190</Unicode>
                </TextEquiv>
            </TextLine>
            <TextLine id="r2l35" custom="readingOrder {index:34;}">
                <Coords points="522,2265 1500,2264 1628,2240 1626,2172 1505,2204 521,2226"/>
                <Baseline points="540,2267 593,2266 647,2264 700,2263 754,2261 807,2260 861,2259 914,2257 968,2256 1021,2255 1075,2253 1129,2252 1182,2251 1236,2250 1289,2249 1343,2248 1396,2247 1450,2246 1503,2245 1557,2244 1611,2243"/>
                <TextEquiv>
                    <Unicode>Aber Johanna, die das zweite Gesicht hat und jedem</Unicode>
                </TextEquiv>
            </TextLine>
            <TextLine id="r2l36" custom="readingOrder {index:35;}">
                <Coords points="1605,2299 3200,2287 3370,2215 1604,2242"/>
                <Baseline points="1623,2295 1709,2293 1796,2291 1882,2289 1969,2287 2055,2285 2142,2283 2228,2281 2315,2279 2401,2277 2488,2276 2575,2274 2661,2272 2748,2270 2834,2269 2921,2267 3007,2265 3094,2263 3180,2261 3267,2259 3354,2258"/>
                <TextEquiv>
                    <Unicode>findet man nur im eigenen Geist und Gemüt. Das digen Stunden“ und vor dem</Unicode>
                </TextEquiv>
            </TextLine>
            <TextLine id="r2l37" custom="readingOrder {index:36;}">
                <Coords points="512,2329 1621,2298 1620,2244 511,2265"/>
                <Baseline points="528,2315 581,2314 635,2313 689,2312 743,2311 796,2310 850,2309 904,2307 958,2306 1011,2305 1065,2303 1119,2302 1173,2301 1226,2300 1280,2299 1334,2298 1388,2296 1441,2295 1495,2294 1549,2293 1603,2292"/>
                <TextEquiv>
                    <Unicode>Sterbenden den Tod vom Gesichte herunterliest, zieht</Unicode>
                </TextEquiv>
            </TextLine>
            <TextLine id="r2l38" custom="readingOrder {index:37;}">
                <Coords points="1612,2351 3299,2328 3388,2308 3387,2247 1611,2305"/>
                <Baseline points="1630,2342 1717,2341 1804,2340 1891,2338 1978,2336 2065,2334 2152,2332 2239,2330 2326,2328 2413,2325 2500,2323 2587,2321 2674,2319 2761,2317 2848,2315 2935,2313 3022,2311 3109,2310 3196,2309 3283,2308 3370,2307"/>
                <TextEquiv>
                    <Unicode>ist der „einsame Weg“, den wir auf Erden wan= Autors erschienen, an anderen</Unicode>
                </TextEquiv>
            </TextLine>
            <TextLine id="r2l39" custom="readingOrder {index:38;}">
                <Coords points="509,2388 1568,2357 1610,2349 1609,2299 507,2306"/>
                <Baseline points="526,2364 579,2364 632,2363 685,2362 739,2361 792,2360 845,2359 899,2357 952,2356 1005,2354 1059,2353 1112,2351 1165,2349 1218,2348 1272,2346 1325,2345 1378,2343 1432,2342 1485,2341 1538,2340 1592,2339"/>
                <TextEquiv>
                    <Unicode>es vor, sich in dem Teich der Villa ihres Liebhabers</Unicode>
                </TextEquiv>
            </TextLine>
            <TextLine id="r2l40" custom="readingOrder {index:39;}">
                <Coords points="503,2416 3389,2374 3387,2307 2702,2307 502,2377"/>
                <Baseline points="521,2415 663,2411 806,2408 948,2405 1091,2402 1233,2399 1376,2396 1518,2393 1661,2390 1803,2388 1946,2385 2089,2382 2231,2379 2374,2377 2516,2373 2659,2371 2801,2368 2944,2364 3086,2361 3229,2357 3372,2354"/>
                <TextEquiv>
                    <Unicode>zu ertränken. Infolge dessen muß sich Herr von deln: alle, alle, nicht nur die Selbstlinge, wiesaufgeführt worden. Es ist alsc</Unicode>
                </TextEquiv>
            </TextLine>
            <TextLine id="r2l41" custom="readingOrder {index:40;}">
                <Coords points="2697,2432 3161,2409 3322,2424 3378,2409 3378,2366 2696,2386"/>
                <Baseline points="2714,2418 2746,2417 2778,2416 2810,2415 2843,2414 2875,2414 2907,2413 2940,2412 2972,2412 3004,2411 3037,2411 3069,2410 3101,2410 3133,2409 3166,2409 3198,2408 3230,2408 3263,2407 3295,2406 3327,2405 3360,2404"/>
                <TextEquiv>
                    <Unicode>aber doch schon eines aus der</Unicode>
                </TextEquiv>
            </TextLine>
            <TextLine id="r2l42" custom="readingOrder {index:41;}">
                <Coords points="521,2469 2665,2433 2706,2375 520,2419"/>
                <Baseline points="540,2467 647,2463 755,2460 862,2457 970,2454 1077,2451 1185,2449 1292,2447 1400,2445 1507,2443 1615,2441 1722,2439 1830,2437 1937,2435 2045,2434 2152,2432 2260,2430 2367,2427 2475,2425 2582,2422 2690,2419"/>
                <TextEquiv>
                    <Unicode>Sala, der sonst doch vielleicht noch ein Jahr zu dieser Julian und dieser Sala. Schnitzler meint es</Unicode>
                </TextEquiv>
            </TextLine>
            <TextLine id="r2l43" custom="readingOrder {index:42;}">
                <Coords points="2704,2476 3040,2482 3090,2463 3133,2484 3165,2462 3368,2459 3367,2401 3135,2427 2704,2423"/>
                <Baseline points="2722,2468 2753,2466 2784,2465 2816,2463 2847,2463 2879,2462 2910,2462 2941,2461 2973,2461 3004,2461 3036,2461 3067,2461 3098,2460 3130,2460 3161,2460 3193,2459 3224,2459 3255,2458 3287,2456 3318,2455 3350,2453"/>
                <TextEquiv>
                    <Unicode>periode“ Schnitzlers, in der er</Unicode>
                </TextEquiv>
            </TextLine>
            <TextLine id="r2l44" custom="readingOrder {index:43;}">
                <Coords points="1611,2500 2645,2483 2698,2478 2697,2424 1609,2450"/>
                <Baseline points="1627,2492 1679,2491 1732,2490 1784,2488 1837,2487 1890,2486 1942,2485 1995,2484 2047,2483 2100,2482 2153,2481 2205,2480 2258,2479 2310,2478 2363,2476 2416,2475 2468,2474 2521,2472 2573,2470 2626,2467 2679,2465"/>
                <TextEquiv>
                    <Unicode>anders. Er läßt seinen Sala dem sohnberaubten</Unicode>
                </TextEquiv>
            </TextLine>
            <TextLine id="r2l45" custom="readingOrder {index:44;}">
                <Coords points="520,2536 1615,2501 1614,2444 1539,2439 519,2468"/>
                <Baseline points="536,2513 589,2512 642,2509 695,2508 748,2506 801,2505 854,2503 907,2502 960,2501 1013,2500 1066,2498 1119,2497 1172,2496 1225,2495 1278,2494 1331,2493 1384,2492 1437,2491 1490,2491 1543,2490 1596,2490"/>
                <TextEquiv>
                    <Unicode>leben gehabt hätte, binnen einer Stunde erschießen.</Unicode>
                </TextEquiv>
            </TextLine>
            <TextLine id="r2l46" custom="readingOrder {index:45;}">
                <Coords points="1604,2536 3377,2507 3351,2457 1604,2511"/>
                <Baseline points="1621,2539 1712,2538 1804,2537 1895,2535 1987,2533 2078,2531 2170,2529 2261,2527 2353,2525 2444,2523 2536,2521 2627,2519 2719,2517 2810,2515 2902,2513 2993,2512 3085,2510 3176,2508 3268,2507 3360,2506"/>
                <TextEquiv>
                    <Unicode>Julian tüchtig die Leviten lesen. Es graut Ihnen heißt, im Leben die „dunkler al</Unicode>
                </TextEquiv>
            </TextLine>
            <TextLine id="r2l47" custom="readingOrder {index:46;}">
                <Coords points="519,2579 1539,2559 1617,2543 1616,2493 518,2536"/>
                <Baseline points="535,2565 588,2562 641,2560 694,2558 747,2556 800,2555 853,2553 907,2552 960,2551 1013,2550 1066,2549 1119,2548 1172,2547 1225,2546 1279,2545 1332,2544 1385,2543 1438,2542 1491,2540 1544,2539 1598,2538"/>
                <TextEquiv>
                    <Unicode>„Er bezahlt zur rechten Zeit,“ heißt es, und be¬</Unicode>
                </TextEquiv>
            </TextLine>
            <TextLine id="r2l48" custom="readingOrder {index:47;}">
                <Coords points="2693,2564 2797,2580 2897,2560 2936,2581 3025,2558 3054,2579 3107,2553 3165,2573 3393,2558 3392,2501 3274,2525 3228,2508 3153,2527 2693,2524"/>
                <Baseline points="2713,2567 2746,2565 2779,2563 2812,2561 2845,2561 2878,2560 2911,2559 2945,2559 2978,2559 3011,2559 3044,2558 3077,2558 3110,2558 3143,2558 3177,2557 3210,2557 3243,2556 3276,2555 3309,2553 3342,2551 3376,2549"/>
                <TextEquiv>
                    <Unicode>und im Tode das „große Ziel</Unicode>
                </TextEquiv>
            </TextLine>
            <TextLine id="r2l49" custom="readingOrder {index:48;}">
                <Coords points="508,2631 2708,2574 2343,2509 507,2566"/>
                <Baseline points="525,2612 633,2609 741,2606 850,2603 958,2601 1066,2598 1175,2596 1283,2593 1391,2591 1500,2589 1608,2587 1716,2586 1825,2584 1933,2582 2041,2580 2150,2578 2258,2576 2366,2574 2475,2572 2583,2570 2692,2568"/>
                <TextEquiv>
                    <Unicode>raubt die Wissenschaft vom alten Orient seines ab= vor der Einsamkeit? Und wenn Sie eine Frau an</Unicode>
                </TextEquiv>
            </TextLine>
            <TextLine id="r2l50" custom="readingOrder {index:49;}">
                <Coords points="2708,2621 2815,2605 2915,2624 2940,2605 3029,2625 3057,2603 3204,2625 3325,2597 3361,2614 3360,2557 2707,2571"/>
                <Baseline points="2725,2613 2755,2613 2786,2613 2817,2613 2848,2612 2879,2612 2910,2611 2941,2611 2972,2610 3003,2609 3034,2608 3064,2607 3095,2607 3126,2605 3157,2605 3188,2604 3219,2603 3250,2603 3281,2603 3312,2602 3343,2602"/>
                <TextEquiv>
                    <Unicode>und sieht. Diese Schlagworte</Unicode>
                </TextEquiv>
            </TextLine>
            <TextLine id="r2l51" custom="readingOrder {index:50;}">
                <Coords points="1613,2645 2711,2621 2710,2571 1612,2591"/>
                <Baseline points="1631,2640 1684,2639 1737,2637 1790,2636 1843,2634 1896,2633 1949,2632 2002,2631 2055,2630 2108,2629 2162,2628 2215,2626 2268,2626 2321,2625 2374,2624 2427,2622 2480,2621 2533,2620 2586,2619 2639,2617 2693,2616"/>
                <TextEquiv>
                    <Unicode>Ihrer Seite hätten, wären Sie heute nicht allein?</Unicode>
                </TextEquiv>
            </TextLine>
            <TextLine id="r2l52" custom="readingOrder {index:51;}">
                <Coords points="511,2675 1602,2648 1633,2580 510,2628"/>
                <Baseline points="527,2664 581,2661 635,2659 690,2657 744,2655 799,2653 853,2652 907,2651 962,2649 1016,2648 1071,2647 1125,2646 1179,2645 1234,2645 1288,2643 1343,2642 1397,2641 1451,2639 1506,2637 1560,2636 1615,2633"/>
                <TextEquiv>
                    <Unicode>gründlichen Kennertums. Vater Wegrath verliert da¬</Unicode>
                </TextEquiv>
            </TextLine>
            <TextLine id="r2l53" custom="readingOrder {index:52;}">
                <Coords points="515,2727 3393,2655 514,2669"/>
                <Baseline points="531,2708 673,2705 815,2703 957,2700 1099,2698 1241,2694 1383,2692 1526,2689 1668,2686 1810,2684 1952,2681 2094,2678 2236,2676 2378,2673 2521,2670 2663,2667 2805,2664 2947,2660 3089,2657 3231,2654 3374,2650"/>
                <TextEquiv>
                    <Unicode>bei eine Tochter und gewinnt einen Sohn. Der lie= Und wenn Kinder und Enkel um Sie lebten, wären zutreffend. Schnitzler ist noch nic</Unicode>
                </TextEquiv>
            </TextLine>
            <TextLine id="r2l54" custom="readingOrder {index:53;}">
                <Coords points="515,2748 3387,2701 514,2702"/>
                <Baseline points="534,2756 675,2754 817,2751 959,2749 1101,2746 1243,2743 1384,2741 1526,2738 1668,2736 1810,2733 1952,2730 2093,2727 2235,2724 2377,2721 2519,2718 2661,2715 2802,2712 2944,2709 3086,2706 3228,2703 3370,2699"/>
                <TextEquiv>
                    <Unicode>derliche Julian meint, es sei ihm in höherem Sinne Sie es nicht? Und wenn Sie sich Ihren Reichtum, wir möchten ihm und uns eine dr</Unicode>
                </TextEquiv>
            </TextLine>
            <TextLine id="r2l55" custom="readingOrder {index:54;}">
                <Coords points="516,2812 3377,2755 515,2748"/>
                <Baseline points="534,2804 675,2802 816,2799 957,2797 1099,2795 1240,2792 1381,2789 1522,2787 1664,2784 1805,2781 1946,2778 2087,2776 2229,2773 2370,2770 2511,2767 2652,2764 2794,2761 2935,2757 3076,2754 3217,2751 3359,2748"/>
                <TextEquiv>
                    <Unicode>kein Unrecht geschehen. „Leute von der Art Weg= Ihren Ruhm, Ihr Genie bewahrt hätten, wären dieses Dichters wünschen. Es ist</Unicode>
                </TextEquiv>
            </TextLine>
            <TextLine id="r2l56" custom="readingOrder {index:55;}">
                <Coords points="527,2848 3389,2830 3248,2747 527,2805"/>
                <Baseline points="546,2853 687,2850 828,2847 969,2845 1111,2842 1252,2839 1393,2836 1534,2834 1676,2831 1817,2828 1958,2825 2099,2822 2241,2819 2382,2817 2523,2814 2664,2811 2806,2808 2947,2805 3088,2803 3229,2800 3371,2797"/>
                <TextEquiv>
                    <Unicode>raths sind nicht dazu geschaffen, wirklich zu besitzen, Sie es nicht? Und wenn uns ein Zug von Bacchanten lgeboren, daß er in jungen Jah</Unicode>
                </TextEquiv>
            </TextLine>
            <TextLine id="r2l57" custom="readingOrder {index:56;}">
                <Coords points="592,2893 3360,2849 3288,2783 592,2861"/>
                <Baseline points="612,2900 748,2898 885,2896 1021,2894 1158,2892 1294,2889 1431,2887 1567,2884 1704,2882 1840,2879 1977,2876 2113,2874 2250,2871 2386,2868 2523,2865 2659,2862 2796,2859 2932,2856 3069,2853 3205,2850 3342,2847"/>
                <TextEquiv>
                    <Unicode> weder Frau noch Kinder. Sie mögen Zuflucht, begleitet, — den Weg hinab gehen wir alle allein.. sam nur als wissenschaftliche</Unicode>
                </TextEquiv>
            </TextLine>
            <TextLine id="r2l58" custom="readingOrder {index:57;}">
                <Coords points="525,2951 3215,2935 3392,2849 524,2908"/>
                <Baseline points="542,2958 683,2954 825,2950 966,2947 1108,2944 1250,2941 1391,2938 1533,2936 1674,2933 1816,2931 1958,2928 2099,2925 2241,2923 2382,2920 2524,2917 2666,2914 2807,2911 2949,2907 3090,2903 3232,2899 3374,2895"/>
                <TextEquiv>
                    <Unicode>Aufenthalt bedeuten — Heimat nie. Verstehen Sie, wir, die selbst niemandem gehört haben.“ kokettiert mit ihm und treibt di</Unicode>
                </TextEquiv>
            </TextLine>
            <TextEquiv>
                <Unicode>box 23/4
Der einsane Neg
W
—
hält das für den geraden Weg. Warum nicht gleich wie ich das meine? Es ist ihr Beruf, Wesen in ihren Nach der Meinung des Dichters
über Siam. Wir möchten uns dieser Forschungsexpe= Armen aufzunehmen, die von irgend einer Leiden=! Weg“ nicht der Weg Aller, sonde
schaft mürbe oder zerbrochen sind. Aber sie ahnen Egoisten, und die Wegraths ges
dition deutscher und russischer Gelehrter nicht so
nicht, woher sie kommen. Es ist ihnen auch ge=Aber sie bezahlen es teuer. „M
leicht anschließen, wie der Ulanenleutnant Felix, wenn
gönnt, Wesen heranzuziehen und zu betreuen, aber geschehen,“ sagt der Akademiedir
keine besseren Geographen dabei sind, als dieser Herr
von Sala. In der Geschichte ist er ebenso gut be=ssie verstehen nicht, wohin sie gehen. Sie sind da, um die Tochter gestorben und Felix
schlagen. Er gibt den Ruinen von Ekbatana ein sich unbewußt aufzuopfern und in diesen Opferugenannt hat, „daß mir dieses W
Alter von sechstausend Jahren, während die ein Glück zu finden, das anderen vielleicht recht sich's zum ersten Mal?“
Gabriele ist verdientermaße
Hälfte davon schon zu viel wäre Wir wollen armselig vorkäme“
Das ist die Moral des Mannes, der dem armen Akte tot, Johanna ertränkt sich,
annehmen, daß Schnitzler das alles besser weiß und
Ein Stück, in dem so viele Ha
Wegrath schon vor der Ehe Hörner aufgesetzt hat.
jenen geographisch=historischen Schwefel seinem Hel¬
Aber die Genies, die nach solcher Meinung „Heimat“ abgehen, heißt sonst nicht Schau
den nur in den Mund legt, um ihn als Maulhelden
sein könnten für Weib und Kind, die laufen ja spiel. Julian geht einem trostlo
zu charakterisieren.
Auch seine Freundin Johanna möchte dieser vor ihnen davon, bis die Frau tot und der Knabe und legt vielleicht auch noch ei
dreiundzwanzig Jahre alt ist, — wie Figura zeigt! selbst. Solche Dinge müssen g
schneidige Forscher über Tibet nach Ekbatana in
Baktrien mitnehmen, „als meine Frau natürlich, Wo gibt es also die wirkliche „Heimat“ außer für Wegrath doch endlich Begleitun
[Gtabe. Ein düsteres Lebensbild!
Augenblicke? Wir denken, keiner kennt den anderen
um auch von diesen äußerlichen Dingen zu reden“.
so gut, daß er ihm wahre Heimat werden kann. Die vor mehr als zehn Jahren, 190
Aber Johanna, die das zweite Gesicht hat und jedem
findet man nur im eigenen Geist und Gemüt. Das digen Stunden“ und vor dem
Sterbenden den Tod vom Gesichte herunterliest, zieht
ist der „einsame Weg“, den wir auf Erden wan= Autors erschienen, an anderen
es vor, sich in dem Teich der Villa ihres Liebhabers
zu ertränken. Infolge dessen muß sich Herr von deln: alle, alle, nicht nur die Selbstlinge, wiesaufgeführt worden. Es ist alsc
aber doch schon eines aus der
Sala, der sonst doch vielleicht noch ein Jahr zu dieser Julian und dieser Sala. Schnitzler meint es
periode“ Schnitzlers, in der er
anders. Er läßt seinen Sala dem sohnberaubten
leben gehabt hätte, binnen einer Stunde erschießen.
Julian tüchtig die Leviten lesen. Es graut Ihnen heißt, im Leben die „dunkler al
„Er bezahlt zur rechten Zeit,“ heißt es, und be¬
und im Tode das „große Ziel
raubt die Wissenschaft vom alten Orient seines ab= vor der Einsamkeit? Und wenn Sie eine Frau an
und sieht. Diese Schlagworte
Ihrer Seite hätten, wären Sie heute nicht allein?
gründlichen Kennertums. Vater Wegrath verliert da¬
bei eine Tochter und gewinnt einen Sohn. Der lie= Und wenn Kinder und Enkel um Sie lebten, wären zutreffend. Schnitzler ist noch nic
derliche Julian meint, es sei ihm in höherem Sinne Sie es nicht? Und wenn Sie sich Ihren Reichtum, wir möchten ihm und uns eine dr
kein Unrecht geschehen. „Leute von der Art Weg= Ihren Ruhm, Ihr Genie bewahrt hätten, wären dieses Dichters wünschen. Es ist
raths sind nicht dazu geschaffen, wirklich zu besitzen, Sie es nicht? Und wenn uns ein Zug von Bacchanten lgeboren, daß er in jungen Jah
 weder Frau noch Kinder. Sie mögen Zuflucht, begleitet, — den Weg hinab gehen wir alle allein.. sam nur als wissenschaftliche
Aufenthalt bedeuten — Heimat nie. Verstehen Sie, wir, die selbst niemandem gehört haben.“ kokettiert mit ihm und treibt di</Unicode>
            </TextEquiv>
        </TextRegion>
    </Page>
</PcGts>
