3436 4384
1351 355 1830 451 box 23/5
737 390 983 449 nsäne
204 389 1203 485 18 ef
1713 1000 2820 1063 tritt uns entgegen als ein gealterter Anatol, der Liebe und
551 1034 1671 1107 so reden die Oesterreicher gerne. Aber deutsch ist das darum
1719 1067 2830 1111 des Haltes jetzt bedürftig, sehnsüchtig nach seinem Sohn: er
560 1082 1667 1130 ebensowenig, wie wenn einer schreibt, daß ihm „über
1726 1087 2831 1144 ist und bleibt ihm ein Fremder. Eine alternde Schauspie¬
553 1120 1666 1170 semen Wunsch“ ein Auto zur Verfügling gestellt wurde.
1725 1133 2843 1181 lerin, die ihn liebte fühlt sich um das Glück betrogen, weil
561 1142 1672 1202 Denn gemeint ist dann nicht, daß dies über seinen Wunsch
1723 1172 2824 1226 sie von ihm kein Kind hat: sie sieht ein, daß er nicht der
565 1180 1665 1246 hinausging, sondern gemeint ist auf seinen Wunsch. Denn
1725 1211 2829 1258 Mann war, um überhaupt glücklich zu machen. Ein junges
553 1223 1674 1291 in Oesterreich gewähren, wie man oft lesen kann, Gasthöfe
1715 1259 2841 1302 Mädchen fliegt einem alternden Mann entgegen, mit der
561 1271 1670 1325 „über Wunsch“ auch Pension Und enn ein Wiener sagt,
1720 1294 2823 1345 ganzen Hingabe, die bei solcher Verbindung so häufig ist,
559 1314 1676 1381 seine Familie sei im Sommer „am Semmering oder gar
1723 1326 2830 1379 und einer Angst dennoch vor dem Leben, dessen Unzuverlässig¬
565 1338 1668 1416 „am“ Land, so macht er sich nicht klar, daß dieses „am“
1722 1357 2833 1410 keit sie voraus fühlt; und sie endet in dem Teich, der einige
569 1390 1680 1442 gar nichts mit unserem Wörtchen „an“ zu tun hat, son¬
1725 1411 2846 1453 Stunden vorher ihr Bild festhielt — das Bild ebenso flüchtig
565 1414 1676 1483 dern nichts weiter ist als eine aus dem flüchtigen Sprech¬
1734 1444 2837 1493 im Wandel der Erscheinungen, wie ihr eigenes Dasein. Und
564 1462 1679 1518 deutsch entstandene Verirrung aus „auf dem“ (auf'm —af'm
1720 1483 2829 1535 dieser Mann, einer von den gehaltenen Schnitzlerhelden, die
624 1493 1679 1557 a'm). Dafür hängt in Oesterreich denn auch ein Glas¬
585 1518 630 1562 —
1718 1520 2833 1566 Leid und Freude mit der gleichen tiefen Hingabe genießen,
561 1546 1057 1603 luster auf dem Plafond.
1738 1556 2829 1613 ein Eroberer, der dennoch weiß, daß jeder Besitz schon von
619 1569 1672 1636 Diese Kleinigkeiten müssen pedantisch wirken. Aber sie
1738 1597 2832 1647 vornherein ein Verzicht ist, folgt ihr, vom Tod gezeichnet, in
563 1614 1680 1668 sind nicht minder wichtig als das Ausmerzen überflüssiger
1729 1633 2840 1689 das Nichts. Am Rande steht ein gütiger und verstehender
572 1652 1672 1713 Fremdwörter, vielleicht noch wichtiger, weil tiefer liegend.
1727 1675 2832 1728 Mensch, der das Mädchen geliebt hat und sie sterben sehen
565 1708 1689 1746 Wenn wir uns gewöhnen — und wir sind Sünder allzumal
1737 1718 2835 1772 muß, ohne ihr auf Armeslänge nahe zu kommen. Es ist
622 1729 1677 1782 kein Wort, keine Form zu gebrauchen, deren ursprüng¬
1731 1752 2834 1814 ein großes Vergehen in diesem Stück; Menschenherbst. Und
568 1769 1685 1824 liche Bedeutung uns nicht vollkommen klar ist, wenn wir
1738 1784 2844 1841 es wäre ein ewiger Herbst, wenn nicht zum Schluß der Sohn
578 1806 1685 1867 gegenüber dem Geist der deutschen Sprache wieder gewissen¬
1735 1826 2832 1876 in den Armen des Mannes läge, der nicht im Fleische sein
577 1847 1685 1908 hafter verfahren, dann treffen wir das Uebel an der Wurzel
1729 1863 2842 1929 Vater ist, der ihm aber Vater war: einer der unvergäng¬
575 1889 1690 1952 und dann kommt die Abstoßung fremden Ballastes ganz
1735 1903 2844 1957 lichen Augenblicke, die für das ganze Leben, für die Zukunft
570 1937 785 1999 von selbst.
1738 1943 2846 2004 stehen bleiben als Gewißheit dafür, daß es über alle Ein¬
632 1949 1678 2027 Daran kann und muß jeder mitarbeiten, der schreibt,
1742 1985 2625 2053 samkeit hinaus Gemeinstoft, Liebe, Güte gibt.
577 2002 1079 2084 und seien esnur Briefe.
1782 2011 2842 2072 Schnitzler zu spielen ist eine der Aufgaben, die dei
1736 2063 2842 2115 Schauspielhause seit je liegen; und Dr. Eger brachte eine
1739 2097 2845 2149 vorzügliche Vorstellung heraus, der jedoch, wie manchen an¬
801 2112 1461 2201 Deutsches Schauspielhaus.
1737 2138 2842 2195 deren sonst ausgezeichneten Aufführungen der Bühne, ein
1732 2174 2843 2231 wenig mehr Tempo nicht geschadet hätte. Es standen Dar¬
698 2179 1555 2259 Der einsame Weg. Schauspiel in fünf Akten
1733 2217 2853 2272 steller zur Verfügung, die für einige Rollen vorbestimmt sind.
901 2233 1359 2306 von Arthur Schnitzler.
1738 2256 2845 2317 Nhil als Stephan von Sala: das war wieder eine seiner
1737 2293 2844 2345 reifen großen Gestaltungen geistvoller und gehaltener, erleb¬
611 2286 1697 2358 In diesem Stücke ist nichts, was manche Ingste als allein
1742 2326 2854 2385 nisschwerer Männlichkeit, von denen ein unwiderstehlicher
583 2325 1687 2405 seligmachend preisen: chaotische Leidenschaft, ekstatischer
1733 2364 2850 2420 Zauber, der Zauber des Bedeutenden ausgeht. Wagner als
576 2367 1701 2429 Schwung; dafür ist etwas anderes darin, was sie in der
1744 2418 2843 2464 Fichtner steht gleichfalls in einer Rolle, die ihm von Natur
585 2403 1689 2472 Regel nicht zu gestalten vermögen: Schicksal. Wirkliches,
1735 2438 2844 2504 zugewiesen ist: diese Weichheit, diese Unschlüssigkeit, dieses
587 2448 1700 2511 glaubhaftes Schicksal, Verstrickung von Menschen in Zwänge,
1741 2486 2848 2538 Anlehnungsbedürfnis, das nicht hingebende Liebe ist, sondern
579 2494 1694 2545 die ebensosehr aus der eigentümlichen Gestaltung der Ver¬
1740 2525 2854 2571 viel mehr ein anspruchsvoller unbewußter Egoismus — sie
575 2520 1700 2589 hältnisse wie aus den Seelen selbst stammen. Im Mittel¬
1739 2550 2848 2606 kamen heraus. Prachtvoll war Kobler als Akademiedirektor
590 2556 1704 2627 punkte stehen Menschen, die die Höhe des Lebens bereits
1736 2597 2846 2657 Wegrath; er gab den Alltagsmenschen, der dennoch durch
578 2612 1694 2674 überschritten und durch frühere Handlungen ihren Weg
1742 2639 2856 2690 seine innere Güte einen Seelensonntag glaubhaft zu machen
592 2643 1689 2701 schon festgelegt haben; daneben Jüngere. Junge, die auf
1737 2672 2857 2723 vermag. Und Julia Serda löste als Irene Herms ihre Auf¬
578 2679 1707 2752 ihren Weg gedrängt werden. Abhängigkeit #berall; dennoch
1742 2705 2861 2775 gabe, durch eine alternde Schauspielerin das warmblütige
585 2734 1692 2789 nicht letzter innerer Zusammenhang, sonder Vereinzelung.
1746 2751 2861 2805 junge Geschöpf von einst durchblicken zu lassen, mit mensch¬
589 2762 1702 2819 Jeder in diesem Stück, jeder im Leben gehreden einsamen
1758 2786 2860 2844 lichster Kunst. Die todgeweihte Frau Gabriele Gertrud
586 2795 1709 2856 Weg; nicht nur beim Abstieg, obwohl der die Einsamkeit
1749 2837 2854 2887 Arnolds trat neben diesen voll angeführten Gestalten natur¬
582 2828 1701 2885 fühlbarer macht, sondern von Anbeginn. Dennoch gibt es
1754 2863 2855 2943 gemäß zurück. Von der jüngeren Generation gebührt dem
588 2887 1695 2934 Augenblicke, die dieses trostlose Auf=sich=selbst=Angewiesen¬
1746 2919 2872 2968 Doktor Reumann Wlachs der Vortritt; er war eine wunder¬
583 2916 1706 2979 sein aufzuheben scheinen. Sie liegen als leuchtende Halte¬
1752 2941 2869 2992 volle Bändigung tiefsten menschlichen Gefühls. Die Ge¬
594 2946 1707 3007 punkte auf der durchwanderten Strecke, so eindringlich, daß
1743 2978 2873 3046 schwister Felix und Johanna waren bei Lütjohann und Hilde
584 2993 1694 3055 die Erinnerung zuweilen wie Gegenwart erscheint, während
1745 3020 2849 3075 Knoth in guten Händen. Hilde Knoth ist unbedingt die beste
586 3032 1701 3074 die Gegenwart als Traum zerrinnt. Das ganze Drama ist
1750 3063 2866 3118 Kraft die dem Schauspielhause für die Aufgabe zur Verfü¬
581 3068 1702 3116 ein Weg zu solchem Höhepunkte, in dem zwei Menschen sich
1754 3092 2867 3150 gung stand. Sie hat freilich nicht die nachtwam##ische
592 3106 1705 3166 gegenseitig bis ins Innersie als zujammengehörig fühlen.
1756 3132 2860 3199 Feinfühligkeit, die da sein müßte, um dieses Mädchen in das
593 3156 1712 3209 Alles das mußte geschehen um dieses einen Augenblickes
1773 3175 2799 3237 volle helle Licht zu heben. — Der Beifall war sehr start.
586 3203 739 3261 willen.
2577 3207 2824 3275 H. W. F.
636 3228 1698 3286 Ein bescheidener, tüchtiger Mann ist getäuscht worden; sein
586 3265 1699 3335 Sohn gehört ihm nicht. Die Frau stirbt einsam mit dem
582 3304 1710 3374 gehüteten Geheimnis. Der Mann, der sie zur Mutter machte.
661 3419 2184 3644 au Panchg. Rertinte
2165 3495 2630 3693 140.0
867 3640 1195 3802 041
2284 3638 2714 3828 GU40
