3392 4384
1049 384 1125 464 W
1402 379 1854 482 box 23/4
248 408 1247 496 18. Der einsan8
976 1273 2321 1360 Placement aber stimmt bedenklich. Weil ja dies eben das
993 1318 2321 1413 Wunder des dramatischen Genius, daß er, ohne sich jemals
980 1389 2324 1450 von der Oberfläche zu entfernen, der Tiefe Geheimnis, Schrecken
989 1414 2316 1513 und Zauber ahnen läßt. Der Dichter des „Einsamen Wegs
992 1487 2325 1558 hingegen? Er ist tief, indem er seinen Geschöpfen die Stühle
989 1550 1455 1629 auf den Grund setzt.
1081 1639 2335 1733 Das Burgtheater hat den stillen Gesprächen vier stille
1002 1693 2339 1783 Schauplätze gebaut. Der Park des Herrn von Sala ist ein
992 1741 2344 1838 Prachtstück. Ein schwermütiger Vierklang von: Abend, Stille,
999 1793 2346 1878 Herbst und Verlassenheit. Man hört die Natur schweigen. Und
1005 1848 2343 1934 der Menschen Rede klingt gedämpft, als befürchteten sie, ein
1006 1897 2353 1979 Schlummerndes zu wecken. Auch das Coitage=Gärtchen ist
1000 1950 2343 2028 hübsch. Nur ein wenig dumpf, lichtarm; und mißmütig, ohne
1015 1991 2352 2084 nachbarliche Freundschaft blicken ein paar proletarische Fassaden
1004 2079 1199 2148 hinein.
1108 2094 2352 2197 „Der einsame Weg' wird nobel gespielt, das versteht sich
1018 2149 2348 2245 von selbst. Aber kühl und fremd, fremd der Sache; das ver¬
1026 2196 2351 2296 steht sich auch von selbst. Man spricht tadellos den Text, aber
1020 2246 2357 2330 die innere Resonanz, die die Sprecher pflichtgemäß dazugeben,
1023 2303 2360 2386 ist Mache. Fräulein Wohlgemut, Herr Walden, Herr Devrient
1014 2346 2360 2428 gastieren in Ahnung, Rätselreichtum, Seelendunkel. Zu Hause
1032 2403 2361 2489 sind sie dort nicht, das spürt man. Herrn Waldens edle Nasalität
1028 2447 2363 2532 taugt besser für entzückende als für ernste Pointen. Seiner
1032 2498 2366 2584 Sicherheit, Haltung und Ruhe kann man sich erfreuen. Aber es
1026 2559 2367 2633 ist immer Salon=Magie um ihn. Die respektable Erscheinung
1030 2598 2378 2678 des Fräulein Wohlgemut kommt der Johanna zugute. Mehr
1022 2640 2379 2729 konnte sie der Figur — von Dichters Ungnaden durchaus
1025 2687 2374 2777 Skizze — nicht geben. Wärme, Leben, Notwendigkeit ließe sich
1035 2741 2374 2827 allerdings in diese Erfundene, nicht Gefühlte, kaum Gesehene
1031 2795 2369 2886 schwer hineinspielen. Ganz farblos, bürgerlich von jeher, der
1032 2834 2381 2930 Julian Fichtner des Herrn Devrient. Daß er jemals ein stür¬
1038 2886 2375 2980 mendes Genie gewesen — ich habe nicht genug Phantasie, mirs
1044 2934 2387 3045 vorzustellen. Ein herzliches, natürliches Wesen die Irene Herms
1038 2983 2382 3087 der Frau Bleibtreu. Ein süßes vierzigjähriges Mädel. Humor,
1044 3038 2384 3127 Leichtsinn, Genialität der Hingabe, Güte, Naiv=Unbedingtes
1047 3101 2384 3180 in Reigung und Abneigung — alles noch da, nur gleichsam an
1054 3130 2389 3230 den Rändern schon vergilbt und von Erinnerung zerknittert.
1044 3184 2395 3281 Mit Takt erledigt Herr Gerasch seine Aufgabe, einen echten Vater
1042 3229 2401 3323 ohne Pathos zu verschmähen. Herrn Herterichs Arzt hat die
1060 3281 2394 3374 nötigen menschlichen Qualitäten. Und Herr Paulsen ist ein
1049 3326 2396 3420 rechtschaffener, kreuzbraver, ungenialer Kunstbeamter. Das
1061 3417 1478 3494 trifft er großartig.
2292 3452 2400 3534 275
