3484 4384
1102 298 1183 382 W
1448 303 1912 404 box 23/4
279 321 1314 430 18. Der einsane neg
2769 1136 3392 1235 gezögert, anständige Mensche
1608 1163 2766 1257 Wissende. „Es scheint mir überhaupt, daß wieder ein
2766 1197 3403 1270 lügen, wenn wir dadurch um
1606 1213 2770 1296 besseres Geschlecht heranwächst, mehr Haltung und weniger
2760 1250 3397 1318 oder der Lust reicher werden k
732 1230 1316 1346 Feuilleton.
1612 1255 2771 1351 Geist.“ Dies sind die Abschiedsworte des sterbenden Sala.
2757 1294 3402 1370 je unsere Ruhe oder unser Le#
1610 1308 2765 1401 Haltung soll wohl Tatkraft heißen. Die Kraft und den
2761 1346 3380 1432 aus Laune oder Leichtsinn.
1623 1356 2775 1443 Willen durch Hingabe zu leiden. Und statt eine Kritik des
848 1355 1233 1453 Burgtheater.
2767 1387 3404 1467 ergehen eines Wesens zu förd
1613 1398 2775 1507 Lebens das Leben selbst zu leben. So steht der Held des
465 1421 1599 1515 „Der einsame Weg“. Schauspiel in fünf Akten von Artur
2765 1443 3402 1522 hatte? Haben wir je auf ein
1636 1450 2773 1549 „Einsamen Weg“ als bleibendes Wahrzeichen einer Epoche
864 1483 1213 1557 Schnitzler.
2775 1497 3297 1566 Verzicht nicht wenigstens
1615 1530 1838 1608 vor uns.
2779 1532 3412 1620 getragen hätte? Und alaube
561 1519 1608 1605 Ein seltsam nachdenkliches, ein beengend fragereiches,
2772 1584 3384 1670 Menschen, Mann oder Weib,
1727 1581 2770 1667 Das hebt ihn so viel höher als den Genossen seiner
455 1581 1614 1668 ein tseftrautiges Stück, In dem ebenso viel Wissen wie
2768 1615 3412 1699 dürften, was wir ihm geschent
449 1627 1612 1725 Staunen ist. Ebenso viel /Resignation wie Hoffnung.
1619 1631 2760 1706 Weltanschauung, den Maler Julius Fichtner. Daß
2774 1695 3410 1745 unserem Wesen, eine Stund##
465 1684 1620 1751 Ebensoviell verzweifelte Verneinung als mutige Bejahung.
1618 1668 2769 1761 bei ihm hinter diesem Entronnensein allen hindernden
2781 1722 3415 1803 wirklich an sie verloren hätten
464 1726 1615 1814 Weil es ein Stück fist, (das# al einem Anfang sieht und
1635 1726 2771 1813 Gefühlsbanden eine Sehnsucht sich birgt nach dem naiv
2771 1778 3415 1875 bezahlt zu machen, mit welcher
454 1774 1615 1881 an einem Endt. Ein Stück geschrieben am Scheideweg des
1622 1770 2780 1860 Triebhaften, nach den einfachen Gesetzen geradlinigen
1620 1828 2782 1915 Menschentums. Und er in dieses, ihm durch eine Wesens¬
451 1844 672 1936 Lebens.
2886 1837 3404 1918 Schnitzler brauchte zur ##
1632 1867 2783 1964 art verschlossene Paradies blickend, sich stolz ergibt, ganz
593 1862 1622 1968 Es sind zehn Jahye her, daß es entstanden ist. Und
2781 1902 3407 1983 den Parallelismus. Zwei Men
1625 1923 2776 2018 und restlos zu sein, wozu ihm seine innere Bestimmung
459 1927 1626 2010 Artur Schnitzler kam in jene Jahre der vollen prangenden
2779 1948 3419 2035 stehen, die einem Rythmus ge
1624 1971 2788 2066 geschaffen. Er ist stark genug die Konsequenzen seines
465 1966 1631 2075 Bewußtheit des Daseins, die in sich noch das Verglühen
2781 2002 3389 2082 sind Renaissancemenschen in
1634 2016 2790 2109 Ich zu tragen. Er will sich der „Douloureuse“ nicht
463 2031 1625 2118 des Jugendrausches schließen, und schon von der Ahnung
2792 2042 3418 2124 Auslebens. Diese Zueinanderst
1632 2068 2775 2154 entziehen. Er zahlt seine Lebensrechnung ohne Einspruch
472 2061 1633 2171 überhaucht werden, daß Leben nicht nur Blühen, sondern
2784 2090 3421 2166 allmählich in Gegeneinanderste
1626 2103 2788 2216 zu erheben. Julian Fichtner aber hat, üppiger vielleicht
464 2125 1630 2207 auch Vereisung ist. Ihn schauerte vor der Trauer aller
2796 2140 3419 2217 ist in seinem Mangel, reich ist
1639 2166 2794 2250 noch wie Sala, unbedenklicher noch, Feste seiner Sinne
470 2171 1632 2260 Einsamkeiten. Und er sah, was nur dem Dichter zu sehen
2789 2192 3422 2266 Einsamkeit, kurz unnachgiebig
1631 2210 2792 2302 gefeiert. Wenigstens wissen wir von ihm Dinge, die
476 2220 1631 2321 gegeben ist. Er sah sich selbst jenen anderen Weg be¬
2784 2246 3407 2318 Andere im Glück brutal mit
1631 2256 2799 2333 im Leben Salas hinter Schleier verborgen bleiben. Wir
480 2273 1635 2356 schreiten, den er, durch den Willen des Schicksals (denn
2794 2278 3424 2375 Unglück aber feige diesem Selb
1638 2308 2796 2393 wissen, daß er zwei Frauen verführte und verließ. Daß
476 2322 1629 2404 Selbstbestimmung ist auch nichts anderes), nicht gegangen
2794 2328 3424 2420 tik gegenspielender Kräfte wird
1633 2357 2795 2438 die Eine dadurch ihren sittlichen Halt, ihre Reinheit
475 2354 1629 2458 war. Er spann aus seiner Seele die Gestalt des Genießers,
2869 2387 3416 2462 in diesen Parallelgestalts
1648 2398 2802 2497 verlor; die Andere nur durch die mutig auf sich ge¬
484 2387 1639 2494 der unumschränkt herrschen will im Reiche des Empfindens;
2802 2438 3413 2511 einer seelischen Differenzierung
1644 2450 2802 2543 nommene Last eines lebenslänglichen Betruges aufrecht
472 2464 1641 2565 des sich Bewahrenden, der Grenzen absteckt, die zu über¬
2800 2487 3423 2571 einer Wurzel Blüten, versch
1644 2502 2798 2595 blieb. Und dennoch will, da das Alter seine ersten
477 2510 1648 2612 schreiten keine Hingabe wagen darf; des Hochmütigen, der
2794 2541 3186 2624 erstehen zu lassen.
1654 2543 2805 2631 Schatten wirft, Julian nun das besitzen, was nur durch
479 2557 1641 2651 sich vermißt, das Leben zu einer ästhetischen Angelegenheit
2898 2582 3427 2674 Auch sonst ruht das St#
1643 2598 2805 2692 Opfer sein hätte werden können. Die Liebe eines Sohnes,
485 2596 1654 2702 zu machen, und es auszukosten, wie ein Sammler seine
2793 2651 3427 2727 tief erfühlten Gesetz dramatisch
1647 2651 2806 2734 den er anderen überlassen hatte; der gelehrt worden war,
484 2652 1654 2737 Gemäldegalerie. Als stolzer Besitzer überwundener Erleb¬
2806 2696 3396 2764 das Schwerste gelang dem
1653 2693 2800 2782 einen Anderen Vater zu nennen. Nehmen, ohne zu geben,
489 2702 1655 2785 nisse. Gerade vielleicht, da er den Weg der Liebe, der
2799 2727 3425 2830 v. Sala die ebenbürdige Geuch
1656 2754 2803 2828 dieses Losungswort seines Lebens sollte nun auch in
500 2744 1655 2840 Opfer, des Selbstvergessens und aller Unsicherheiten solcher
2816 2787 3428 2877 der Johanna in ihrer einzigar
1659 2792 2807 2881 den nahenden Herbsttagen von keinem anderen abgelöst
493 2800 1648 2892 Hingabe wählte, hielt er wohl zu dieser Zeit Abrechnung.
2816 2825 3431 2920 kürlichen Sonderheit. Aber und
487 2846 1657 2932 Und fand, da auch den „Anderen“ in sich. Jenen Herrn
1659 2866 1846 2945 werden.
2810 2883 3432 2959 ist die Begegnung, ist das zur
492 2884 1661 2983 v. Sala, der im 16. Jahrhundert Don Juan geheißen;
1760 2903 2811 2984 Das Leitmotiv des Schauspiels tönt, scharfumfaßt
2802 2941 3424 3032 zur Vernichtung führende Ver
500 2925 1658 3021 1850 Lucien de Rubenqué und 1890 Dorian Gray
1661 2975 2818 3044 und vibrierend, in einer Szene des vierten Aktes, da der
2809 2982 3439 3057 was ist Johanna Anderes als
500 2992 1659 3078 gewesen ist. Sala gehört wie die zwei Letztgenannten zu
1655 3009 2813 3088 stoische Egoist Sala dem wehleidigen Egoi## Fichtner
2816 3028 3432 3112 Sehnsucht, des in ein werden
511 3042 1659 3125 den typenbildenden Gestalten der zeitgenössischen Literatur.
1655 3052 2823 3140 die Bilanz ihrer Daseinswerte darlegt. „Lieben heißt, für
2817 3086 3430 3163 welchem jene Frau, die ihre M
509 3088 1655 3179 Ein selten gefaßter Mensch ersteht in ihm, und durch ihn
1656 3096 2818 3200 jemand anderen auf der Welt sein. Ich sage nicht, daß
2825 3137 3429 3206 sann? Was anderes als die z
516 3124 1671 3225 erhält ein Zeitzustand sein Licht. Denn es ist mehr in
1663 3145 2828 3238 es ein wünschenswerter Zustand sei, aber jedenfalls denke
2813 3188 3432 3260 jetes weiten, bedenkenlosen Wes
513 3190 1664 3275 ihm lebendig gemacht als nur der Gegensatz von ge¬
1666 3196 2813 3283 ich, wir waren beide sehr fern davon. Was hat das, was
2815 3231 3417 3303 Lebenswillens, jener heißen
515 3221 1659 3318 nossener Fülle und drohender Leere; mehr als der Kampf
1664 3248 2822 3347 unsereiner in die Welt bringt, mit Liebe zu tun? Es mag
2831 3259 3425 3355 Fichtner zwangen, sich außerh
512 3271 1671 3377 zwischen altruistischer und egoistischer Weltanschauung. Das
1662 3292 2824 3372 allerlei Lustiges, Verlogenes, Zärtliches, Gemeines,
2824 3327 3444 3406 Verantwortung zu stellen. W
504 3335 1668 3428 letzte Geständnis einer sterbenden Art ist diese Gestalt.
1665 3343 2827 3432 Leidenschaftliches sein, das sich als Liebe ausgibt, aber
2828 3377 3411 3452 Alte=Leut'=Kinder gibt, die
518 3372 1673 3466 Die Synthese aus jener Generation von Gehirnmenschen
1663 3409 2828 3503 Liebe ist es doch nicht ... Haben wir jemals ein Opfer
2820 3408 3446 3496 hafter Erfahrung auf die Wel
517 3433 1672 3516 gezogen, welche es versucht haben, über dem Leben zu
1662 3441 2835 3528 gebracht, von dem nicht unsere Sinnlichkeit oder unsere
518 3471 1672 3562 stehen. Jener Vivisektoren der eigenen und fremden
3371 3500 3438 3555 14
520 3532 3432 3634 Seelen, die neugierig zu genießen vermochten als steril! Eitelkeit ihren Vorteil gehabt hätte? . . . Haben wir je durch das geheime Erlebnis ih
