3392 4256
1041 242 1110 307 W
1378 206 1865 318 box 23/5
740 254 969 305 nSam
217 249 1237 330 18. Der einnneg
128 700 3067 788 que la vie a des Le Démon de la Terre concu dans la d#en réve et je suis, le jour suivant, toute ] mais que nul lengage ne peut exprimer...
2165 749 2844 805 une autre musique, une poésie.
1309 741 1712 820 brisée „, dit-elle.
120 744 1329 807 bré, dans l’éter-mime formule est cependant plus serré et
2213 774 3060 844 Le Chemin solitaire contient une suite.
121 774 1330 845 ation, composé-Iplus bref, bien que si l’on afoute au Dé¬
1342 809 3059 882 Son but, c’est Schoën, son lanceur, celut (de petits drames secrets, intimes, juxta¬
432 821 1329 889 inen de la Terre, sa suite, la Rotte de Pan¬
127 816 458 895 des expression¬
1313 846 2188 901 qui pourrait-n’être pas dupe. II va se ma¬
2184 862 3067 923 posés, confondus et qui viennent isoler les
435 864 1314 923 Idero, qui reprend le personnage principal,
1311 888 2193 939 rier. Mais elle l’enveloppe, le grise, se
2175 894 3076 962 existences, les envelopper d’une invisible
430 910 1319 970 Loulou, la femme fatale, pour le conduire
126 906 454 980 impressions du
1312 911 2202 982 refuse, T’attire dans sa loge. Vétue de sön
2184 930 3081 994 atmosphère de brume et les séparer des
442 945 1317 995 jusqu'a sa mort à Londres, sous le poi¬
109 950 455 1023 nniste stelforce
1313 957 2195 1019 costume de théätre un Pierrot blanc qui
2189 968 3076 1032 autres existences. Chaque vie porte en elle
442 982 1317 1038 gnard de Jack l’Eventreur, dans ces deux
120 994 455 1060 ssollicitations,
1314 991 2189 1056 Jui donne un double sexe étrange, elle
2181 1002 3071 1069 son mystère et chacun suit, dans'le fond
448 1024 1319 1068 drames, qui n’en font qu’un, s’enchainent
119 1048 442 1096 is, les induc¬
1320 1040 2180 1098 parvient à faire perdre la téte à Schoën
2178 1046 3064 1103 de son ccrur, une route solitaire ou l’on vit
448 1058 1315 1105 une longue suite de pérlpétics. IIy a dans
146 1075 451 1137 L’expression-
1309 1069 2184 1131 qul jusque-la se défendait si bien contre
2186 1083 3075 1152 avec des souvenirs, avcc des désirs, avec
449 1092 1320 1143 cet expressionnisme beaucoup de roman¬
123 1101 454 1168 ineline à Tou¬
1312 1118 2188 1167 elle. Envodté par la diabolique androgyne,
2175 1117 3075 1187 des regrets et des espérances. Ceux d’ail¬
441 1130 1312 1184 tisme et de naturalisme mélés.., L'héroine
115 1141 449 1207 ne au caricaiu¬
1312 1154 2176 1209 tout frémissant de concupiscence, Schoen,
2174 1153 3068 1231 leurs, qui n’ont pas de sentier solitaire
446 1172 1310 1230 du Démon de la Terre, Loulou est une au¬
128 1193 445 1246 ition passionnel
1311 1200 2179 1256 vaineu écrlt sous la dictée de Loulon une
2184 1200 3074 1263 pour circuler à l’écart de la foule, cenx-la
446 1198 1321 1254 tre Nana, une sorte de femie fatale, eréa¬
122 1211 442 1285 Tame risque de
1318 1227 2186 1296 lettre de rupture honteuse à sa flancée
2178 1230 2755 1299 n’ont pas de personnalité,
444 1240 1322 1294 ture avide et polyinorphe, vétue de tous
117 1264 440 1321 . Forme ten¬
1315 1274 1616 1340 II est perdu.
2206 1259 3066 1330 Ilv a plusieurs aventures cachées, plu¬
450 1288 1314 1339 les costumes, comécienne, chanteuse, dan¬
121 1297 448 1366 t pour laquelle
2183 1309 3065 1372 sieurs de ces voies mvstérieuses du passé
444 1312 1326 1374 scuse et prenant toutes les formes et tous
1345 1316 2187 1380 Enfln Loulou, victorleuse de Schoen, a
121 1338 449 1392 u-mème le cin¬
2183 1347 3069 1397 ou du présent dans Der Einsame Weg:
450 1356 1325 1405 les visages pour alfoler les hommes par
1314 1357 2185 1430 complétement asservi le malheureux et
121 1370 448 1443 psychologiques.
2176 1390 3080 1459 celle du peintre Fichter qui est le père,
446 1394 1317 1448 une sorte de magnélisme sensuel qui lui
115 1409 449 1472 Kient en Sakan¬
1308 1423 3079 1493 fait de sa maison un lupanar ou ellenaturel de Félix,l’officier,ie fils légitime du'
437 1438 1311 1486 amene antour d’elle teus les mäles, de tous
117 1442 321 1510 oseie
1310 1452 2170 1504 regne au milien des hommes et des fem¬
2178 1465 3065 1527 prolesseur Wegralh, celle d’lrene Herms,
445 1470 1312 1525 les ages et de toutes les conditions et non
116 1471 444 1549 nisse prédo¬
1308 1483 2179 1545 mes dont la surescitation génésique fait
2175 1501 3071 1566 amoureuse jadis de Julian Fichter, celle de
440 1505 1311 1556 seuleinent les males, mais aussi ces femel¬
136 1535 437 1575 d’une valeur
1320 1523 2177 1580 ses délices. Schoen, honteux de sa déchéan¬
2176 1541 3070 1601 Johanna Wegralh, l’ingénue éprise de l’ex¬
435 1547 1317 1605 les damnées de Baudeleire, personnifiées
121 1557 451 1622 nsuffisant sans
1317 1553 2188 1620 ce pense à se débarrasser d’un seul coup
2173 1570 3077 1632 plorateur Von Sala, celle de Sala qui ignore
433 1593 1018 1648 par la comtesse Geschwitz
118 1595 444 1658 ul qui diete ie
1296 1600 2182 1656 et de Loulon et de l’abominable vassa¬
2176 1615 3077 1682 T’amour de Johanna.., Et Julian Fichter,
121 1628 459 1700 6 et de l'uniié
461 1642 2181 1697 Le Démon de la Terre n’est que la pre- lité ou il croupit dans une humiliation
2178 1656 3067 1705 après la mort de Mme Wegralh, se retour¬
122 1683 457 1737 de suggestion
1307 1679 2185 1730 abjecte. Loulon prévient son geste et le
445 1671 1320 1749 mière phase de l’ascension de Loulou vers
2175 1697 3072 1751 ne vers ce fils qu'il voudrait nommer son
121 1719 448 1770 ste et la foule.
1314 1718 2189 1779 tue. II se sera suicidé comme Schwarz.
438 1727 1335 1775 la fortune, gräce à son extraordinaire pou¬
2187 1733 3077 1798 enfant et qui le repousse. Trène Cherche
122 1756 449 1818 I faut attacher
1310 1758 2188 1810 Loulou pourra continuer son jeu infernal
446 1754 1320 1821 voir aphrodisiaque. Au premier acte Lou¬
2176 1774 3069 1838 9 percer le secret de Julian. Sala reçoit
1310 1795 2185 1846 de dompteuse d’hommes, jusqu’au jour ou
439 1803 1317 1858 lou, petite fille des rues, vague marchande
2188 1805 3074 1873 T’amour de Johanna.,, et Johanna, qui ne#
1308 1840 2183 1898 Jack l’Eventreur lui donnera le coup de
132 1830 441 1901 s vous disent:
442 1847 1310 1897 de fleurs, que protégeait un personnage
2180 1857 3062 1914 croit pas qu'une existence uisse conserver
1308 1877 1481 1947 gräce.
141 1875 439 1943 les objets o.
438 1886 1320 1942 en place, le docteur Schoen, a été épousée
2165 1886 3077 1946 intact un grand bonheur doutant de son
116 1906 446 1983 me ces objets
442 1920 1331 1985 par un vieux médecin, le docteur Goll,
2184 1926 3067 1985 amant se tue. Von Sala le suivra dans la.
1347 1922 2189 1995 Cette figure de courtisane fatale date
439 1965 1318 2016 bonhomme pas très solide qu’elle achève,
124 1956 447 2018 ily a plus de
2182 1965 3075 2030 mort et Félix, revenant avec tendresse
1303 1972 2182 2034 aujourd'hui quelque peu. La vie sportive,
118 1998 449 2053 time de Benja¬
441 1999 1308 2046 et dans l’atelier du peintre Schwarz, cos¬
2175 2004 3068 2069 vers son père, si douloureusement frappé,
1305 2019 2180 2071 la liberté des femmes ont modiflé le type,
112 2030 450 2100 béen des Fran¬
443 2033 1310 2090 tumée, Loulou pose pour son portraft.
2167 2040 3064 2102 lui prodigue la tendresse d’un fils par le
1311 2056 2193 2107 mais l’imagerie expressionniste qui falt
136 2072 441 2134 mieux connu
445 2065 1309 2142 Schwarz est amoureux de Loulou com¬
2175 2079 3068 2132 sang. Un secret restera éternellement en¬
1309 2088 2188 2145 passer ce cauchemar brülant, abracada¬
113 2108 443 2171 leterre et la
441 2102 1313 2171 me le fils de Shoen, Loulou, coquette
2185 2123 3060 2180 tre eux. Julian Fichter demeurera seul.
1307 2129 2178 2188 brant sous nos veux, ne manque pas de
447 2154 1318 2202 à froid avec tous, restée seule en compa¬
117 2147 448 2221 njours vraie. v
2178 2155 3075 2223 Chacun suivra, dans son cceur, une route.
1317 2170 2177 2233 vigueur. Son dynamism rageur et sa
444 2198 1311 2247 gnie de Schwarz affole T’artiste. Goll qui
2185 2198 3068 2265 a part de recueillement, de tritesse, d’a.
108 2203 443 2265 ent, ses carac¬
1320 2204 2184 2262 lourde volupté. son tragique lent et fan¬
436 2227 1315 2283 rentre à l’improviste les surprend tous les
2177 2235 2657 2296 bandon ou d’illusion.
1302 2235 2090 2305 tastique sont d’essence germanique.
119 2234 439 2303 Peiques et par¬
440 2263 1322 2326 deux et de fureur, le vieil homme usé,
2213 2264 3055 2319 Dans les deux comédies, l’interpréta¬
122 2283 445 2337 ernard Shaw,
444 2301 1322 2352 saisi par une attaque, tombe raide mort.
1336 2297 2175 2362 C’est la continuité d’un réve qui, mème
2176 2300 3073 2372 tion est lente, posée, réfféchie, méme dans
128 2316 448 2382 ement, procède
441 2341 1319 2414 Voilà Loulon riche et veuve. La première
1309 2350 2184 2404 dans la pesante sensualité, déborde l’ima¬
2172 2350 3073 2405 la passion, dans la représentation de
135 2356 444 2417 Frank Wede¬
437 2388 1156 2455 étapo de sa fortune est franchie.
2181 2388 3071 2437 T’äpre convoitise charnelle; au milieu de
1304 2392 2182 2448 ginaire comme le réel, ne s’achéve ni ne
141 2392 446 2457 faire place à
2172 2429 3076 2480 quoi se déroulent les stupres du Demon u.
1317 2427 2181 2478 commence réellement mais dure dans le
167 2433 458 2493 encore plus
458 2429 1315 2503 Loulöt a épousé Schwarz. Son effrayante
2179 2466 3072 2535 la Terre comme dans l’évolution passion¬
1320 2472 2184 2522 temps et l’espace, susceptible de prendre
105 2472 439 2538 lice de la vrai¬
446 2475 1322 2539 coquetterie a servi les intérêts de son
2169 2485 3073 2571 nelle de la vierge Johanna, éprise de la.
1315 2503 2182 2565 toutes les formes, culte de la Vie et De¬
120 2512 447 2578 son idéologie.
444 2518 1315 2576 mari. IIs sont riches. Schwarz est presque
1318 2542 1975 2610 venir éternellement mouvant..
2169 2541 3065 2609 maturité de Stephan Von Sala.., Tout est
111 2552 449 2606 dées et ses si¬
438 2556 1317 2617 gélebre. II y a une ombre dans la vie
2169 2582 3066 2644 appuvé. Chaque mot est précédé d’une,
123 2582 447 2661 bour mettre en
439 2603 1328 2648 de Loulou, son pseudo-père, le vieux böhé¬
1330 2598 2183 2675 Arthur Schnitzler est un autre Porto¬
2183 2615 3066 2685 physionomie, d’un geste bien lisibles pour
435 2635 1310 2687 ine Schigoleh, qui vient la relancer et lui
1317 2642 2174 2707 Riche, moins incisif, plus langoureux,
2185 2651 3067 2723 le spectateur, qui distingue d’abord sur
444 2680 1312 2740 rappeler la Böhème fangeuse d’ou elle est
119 2665 438 2731 ind traduite et
1311 2692 2179 2739 d’nn érotisme moins nerveux, point ré¬
2178 2696 3086 2762 les visages le sens des impressions quel
114 2713 434 2785 ling Erwachen
434 2710 2194 2795 sorfie. Schoën représente pour Loulou volté et moins personnel. Il a également
2183 2731 3076 2800 vient completer la parole accentuée, mais
119 2754 434 2816 été représentée
445 2754 2177 2828 l'homme brillant, dominateur, celui quicomposé des saynêtes à la Sacha, d’hu¬
2177 2770 3070 2844 laissant encore dans cet accent, une signis
443 2796 1322 2848 détient aussi une partie du secret de son
119 2802 443 2860 08, avec beau¬
1311 2809 2183 2853 mour viennois, La Ronde, par exemple
2171 2812 3060 2870 fication à demi suspendue, inachevée,
444 2832 1312 2884 douteux passé. IIs parlent tron haut. Le
122 2833 449 2894 rien resté que
1303 2841 2178 2892 (traduite), suite de sketches qui met suc¬
2182 2847 3064 2907 Dresque noyée dans un étrange fondu de
440 2860 1315 2927 candide Schwarz demande des explica¬
120 2866 447 2931 tion dont Rou¬
1313 2881 2180 2929 cessivement en scène un couple, un hom¬
2181 2888 3081 2956 P’expression. Pour ainsi dire médité, c’est.
434 2908 1309 2962 tions. Schoen, cvnique, lui conseille de
118 2905 442 2975 rent en France
1313 2907 2181 2967 me et une femme, de différentes classes
2178 2926 3064 2976 le jen dramaturgique d’un peuple qui
441 2942 1308 3001 n’en pas demander. Vous avez le mil¬
1314 2962 2170 3009 de la société, toujours mené par la mème
2170 2965 3073 3013 pense beaucoup, veut penser et pour le¬
431 2979 1310 3040 lion n lui répond-il à plusieurs reprises,
1306 2986 2177 3047 unique préoccupation. Moins vigoureux
2170 3001 3067 3063 quel le plaisir et la songerie sont encore:
126 2994 1313 3077 en quinze ta-Tleitmotiv presque injurieux qui éclaire
1300 3031 2171 3089 que les Allemands, nullement moralistes,
118 3041 445 3095 la puberté chez
2170 3039 3074 3109 une sorte de labeur, au milieu duquel, sa.
439 3056 1303 3111 Schwarz sur les origines de sa fortune.
1305 3060 2187 3132 observateurs et railleurs, dans leur super
145 3077 436 3131 suicide d’un
2168 3081 3069 3144 massive intelligence, sa sensualité maté#
438 3092 1302 3155 Pendant que Loulou flirte avec Schosn, le
1299 3117 2181 3164 ficialité, les Viennois ne manquent pas de
117 3110 444 3175 kämens et unc
2169 3115 3061 3186 rielle s’allègent et se spiritualisent et mon¬,
437 3132 1311 3201 malheureux Schwarz passe dans son ate¬
1302 3149 2177 3210 nuances. Une longue houvellé de Sehnit.
118 3145 445 3216 is qui se de¬
2179 3148 3065 3218 tent comme une fumée de' plus en plus'
436 3173 1314 3228 lier ét se tranche la gorge avec un rasoir.
1310 3191 2170 3246 zler, Mademoiselle Else (traduite) donne
119 3197 436 3257 ine gamine de
2169 3192 3070 3254 légère, de plus en plus allégre et lumi¬
441 3209 1305 3265 Loulou est aussi indifférente au suicide
1310 3219 2170 3282 une idée des meurs et de la psychologie.
109 3236 435 3290 Entet sa mort.
2180 3231 3080 3295 neuse, au für et à mesure que ses volutes:
444 3249 1304 3305 de Schwarz qu'à la mort de Goll. Schoen
1311 3254 2171 3322 Elle est éerite, par un auteur dramatique,
120 3277 443 3332 e scène de ci¬
2172 3272 3069 3342 anx mille mouvements, s’élèvent vers le##
437 3281 1312 3339 obligeamment s’arrange avec la police
1305 3290 2184 3357 sous la forme du monologue intérieur,
2182 3297 2297 3357 elel.
108 3298 442 3362 n suleidé au
438 3330 1309 3392 vour que la brusque fin volontaire de
1306 3339 2181 3393 forme fausse. Le monologue intérieur est
126 3349 446 3412 la maison de
2192 3336 3074 3407 Mme Orska est une Loulou incompar####
440 3356 1319 3430 Schwarz soit mise sur le compte d’une
1304 3379 2172 3437 un amalgame de sensations extrémement
137 3387 248 3454 vie.
2173 3370 3070 3446 ble, une vivante silhouette d’Aubrey-Bear:
429 3406 1304 3458 erise de démence subite. Loulou a essuyé
1304 3412 2189 3476 disparates, quasi simultanées et si rapi¬
2164 3414 3061 3485 dsley. Dans le Chemin solitaire, Albert Bas.
119 3424 450 3502 hit obtenu un
438 3447 1298 3512 le sang de Schwarz sur la main de
1295 3451 2173 3510 des, si fugitives et si variées que leur tra¬
2177 3466 3066 3523 serman et Kathe Haak, avec tous les ar¬
436 3476 666 3547 Schotn
116 3473 447 3535 magne. La to¬
1295 3488 2170 3544 duction, en mots précis devient impossi¬
2166 3498 3063 3550 tistes de leur compagnie, maintiennent
112 3509 457 3574 lans ie drame,
1288 3522 2167 3587 ble, sauf dans le cas ou un discours est
2170 3540 3059 3612 avec une gräce, une vérité et une intel-,
111 3547 452 3613 de réalisme ei
474 3542 1321 3615 Veuve pour la seconde fois, Loulou est
1300 3572 2193 3620 imaginé et élaboré sciemment, ralentis¬
2177 3566 3066 3645 ligence d’exécution remarquables, celle.
118 3586 445 3657 ations et des
439 3600 1306 3650 montée sür la scène. Danseuse et mime
1311 3611 2179 3670 sant la pensée rétrécissant son horlzon.
2176 3619 3073 3680 des états de l’äme, l’art dramatique de ces,
106 3628 437 3690 irs jaillissant
438 3636 1317 3704 acclamée, elle passe devant le désir des
1300 3644 2175 3706 La parole intérieure se compose de termes,
2175 3662 3061 3709 deux pays, patries des grands musiciens,
120 3673 451 3730 hr dans la psy¬
441 3677 2187 3749 hommes plus excitante que jamais, Actri-compris de nous seuls Ce sont, avec.
2169 3696 3076 3764 des grands philcsophes et des grands fai¬
124 3707 2813 3774 npécha Le Ré-Ice deux fois femme. & Si je ne danse pas!quelques phrases resonnant, de nofre seuleseurs et explicateurs de rèves.
122 3757 2191 3832 en France,  un soir, pendant toute la nuit, je danse] voix, des états de l’áme.,, profonds, divers
2624 3766 3045 3848 Claude BERTON.
