3484 4352
32 2786 96 2853 ch
65 2881 114 2937 ei
1468 270 1939 384 box 23/5
1132 304 1208 365 W
326 301 1327 418 18. Der einsage nen
3110 1132 3338 1214 Tehten.
2162 1179 3342 1261 Mutig können sie vor ihre Wahler hiluleten und ihnen
1002 1193 2170 1265 und die Erfahrung des Volkes von selbst die Zusammen¬
210 1192 998 1283 wendigkeiten unserer gesellschaftlichen
2175 1240 3337 1308 sagen, daß die alten Schlachten noch einmal zu schlagen
1004 1240 2166 1315 setzung des Hauses verbessern wird. Die Auflösung ist je¬
207 1263 996 1329 rrüttung sich ergeben hätte. Es wurde
2170 1287 3338 1372 sind, daß deutsches Recht sich gegen böhmisches Staats¬
1004 1295 2163 1358 doch eine gar nicht zu vermeidende politische und sittliche
215 1307 994 1385 ngleuren durch ein triviales Kunststück
2167 1351 3340 1410 recht zu schützen habe und daß eine Politik, welche die
1005 1348 2164 1406 Notwendigkeit. Das österreichische Parlament wird erst ge¬
2164 1385 3337 1455 Deutschen zur beständigen Minorität niederstampfen will,
1002 1396 2166 1468 sund werden, wenn die Czechen überzeugt sind, daß sie
200 1381 997 1486 Undere Steine nach ihm werfen. Wir
2167 1429 3332 1507 zerbrochen werden muß. Die Auflösung ist ein Kains¬
1010 1441 2169 1499 ohne den böhmischen Ausgleich nicht zur Ministerbank
209 1454 1000 1516 dazu, mit Dünkel über ein Haus zu
2171 1479 3345 1558 zeichen; das für den Verfassungsmord in die Stirne der
1002 1480 2167 1570 vordringen werden. Sie wollten den alten Kniff, den sie
200 1500 1003 1573 rhin das bleibende Verdienst zufällt,
2165 1533 2783 1616 Czechen hineingebrannt wird.
209 1527 2168 1627 haffen und bis zu dieser Stunde für unter Koerber aufgeführt haben, wiederholen. Damals
215 1565 2189 1667 edürfnisse verfassungsmäßig gesorgt zu haben sie nach oben gewedelt und nach unten mit den
2249 1669 3350 1732 Wer Monte=Carlo selbst zum Ruhepunkt wählt¬
996 1677 2181 1767 Drohungen einer Jahreszeit fliehen kann, die so viel
216 1705 545 1789 immer enthält:
2170 1723 3349 1778 kommt leicht in den Verdacht, ein Glücksjäger zu sein.
1011 1721 2168 1791 Krankheiten und Vernichtungsabsichten in ihrem weiten
2172 1761 3348 1835 Nun, jedermann jagt dem Glück nach und das Glück dieser
1006 1771 2166 1845 Mantel führt, lacht und winkt. Der Jubel unsäglich blauer
225 1754 1008 1869 = und Industrie=Zeitung“:
2180 1807 3348 1871 Gegend ist die Sonne, die Luft und die Wärme. Das
1015 1822 2172 1886 Buchten klingt aus silbernen Fernen: Kommt, kommt. Wir
2168 1852 3356 1918 Spiel, das die vielen Tausende herbeiruft, ist kein Glück
210 1849 996 1946 ielle Lage des Holzmarktes
1005 1880 2164 1938 leuchten noch wie einst, besänftigt plätschern unsere Wellen,
2181 1909 3349 1997 und diejenigen, die ausschließlich seinem Rufe folgen,
1007 1917 2175 1991 um eine geliebte Küste zu kosen, hier gibt es nur Brisen
228 1909 993 2017 verarbeitenden Industrien.“
2172 1952 3340 2037 suchen ganz anderes als die Wintermüden, Wärme¬
1013 1966 2178 2034 und keine Stürme, blau und zärtlich ist unser Himmels¬
2165 2001 3348 2082 bedürftigen, die das mit in den Kauf nehmen
221 2002 1001 2094 n Rat Alexander v. Engel,
1009 2015 2177 2077 strich, überall kann die Sonne durch, sie lacht über Palmen¬
2169 2048 3354 2126 müssen was den anderen Selbstzweck und ausschließ¬
1008 2061 2159 2126 landschaften, Zypressen= und Orangenhainen und tief durch¬
277 2070 1001 2166 „Chemismus und Fort¬
2177 2098 3356 2169 liches Reiseziel ist. Freilich, einmal angelangt, wirkt die
1010 2109 2172 2185 löchert von zahllosen großen Sternen ist das Kleid unserer
2166 2147 3354 2216 schwüle Atmosphäre, die um die Spielsäle lagert, selbst
1007 2171 1187 2242 Nächte.
243 2144 994 2241 Gerbereitechnik.“ (Aus einem
2176 2204 3355 2262 auf den Geseiten und Gescheiten. Auch wer gegen diese
1092 2185 2172 2274 Mancher, der abkommen kann, läßt sich von den
233 2223 1007 2321 fessor B. Kohnstein.) Miszellen.
2173 2238 3355 2314 Räume gleichgiltig bleibt, kann sich nicht ganz dem
1017 2246 2177 2314 herangerufenen Stimmen verleiten. Nach anstrengender
2174 2291 3358 2366 Druck entziehen, den die Macht des Goldes hier ausübt.
1021 2299 2178 2364 Reise, die jedoch in der Erinnerung sofort mühe¬
2172 2332 3346 2396 Ernste Berufsmenschen, die das ganze Jahr keine Karte
1014 2358 2167 2412 los erscheint, sobald man den Fuß auf die Erde
2174 2382 3362 2450 in die Hand nehmen und an keinem Spieltisch anzutreffen
226 2359 1005 2465 etzung des Romans „Familien¬
1007 2401 2178 2472 gesetzt hat, steht man mitten drin in der Frühlings¬
2183 2451 3365 2500 sind, ja sogar jeder harmlosen Bridgepartie aus dem Wege
1020 2461 2187 2512 pracht des Landes der Freude, von dem, ach, kein
216 2444 874 2531 Ernst Georgy. Seite 22.
2173 2475 3350 2548 gehen, sieht man hier mit fortgerissen in den gemeinsamen
1015 2485 2183 2575 Hauch in die Länder herüberweht, die der Zweig nicht
2182 2534 3355 2599 Strudel. Die Suggestion durch die Massen wirkt, und es
1015 2530 2177 2606 gestreift hat, der — man erzählt's — im Paradies ge¬
2183 2566 3345 2640 gibt wohl kaum einen, der an dem gewaltigen Roulette¬
1022 2582 2178 2653 brochen und auf der Flucht von Eva verloren worden sein
237 2560 814 2689 uilleton.
2179 2610 3357 2686 palaste nur von außen vorübergegangen wäre, ohne dem.
1016 2637 2177 2710 soll. An der Stelle, wo er der Müden entglitt, entstand
2182 2663 3364 2747 Wunsch zu erliegen, doch auch einmal zu erproben, ob,
1012 2663 2177 2742 alsbald die Riviera. Dort ahnen die Menschen immer
237 2666 817 2802 Monte Carlo.#
2179 2712 3359 2790 man auf mühelose Weise erwerben kann, was sonst nur
1020 2728 2178 2798 wieder, was sie durch den Sündenfall verloren haben.
803 2679 948 2846 %
1012 2756 3358 2833 Die französische Azurküste ist gemeint, wo anders als in der Lohn für echte Arbeit einzubringen vermag. Im
235 2767 644 2852 Ien Siegfried Trebitsch.
1008 2792 3355 2896 Frankreich könnte das Paradies gewesen sein, denki der Dunstkreis des mit allem Zauber der strahlenden Berge
235 2815 1015 2910 nuartage zur Neige gehen und die
2177 2860 3365 2918 verbundenen Meeres, in der weichen, fächelnden Luft
1012 2872 2183 2935 Erfinder der Mär, ein Franzose. Dieser Teil der Riviera
232 2878 1018 2964 sten, deren Ausgangspunkt die Weih¬
2187 2904 3366 2963 läßt man von heftigen Trieben sich gern besiegen. Die Sonne
1017 2908 2185 2988 gleicht einer Perlenschnur, deren einzelne Teile den
236 2934 1004 3000 ngsam verglüht, während ein zähes,
2187 2953 3366 3025 und die glitzernde Bucht, das faltenlos, matt glänzende
1019 2965 2184 3025 gleichen Schimmer, aber nicht die gleiche Größe haben.
235 2983 1006 3048 ist immer tiefer herabsinkt und die
2190 2998 3367 3066 Meer und die schmeichelnde Brise, die darüber hinweg¬
1012 3010 2191 3078 Die kostbarste der Perlen ist Monte=Carlo, die anderen
235 3029 1007 3103 Hnüren beginnt, dann zaubert eine all¬
2177 3047 3363 3118 gleitet wie der Finger einer vertiesten Leserin über die
1015 3056 2172 3147 schmiegen sich an diese hin, nach zwei Seiten ver¬
239 3073 1014 3141 rung vielen dasselbe Bild vor die
2175 3099 3363 3170 Seiten eines Buches all das scheint im Sold des
1026 3101 2180 3167 laufen sie in Fernen von wechselnder Schönheit, deren
243 3111 1015 3199 frst lockt es leise und sobald es sich in
2188 3135 3362 3209 Dämons zu stehen, der an diesem Gestade seine gefähr¬
1025 3155 2175 3232 Liebhaber sich nicht einigen können, wem der Vorzug ge¬
242 3168 1027 3255 eschmiegt hat, fängt es an, heftig zu
2179 3185 3029 3281 lichen, oft todbringenden Netze auswirft.
253 3219 1198 3309 endes Gestade, an das man vor den bührt.
