3484 4256
1348 248 1873 345 box 23/1
801 277 1012 337 nSam
258 265 1282 365 18. Der eg
2202 1106 2668 1191 Telephon 12801.
779 1156 1240 1254 Telephon 12801.
1824 1196 3057 1279 Alex. Weigl's Unternehmen für Zeitungs-Aussehnitte
410 1259 1626 1345 Alex. Weigl’s Unternehmen für Zeitungs-Ausschnitte
2603 1252 3005 1363 —Dee Aasschaln
1308 1306 1582 1399 # Ausschnitt
2830 1308 3116 1406 Nr. 29
2069 1315 2759 1423 „OBSERVEN
1749 1321 2005 1437 N 105
1422 1358 1700 1454 Nr. 28
540 1333 1319 1486 „OBSERYER
1725 1385 3166 1481 I. österr. behördl. conc. Bureau für Zeitungsberiokte u. Persenalnschrichten
297 1449 1699 1528 L. österr. behördl. conc. Bureau für Zeitungsberichte u. Personalnachricht
1993 1464 2917 1534 Wien, I., Concondiaplarz 4.
574 1506 1487 1609 Wien, I., Concondiaplatz 4.
1734 1524 3165 1600 Vertretungen in Berlin, Budapest, Chicago, Genf, London, Newyork, Paris, Rom,
2092 1572 2815 1642 Stockholm, Krist ania, St. Petersburg.
308 1567 1707 1663 Vertretungen in Berlin, Budapest, Chicago, Genf, London. Newyork, Paris, Re
673 1628 1379 1704 Stockholm, Kristiania, St. Petersburg.
1720 1710 2259 1806 Ausschnitt aus:
2384 1688 3100 1814 Silganreimie Loltung, Mänchen
301 1768 837 1863 Ausschnitt aus:
903 1802 1625 1931 Einchner Neneste Nachrichtes
1721 1843 2364 1958 vom: 1012170;
318 1905 879 2017 vo# 16/210 00
2308 2052 2477 2126 —
1908 2083 2986 2157 7. Berlin, 13. Febe. Die Uraufführung von Arthur
1814 2136 2977 2215 [Schnitzlers neuem fünfaktigen Drama „Der ein¬
541 2136 1482 2250 (D Berliner Theater. Der letzte Samstag brachte
505 2206 1488 2304 drei Premieren. Im Deutschen Theater ging Artur
529 2253 1503 2326 Schnitzlers fünsattiges Schauspiel „Der einsame,
1850 2262 3017 2330 same Weg“ brachte dem Dichter nur einen halben Erfolg,
528 2279 1492 2361 Weg“ in Szene, ein, wie die Kritik einmütig feststellt, dü¬
1852 2325 3011 2368 trotzdem die Aufführung des Deutschen Theaters die besten
521 2333 1487 2412 steres, nur locker zusammengefügtes Stück, das trotz man¬
1851 2365 3019 2414 Kräfte ins Treffen führte und die Dichtung, die freilich nicht
532 2361 1488 2448 chen — bei Schnitzler ja seibstverständlichen — Feinheuen
1844 2398 3009 2456 immer bühnenwirksam und klar disponiert ist, mit tiefen Ge¬
522 2399 1498 2498 Des Dialoges doch nicht ernstlich zu fesseln vermochte und
1850 2431 3008 2502 danken und poetischen Schönheiten nicht geizt. Die gleich¬
538 2441 1491 2524 deshalb kühle Aufnahme fand. — Das Berliner Theater
1843 2484 3020 2536 zeitige Aufführung von Skowronneks gutgesinnten
542 2477 1493 2553 brachte das dreiaktige Schauspiel „Waterkant“ von
1851 2523 3007 2592 Marine=Familienblatt=Drama „Waterkant“ im Ber¬
533 2514 1496 2589 Richard Skowronneck das schon vor längerer
537 2560 1494 2657 Zeit seine Uraufführung in Hamburg erlebt hat und,
1856 2563 3179 2641 liner Theater erzielte einen sehr lebhaften und starken Erfolg. neluntre
548 2599 1500 2675 wir dort, auch hier, trotz der Entfernung von
1752 2616 3136 2686 Für Tränen auf der Bühne und Tränen beim Publikum — da sporta.
1556 2638 1719 2711 inclust
466 2626 1516 2724 50 der „Waterkant“ wegen seiner geschickten Mischung —
1789 2655 2667 2703 „ muß ein Stück schon flotte Fahrt haben!..
2968 2663 3148 2724 Zahlbar
332 2666 447 2741 Für
1567 2692 1716 2737 Porte.
458 2673 1517 2764 100 von Rührseligkeit und Scherz reichen Beifall erntete. —
1942 2697 2517 2757 * Im Wau
2795 2677 2947 2747 0.—
1416 2704 1455 2758 4
2501 2706 2561 2768 n
1863 2718 1970 2767 500
2807 2703 3196 2787 200. — im Voraus.
1785 2739 1828 2780 A
1391 2722 1731 2805 110.— Zahlbal
455 2755 556 2809 200
1845 2752 1963 2813 1000
1783 2767 1848 2835 *
1396 2770 1739 2858 20.— im Vors
1884 2764 3200 2845 Im Gegensatze zu anderen Burcaux für Zeitungsausschnitte ist das
448 2794 561 2841 500
1762 2815 3200 2896 Abonnement durch keine bestimmte Zeitdauer begrenzt; — auch steht es der
380 2829 558 2904 " 1000
483 2826 1712 2927 Im Gegensatze zu anderen Bureaux für Zeitungsausschnitte ist
1765 2870 3084 2945 Abonnenten frei die aufgegebenen Themen zu ergänzen oder zu ändern.
368 2865 1710 2967 Abonnement durch keine bestimmte Zeitdauer begrenzt; — auch steht es
354 2918 1676 3010 Abonnenten frei die aufgegebenen Themen zu ergänzen oder zu ändern.
1895 2931 3204 3021 Der „OBSERVER“ veranstaltet täglich einen Auszug enthaltend die
1773 2980 3201 3057 Inkaltsangabe aller wichtigen Mittheilungen der Wiener Morgen¬
481 2990 1708 3090 Der „OBSBRVER“ veranstaltet täglich einen Auszug enthaltend
1771 3018 3182 3098 Flätter (Tagesjeurnale ausser „Neue Freie Presse“ und „Wiener Zeitung")
368 3040 1730 3145 Inhaltsangabe aller wichtigen Mittheilungen der Wiener Morg
1783 3088 3218 3135 wodurch eine Uebersicht über das gesammte politische und wirthschaftliche
371 3078 1735 3175 blätter (Tagesjournale ausser „Neue Freie Presse“ und „Wiener Zeitun
1774 3114 3211 3171 Leben des In- und Auslandes in dastischer Kärze geboten wird. Diese Mit¬
376 3116 1733 3209 wodurch eine Uebernicht über das gesammte politische und wirthschaftli
1782 3149 2802 3217 sbeilungen werden in Wien um 9 Uhr Früh verschickt.
366 3155 1739 3245 Leben des In- und Auslandes in drastischer Kürze geboten wird. Diese 1
361 3210 1407 3301 tbeilungen werden in Wien um 9 Uhr Früh verschiekt.
2101 3220 2870 3313 Prospecte gratis und franco.
2228 3293 2801 3364 Quellenangabe ohne Gewähr.
697 3298 1485 3378 Prospecte gratis und fnanco.
875 3349 1422 3421 Quellenangabe ohne Gewähr.
3155 4096 3198 4167 4
