3484 4256
268 258 1874 335 18. Der einsane Nag box 23/1
927 764 1773 887 Dr. Max Goldschmidt
1184 892 1625 979 Bureau für
1081 960 1615 1050 Zeitungsausschnitte
837 1039 1846 1107 verbunden mit direktem Nachrichtendienst durch
1080 1090 1603 1161 eigene Korrespondenten.
1375 1135 1803 1213 Telephon: III, 3051.
890 1151 1254 1220 Berlin N. 24.
922 1193 1865 1257 —
1122 1254 1595 1340 Ausschnitt aus
806 1339 1782 1465 6 saed Gu
1005 1434 1774 1541 Z
886 1475 988 1557 —
761 1540 1882 1647 Cba
1025 1683 1757 1809 1# T. —.
1102 1898 1921 1989 von Berliner Theatern.
1550 1963 1903 2044 (Nachdruck verboten.)
1119 2023 1922 2111 Arthur Schnitzier zählt viele Freunde in
1058 2071 1929 2154 Berlin Feie gesstreiche, weltkundig zynische und
1057 2115 1933 2191 dabei bei Gelegenheit wieder wienerisch weiche
1067 2154 1934 2219 Persönlichkeit, die oft mit spielender Intelligenz
1070 2202 1936 2267 produzierte, gab so manche neue Sentiments
1064 2225 1941 2290 und blieb, selbst in verfehlten Versuchen, stets
1063 2278 1942 2338 Iso einst zu nehmend und apart, daß sein Name
1074 2310 1947 2383 genügte, einer Premiere den Stempel des
1069 2360 1937 2420 wichtigen literarischen Ereignisses zu geben,
1075 2390 1949 2453 der das Publikum unserer Bühnen nun einmal
1071 2425 1953 2499 so sehr lockt. Sein neues Schauspiel „Der
1074 2476 1952 2538 einsame Weg“, eine leider recht lang, zu lang
1086 2510 1950 2580 geratene Arbeit, erfuhr indessen eine, der dem
1080 2548 1947 2613 Autor entgegen zu bringenden Achtung ent¬
1083 2578 1955 2662 sprechende leise Ablehnung. Wer aufmerksam
1086 2627 1961 2702 gewesen war, hatte das voraussehen können.
1841 2667 1963 2709 dem
1089 2669 1850 2733 Schon in seinem letzten Stück
1082 2701 1964 2777 „Schleier der Beatrice“ zeigte Schnitzler
1086 2743 1964 2814 das Bestreben, psychologische Finessen auf¬
1092 2781 1971 2857 zuspüren, denen seine aus helle Licht des
1095 2823 1962 2891 Alltags gewöhnte und für landläufige Möglich¬
1090 2865 1970 2926 keiten geeignete Begabung nicht gewachsen war;
1091 2898 1971 2971 persönlich, das fühlte man, kam er ihnen ja
1089 2940 1967 3011 nahe, als Schriftsteller aber war er zu sehr
1095 2981 1969 3048 Empfinder, um bei der Ausgestaltung so ver¬
1099 3018 1968 3094 wickelter Momente nicht aus dem dramatischen
1099 3058 1971 3138 Konzept zu fallen und sich völlig in die Breite
1102 3096 1966 3172 zu verlieren. Beim „Schleier der Beatrice“
1097 3132 1973 3204 entschädigte immerhin noch das geschmackvoll
1099 3176 1973 3242 behandelte Milien der Renaissancekultur, dem
1106 3212 1974 3292 „Einsamen Weg“ aber fehlt auch diese captatio
1104 3255 1967 3330 benevolentiae und so ist es ein langweiliger Weg.
1170 3308 1984 3377 Den Zersetzungsprozeß, der eine Familie
1108 3352 1987 3425 auseinandertreibt, das notwendige Auseinander¬
1112 3394 1980 3468 gehen zueinander gehörender Menschen zeigt
1115 3431 1993 3514 uns das Stück. Die motivierenden Vorgänge
1107 3473 1987 3545 liegen zwanzig Jahre vor dem Einsetzen der
1110 3508 2000 3585 Handlung. Ein Mädchen wird von zwei
1116 3549 1990 3613 Männern begehrt; als sie der eine, der egoistische
1116 3598 2005 3653 Tempelamentsmensch, verlassen hat, nimmt sie!
1115 3629 2005 3700 den andern, — die alte Geschichte. Nicht der
1122 3659 2025 3742 ältere Sohn, die jüngere Tochter erst, die sie
1123 3713 1620 3791 ihw schenkt ist sein Lu#d
1991 1569 2816 1655 Beide Manner sind Kunstter, Malet. Der
1927 1630 2814 1701 Verheiratete wird ein braver Akademiedirektor
1940 1667 2820 1735 und lebt ein schlichtes und gerechtes Alltags¬
1936 1720 2811 1783 leben, froh in seinem konventionellen Familien¬
1941 1744 2813 1818 glück. Und doch ruht dieses Glück nur auf
1940 1793 2814 1863 der Lüge einer Frau, die ihre einstige Schuld
1934 1816 2822 1889 nicht verraten will. Auf ihrem Sterbebett
1939 1877 2826 1944 Lkommen ihr Gewissensbisse. Damit Schnitzler
1939 1912 2822 1975 seine Meinung dazu äußern kann, läßt er einen
1943 1943 2826 2020 Arzt zu der Kranken kommen und das Näsonne¬
1954 1985 2826 2054 ment abgeben: „Eine Lüge, die sich so stark er¬
1946 2016 2828 2094 wiesen hat, daß sie den Frieden eines Hauses
1949 2062 2825 2124 trägt, ist mindestens so verehrungswürdig wie
1946 2107 2825 2175 eine Wahrheit, die nur schädlich wirken könnte.“
2024 2115 2843 2203 Leider ist es nach dem Tode der Frau mit
1958 2180 2830 2249 der Lüge und damit auch mit dem Frieden aus.
1945 2234 2833 2296 1 Der einstige „Andere“ kommt wieder zu seinem
1951 2266 2827 2332 betrogenen Freunde, dem Professor Wegrath,
1959 2298 2840 2379 zurück. Ein gebrochener Lebensstürmer, ent¬
1955 2348 2825 2410 täuscht als Künstler, als Mensch noch ausge¬
2692 2380 2841 2434 seinen
1962 2380 2694 2446 bildeterer Egoist, denn einst in
1955 2407 2825 2481 Liebestagen, sucht er nun für sein Alter
1959 2456 2827 2516 einen schirmenden Begleiter auf dem Rest
1966 2507 2841 2560 des Lebensweges. Er umwirbt sein Kind,
1966 2531 2842 2605 den Pfeudosohn seines betrogenen Freundes.
1970 2575 2831 2644 Die Auseinandersetzung zwischen Vater und
1978 2616 2828 2684 Sohn ist nicht gerade sehr erquicklich, hätte sich
1976 2653 2842 2721 aber, bei den einmal vorliegenden Voraus¬
1979 2693 2851 2765 setzungen, kaum mit diskreteren künstlerischen
1967 2731 2855 2797 1Mitteln durchführen lassen. Der junge Mensch
1968 2761 2860 2830 ist ein Charakter und kehrt dem alten Maune, in
1981 2820 2859 2882 dem er nur den Verräter an seiner Mutter sieht,
1973 2854 2858 2922 den Rücken. Dem aber bleibt nun nichts ührig,
1978 2893 2780 2976 als seinen einsamen Weg weiterzuwandeln.
2051 2906 2870 2989 Ohne zwingende Gründe gibt Schnizler
1987 2967 2870 3039 hierzu noch ein Gegenspiel zwischen Wegraths:
1979 3004 2866 3071 traumseliger Tochter Johanna und einem zweiten
1980 3047 2868 3112 Ichmenschen, der noch stärker in seinem Egois¬
1985 3072 2871 3157 mus ist, weil ihm das Temperament des
1990 3122 2882 3196 Künstlers abgeht. Das hysterische Mädchen
1998 3161 2876 3238 geht in den Tod, und der alternde Roue kürzt
1983 3208 2864 3285 den einsamen Weg, den er nun vor sich
1988 3234 2885 3313 sieht, gleichsalls ab. Zurück bleibt Weg¬
1996 3281 2838 3351 rath, der gute, zum Betrogenwerden ge
1993 3319 2893 3386 schaffene Alte, der vielleicht den Satz illustrieren
1997 3360 2874 3434 soll, daß die Harmlosen und Kurzsichtigen in
1993 3401 2885 3472 Leben wenigstens das wohlige Glück der Be¬
1999 3438 2880 3509 haglichkeit genießen, das den andern versagt ist.
2003 3481 2886 3547 Es sind trübselige Resümees und Verneinungen,
1991 3514 2891 3583 die Schnitzler diesmal aus seinem Werke zieht.
1999 3560 2892 3632 Und das paßt schlecht zu der gewohnten Liebe
2007 3604 2887 3690 zum Hellen, die der Wiener uns früher gezeigt hat.
2442 3640 2871 3709 Erich Petersson.
