3436 4352
1422 311 1876 402 box 23/2
265 318 1261 427 18 Der einsane Neg
882 1323 2231 1415 In diesen drei Geschichten aus dem kurischen Winkel macht er
888 1389 2232 1464 uns mit einigen abseits vom ausgetretenen Wege aufgelesenen
891 1442 2221 1518 Gesellen bekannt, deren Charakter er in liebenswürdigstem Plauder¬
886 1500 2228 1597 ton entwickelt. Das geht alles nicht sehr tief und läßt oft die
900 1562 2235 1644 reife Technik vermissen, aber man sieht doch, daß der Verfasser
890 1619 2236 1711 das Herz auf dem rechten Fleck hat und fühlt die Liebe zu seinen
897 1684 2250 1775 stillen Leut, die ihm die Feder in die Hand drückte. Wenn ich
902 1733 2236 1831 eine von den drei Erzählungen bevorzugen soll, so ist es „Sonnen¬
900 1798 2243 1881 brüder; ein feiner Humor macht diese Geschichte eines verfehlten
894 1876 2243 1953 Lebens recht eindrucksvoll. Freunde einer schlichten Plauderkunst
1894 1918 2200 1997 P. Brünsing.
904 1929 1730 1998 werden alle drei Erzählungen genießen.
1760 2006 2253 2096 Weg, Schauspiel.
898 2016 1756 2102 Arthur Schnitzler, Der einsame
1076 2081 1728 2173 Berlin, S. Fischer 1904.
1021 2154 2235 2230 Schon das Thema, daß der natürliche Sohn seinem Vater,
907 2231 2253 2293 der sich erst dem Erwachsenen, von einem anderen herangezogenen,
909 2271 2244 2347 enthüllt, vollständig fremd gegenübersteht, ja daß im Sohne
912 2339 2247 2406 vielleicht nur eine Abneigung gegen den Verführer der Mutter
916 2390 2252 2464 gezeitigt wird, ist ein so interessantes, daß einem Werke mit
908 2452 2251 2535 jenem Vorwurfe von vorneherein eine gewisse Aufmerksamkeit
920 2501 2255 2581 gewiß ist. Benützt nun gar Arthur Schnitzler diesen Stoff mit
916 2559 2252 2651 zu den psychischen Feinheiten eines Dramas, dann bietet sich dem
919 2618 2258 2705 Leser ein wirklicher Genuß. Ich sage mit zu den Feinheiten, denn
920 2678 2248 2747 das Leitmotiv ist nicht das berührte Thema, sondern der Satz:
919 2751 2250 2826 „Den Weg hinab gehen wir alle allein ... das Altern ist nun
917 2793 2256 2871 einmal eine einsame Beschäftigung ..“ und ich sage dem
925 2853 2252 2946 Leser, weil die schöne Dichtung zu wenig grobsinnnliche, dekora¬
928 2928 2256 2991 tive Handlung hat, um auf der Bühne stark zu wirken. Hat
916 2970 2265 3048 man sich ja redlich bemüht, das Theater zu einer Schaustellung
931 3034 2268 3115 von Kostümen, Malereien und Mimenkunststückchen zu machen. Des¬
921 3087 2270 3169 halb ist auch das neue Drama eines jener Stücke, bei denen nicht der
920 3156 2264 3225 Autor, — wohl aber das Publikum durchfallen kann. Man sagt oft, in
930 3213 2277 3298 ähnlichen Themen wie im vorliegenden seien nur die Franzosen
932 3269 2278 3346 als Dramatiker ernst zu nehmen. Schnitzler beweist uns gerade
2143 3392 2235 3456 89
