3392 4256
1448 314 1906 399 box 23/5
1109 322 1158 385 W
276 323 1281 410 18. Der
1357 1538 1791 1624 ANALYSE (fin)
1026 1792 2128 1865 Julian. Tous nous marchons dans nos ehemins soliluires, sans
1015 1846 1580 1909 étre jamais suivis ni devinés
1054 1885 2116 1958 Sala partira prochainement pour son voyage d’exploration,
1018 1932 2135 1996 accompagné d’ailleurs par le jeune Félix. Mais ce projet n’est
1014 1984 2130 2039 pas sans bouleverser Julian qui, surtout depuis la mort de
1012 2040 2134 2079 Mme Wegrath, se sent de plus en plus attiré par ce fils. II voudrait
1022 2072 2121 2134 tout faire pour le garder auprés de lui et l’empécher de partir
1019 2112 2125 2171 avec l’explorateur dont le voyage parmi des peuplades sauvages
1017 2156 2131 2210 est dangereux. Et subitement sa peur le trahira, II révele son
1026 2206 2137 2248 angoisse, ainsi que son amour de jadis et sa liaison avec
1018 2239 2135 2302 Mme de Wegrath. I dévoile toute la vérité à Félix, mais celui-ci,
1026 2305 2128 2348 en apprenant que Julian était son père, lui répond: & C’est
1018 2356 2123 2398 curieux. J'ai l'impression que vous m’étes devenu plus étranger. „
1066 2375 2135 2450 AcrE TRoISIEME: Johanna, devenue entre temps la maitresse
1023 2435 2123 2479 de Sala, passe un dernier aprés-midi auprès de son amant.
1026 2471 2132 2539 Celui-ci, sous le charme du cri d’amour et de la détresse de
1022 2518 2130 2581 la jeune fille, er influencé aussi par la mélancolie automnale,
1022 2566 2130 2624 lui offre de le suivre en son voyage et lui propose le mariage.
1016 2627 2127 2662 La jeune femme envisage un moment ce bonheur, mais ici bas
1031 2656 2129 2709 tout n’est-il pas fugitif? Pouvons-nous seulement garder un
1026 2701 2136 2745 bonheur Non, pas plus qu'un lac ne saurait garder l’image de
1031 2758 2124 2798 celle qui s’y était mirée. Des visiteurs interrompent eette
1031 2786 2136 2846 entrevue des deux amants. Et quand, après leur départ, Johanna,
1030 2842 2134 2886 cachée, revient, une grande tristesse l’envahit, elle éprouve une
1028 2873 2128 2919 indicible attirance pour ce lac perfide qui ne sait pas mienx
1016 2928 2130 2987 garder une image que nos cccurs ne savent éterniser un instant
1025 2974 1283 3030 de bonheur.
1064 3011 2137 3065 AcrE QUArRiEME: Affolés par la disparition de Johanna,
1031 3062 2133 3108 Félix et le professeur Wegrath cherchent à éclaircir le mystère
1022 3119 2134 3165 de cette fugue. La recherche ne sera pas longue. Sala décidé lui¬
1031 3163 2138 3207 meme au suicide vient pour révéler ce qui s'est passé et le
1031 3207 2136 3247 suicide de sa jeune maitresse. Et, au grand effondrement de
1036 3253 2152 3296 Julian, cette mort lui arrachera définitivement son fils Félix qui
1022 3284 2146 3337 se jette dans les bras de celui qui se croit son père et à qui,
1022 3328 1950 3400 désormais, il sera lié par un grand chagrin commun.
2887 1550 3364 1635 Le Cabotinage d
3228 1684 3360 1746 Immmnk
