3484 4352
1415 436 1879 527 box 23/5
784 465 1007 527 HSaM
264 451 1266 570 18. Das
1028 1329 2349 1396 um ein höheres Dasein die andre Hälfte der Dichtung ausfüllt. Um
1014 1364 2340 1429 die Wende des achtzehnten Jahrhunderts hieß Sala William Lovell
1016 1444 2350 1487 und Roquairol, bei Bourget heißt er Dorsenne und Armand de Querne.
1024 1469 2341 1540 Diese Menschen, sonst ganz verschieden, waren nie jung und von je¬
1021 1523 2347 1586 her skeptisch, früh friedlos und schnell leergebrannt, hatten immer
1025 1578 2342 1628 zu viel Wissen und zu wenig Willen, keinerlei Unmittelbarkeit, aber
1023 1602 2356 1677 das verfeinertste Nervensystem von schmerzlicher Erregbarkeit.
1029 1657 2347 1737 Sala ist bei weitem der interessanteste, Seine Selbstbeobach¬
1029 1720 2364 1781 tung verwehrt ihm die Hingabe an den Augenblick. Jede Empfindung
1029 1769 2368 1849 geht ihm zuerst ins Hirn, wird da zersetzt und erreicht selten das
1027 1803 2351 1880 Herz. Seine Dramen müssen nicht nur lrenen Herms, der Schau¬
1039 1852 2353 1920 spielerin von starken Impulsen und warmblutiger Naivität, schreck¬
1033 1897 2364 1960 lich gewesen sein. Die Kühle seines Naturells hat einen Abgrund
1047 1945 2358 2023 um ihn geschaffen, in den er am Ende versinkt. Uber den fem¬
1046 1992 2366 2069 schmeckerischen Kosmopoliten aber, der noch sein Sterben zu
1048 2042 2357 2110 arrangieren weiß, wie er sein Leben arrangiert hat, erhebt sich am
1044 2089 2351 2157 Ende die ernste, wenn ###ch arme Auffassung vom nahen, aber be¬
1042 2141 2372 2219 stimmten Lebensziel, von der begrenzten Wirksamkeit als der
1039 2193 2270 2263 Schlußsumme aller Weisheit und der sichersten Art von Glück.
1126 2233 2356 2313 Von Glück? Ach, die schlecht und recht auf der goldenen Mittel¬
1051 2282 2361 2357 straße im Dutzend geblieben sind, werden bei Schnitzler noch
1047 2331 2368 2398 weniger glücklich als die Libertiner der Phantasie und des Fleisches,
1054 2380 2368 2446 die doch ihre blauen Jugendsehnsüchte und ihre höchst erdhaften
1051 2427 2376 2505 Genüsse gehabt haben. War dieser Ausblick die Absicht, oder ist
1057 2477 2378 2557 dem Dichter die Physiognomie seines Stückes so verschwommen ge¬
1056 2531 2386 2605 raten, daß sein menschlicher Standpunkt nicht klar wird? Auch sonst
1056 2568 2375 2636 entstehen ja bei ihm ethische Fragwürdigkeiten aus künstlerischer
1058 2637 2375 2702 Schwäche. Wie lbsen hat Schnitzler in den engen Grenzen räum¬
1065 2667 2377 2745 licher und zeitlicher Einheit aus längstvergangenen Ereignissen und
1052 2711 2380 2785 Empfindungen nur die letzten Schlüsse ziehen wollen. Aber wem
1065 2782 2382 2839 das gelingen soll, der muß die Kunst besitzen, mit der bei lbsen die
1067 2815 2370 2888 Vergangenheit und der Augenblick sich gegenseitig durchleuchten.
1055 2863 2372 2936 Es ist nötig, daß Julian Fichtner seinem Sohn Felix erzählt, wiee¬
1061 2902 2385 2982 sich vor vierundzwanzig Jahren benommen hat. Schnitzler kann den
1068 2960 2389 3045 Maler seine Handlungsweise nur so schildern lassen, wie er sie ale
1067 3005 2378 3084 junger leichtsinniger Bursch gesehen hat, als wär' er nicht inzwischen
1073 3069 2371 3125 vierundzwanzig inhaltreiche Jahre älter geworden. Dieser ironie¬
1073 3104 2387 3180 begabte Dichter findet nicht den Ton, der jene Tat zugleich berichtete
1077 3150 2383 3229 und kritisierte. Erst nach dem Ruf: „Er ist gerichtet!“ darf der Ruf:
1072 3195 2391 3279 „Er ist gerettet!“ ertönen, In Schnitzlers Welt ist man schnell bereit,
1071 3256 2382 3320 den Andern, und noch schneller, sich selbst zu verzeihen. Freilich gibt
1071 3304 2386 3383 diese ethische Unbefangenheit der Dichtung ihren besondern Duft.
1082 3341 2396 3422 „Das Klima der Begebenheit“, wie Tieck zu sagen liebte, hat eine
1068 3397 2400 3463 leichte Beigabe von Verwesungsgeruch. Morbidezza-Stimmungen
1072 3442 2398 3529 schweben um das ganze Werk und um jede Zelle seines Baus, un¬
1078 3497 1948 3589 endlich süß und von ergreifender Schwermut.
1089 3587 1205 3681 708
