3436 4352
1552 186 2153 249 als Wate M  ereeen
1560 225 2501 289 hinaus auf den Balcon in die frische Luft des Tages.
2300 260 2454 317 V. A.
991 271 1240 354 14. 2. C4.
1680 303 2501 377 „Berliner Theater.“ Zum ersten Mal:
1565 354 2509 418 „Waterkant“, Schauspiel in 3 Aufzügen von
1570 385 2508 447 Richard Skowronneck. Gearbeitet wird sehr fleißig
1574 436 2506 492 im Theater am südlichen Ende der Charlotten¬
770 431 1407 505 Kunst und Wissenschaft.
1562 474 2514 538 straße. Das gestern erstmalig zur Aufführung
705 484 1542 540 Im Deutschen Theater hat gestern Arthur
1563 508 2508 573 gekommene Skowronnecksche Schauspiel darf den An¬
607 520 1554 582 Schnitzler mit seinem fünfactigen Schauspiel,, Der
1576 549 2509 620 spruch darauf erheben, einen der einfachsten Familien¬
626 573 1541 638 einsäme Weg“ nicht allzu viel Freude er¬
1576 591 2505 650 romane darzubieten, die jemals in dramatisirter Form
614 621 1555 660 lebt. Es war ein höchst fragwürdiger Erfolg.
1568 630 2513 686 das Licht der Rampen erblickt haben. Und das
619 648 1548 713 Zuerst gab es manche freundliche, aber gar nicht stür¬
1561 679 2508 739 will etwas sagen, zumal, wenn man an die
628 689 1558 743 mische Hervorrufe. Im vierten Act aber wurde das
1573 700 2513 777 Siebziger Jahre zurückdenkt, wo dies in solcher Fülle
623 731 1555 779 Publicum gefährlich unruhig und nur die Achtung vor
1569 744 2518 806 und Hast geschah, daß die „Bearbeiter“ meist gar nicht
628 767 1336 830 dem Antor verhinderte eine Katastrophe.
1573 789 2520 840 den Schluß eines „bühnenfähigen Romans“ in irgend
657 792 1563 855 Ein sonderbares Stück. Fünf lange Acte ohne
1575 827 2515 878 einer illustrirten Zeitschrift abwarteten, sondern „eigen¬
629 851 1560 893 dramatischen Kern. Fünf lange Acte voll resignirten
1567 877 2518 929 händig“ einen solchen aufs Gerathewohl hinzudichteten.
637 887 1559 936 Geplauders und Geseufzes über Welt und Tod und
1620 906 2523 959 Hören wir also die Geschichte: Den Leutnant der
631 928 1567 975 Menschenschicksal. Nur hin und wieder unterbricht ein
1581 956 2519 1007 Marine Hans Holtfeuer liebt seine achtzehnjährige
629 963 1562 1012 Todesfall oder Selbstmord die Monotonie, aber ohne
1574 1000 2517 1038 Cousine Minchen Klock, Tochter der Frau Capitam
629 997 1564 1071 irgend welche Bewegung zu erregen oder Kreise zu
1578 1024 2513 1080 Klock, deren Mann bei einem Schiffbruch ertrunken
626 1052 781 1113 ziehen.
1582 1066 2514 1120 ist. Der Leutnant ist auf dem „Iltis“ einge¬
665 1069 1559 1145 Sehr schwierig ist es, dem Leser mitzutheilen, was
1574 1106 2519 1163 schifft, es soll gegen die Chinesen gehen. Beim
636 1131 1565 1174 sich alles ereignet. So schwierig, daß ich zu dem ein¬
1581 1130 2528 1194 Aufziehen des Vorhanges stellt die Bühne das Schiff
640 1156 1557 1220 fachen Mittel greife, den Inhalt der Acte chronistisch
1578 1180 2520 1229 dar und wir sehen das Schiffsleben sich entwickeln.
631 1209 997 1258 nüchtern zu künden.
1582 1218 2525 1275 Man befindet sich in Port Said. Und gerade dort
664 1221 1563 1288 Also erster Act: Wir erfahren, daß der Prof. Weg¬
1580 1258 2529 1314 kam auch das Vergnügungsschiff mit Tante Klock und
1473 1278 1560 1324 und
631 1278 1469 1341 rath mit einer kranken Frau verheirathet ist
1580 1301 2528 1353 Minchen an. Minchen soll nämlich einen jungen
635 1318 1560 1370 zwei Kinder hat: den Lentnant Felix und die
1590 1339 2519 1393 Mann lieben lernen, der auch mit auf ihrem Ver¬
644 1366 1568 1411 Johanna. Außerdem präsentiren sich zwei Haus¬
1577 1377 2518 1437 gnügungsdampfer ist, den Herrn Kay, Sohn des
647 1393 1571 1451 freunde, der Dichter v. Sala und der Maler
1585 1417 2529 1470 Commerzienraths Voordengang in Hamburg. Aber
644 1443 1571 1489 Julian. Zweiter Act: Die Frau Wegrath ist ge¬
1588 1459 2531 1509 Minchen liebt den Vetter und will — da sie nicht an¬
651 1473 1578 1530 storben und wir hören, daß der Leutnant Felix der
1583 1493 2517 1545 nimmt, dieser liebe sie ebenfalls — Aerztin werden und
638 1511 1569 1564 Sohn des Malers Julian ist, der sich auch sonst noch
1580 1535 2529 1588 gar nicht heirathen. Der Vetter stellt sich selbst bei dent¬
643 1549 1574 1604 durch allerlei Verhältnisse getrieben hat. Dritter Act:
1586 1564 2525 1626 lichen Anspielungen Minchens auf ihre Liebe zu ihm
635 1592 1570 1653 Julian theilt dem Felix mit, daß er sein Vater ist,
1594 1610 2532 1672 genau so dumm an, wie es nothwendig ist, damit die
639 1636 1576 1692 was den jungen Mann nicht im geringsten aufregt;
1599 1651 2532 1707 Handlung ihren Fortgang nehmen könne, obgleich er
648 1670 1576 1721 außerdem merken wir, daß der Dichter v. Sala
1588 1706 2538 1753 dies nur mit Absicht thut, um lieber auf Minchen zu
648 1710 1575 1763 ein Verhältniß mit Johanna hat, und hören,
1594 1730 2534 1794 verzichten, als ein sorgendes Weib daheim zu haben,
642 1747 1582 1797 daß der Dichter ein todtkranker Mann ist. Vierter
1589 1772 2536 1821 wenn er in See geht. Es ist sein Standpunkt — aber
643 1798 1572 1839 Act: Viele nützliche Gespräche über diese Sachlage.
1591 1813 2398 1863 wenn wirkliche Liebe ihm im Herzen wohnte
645 1817 1576 1885 Fünfter Act: Johanna springt ins Wasser, weil sie den
1600 1850 2535 1904 Aber nun kommt ein schmerzliches Ereigniß dem liebenden
641 1862 1572 1919 Tod ihres Geliebten nicht mit ansehen will, und v. Sala,
1599 1902 2539 1949 Minchen zu Hilfe. Auch Hans Holtfeuers Vater, der
649 1917 1580 1973 der jetzt erst über seine Lage aufgeklärt wird, geht eben¬
1585 1929 2534 1982 ebenfalls Capitain ist, ertrinkt. Sein Schiff wird
655 1948 1134 2009 falls ab, um sich zu tödten.
1604 1969 2531 2020 von einem fremden Schiff angerannt und sinkt.
677 1986 1574 2048 Das ist das Stück. Welches ist nun der einsame
1601 2018 2541 2064 Schon sind alle Passagiere gerettet, da hört der
642 2023 1587 2073 Weg, der durch diese Geschichte führt? Die Theorie
1606 2047 2548 2100 Capitain, ein Kind sei vergessen worden. Er
648 2064 1581 2110 vom einsamen Wege hat nur wenig mit den Ge¬
1597 2092 2538 2151 stürzt nach der betreffenden Cabine, aber da legt sich
658 2106 1575 2160 schehnissen zu thun, die eben erzählt wurden, mit der
1597 2141 2535 2191 das Schiff auf die Seite, sinkt und der arme Capitain
656 2137 1587 2201 Vaterschaft Julians und dem Ende des Herrn
1600 2173 2533 2221 ght mit dem Kinde zu Grunde. Hans bekommt nun
652 2169 1585 2238 v. Sala. Sie wird mehr in den Gesprächen erörtert,
1591 2207 2536 2260 Heimathsurlaub und reist zu seiner Mutter nach Hause.
650 2226 1574 2268 deren es sehr viele giebt, und das dramatische Ereigniß
1599 2240 2551 2314 Diese arme Frau hat außer ihrem Mann auch schon
643 2260 1583 2316 ist nur das Gestell, über das der Herr Schnitzler
1608 2283 2549 2335 einen Sohn der See opfern müssen — Hans soll ihr:
644 2301 1164 2360 seinen bunten Teppich breitet.
1603 2322 2548 2376 bleiben. Unter heißen Thränen beschwört sie ihn, zu
678 2330 1588 2389 Der Dichter meint, daß alle Menschen seines Stückes
1608 2374 2539 2427 bleiben, und er kann den Thränen der Mutter nicht
646 2379 1595 2433 einsam sind, obgleich wir die Herrschaften meistens im
1604 2409 2535 2465 widerstehen, er bleibt und tritt in das Haus
640 2419 1591 2471 herzlichsten Verkehr beisammen sehen. Aber die beiden
1600 2445 2539 2505 Voordengang als Beamter ein. Dort lebt auch
649 2458 1594 2506 Haupteinsamen sind Julian und v. Sala. Julian hat
1607 2485 2534 2550 Voordengangs Nichte, Else Sötebier, die Hans
650 2499 1591 2550 einst die eheliche Verbindung mit Felixens Mutter ge¬
1601 2522 2534 2584 sehr gern zum Manne nähme. Hans sehnt sich
645 2540 1599 2583 flohen, weil er das Leben frei und selbstherrlich regieren
1617 2561 2546 2615 aber nach der See zurück, und als durch Extrablätter
639 2577 1592 2622 wollte; jetzt im Alter klammert er sich an seinen Sohn,
1611 2595 2546 2656 der Ruhm der Mannschaft des „Iltis“ verkündet wird,
643 2622 1590 2668 der ihn zurückstößt und ihm den einsamen Wegweist. Der
1613 2648 2540 2696 die bei dem Takufort Heldenthaten verrichtet, da will
641 2654 1587 2714 Dichter v. Sals, ebenso wie Julian ein Lebenskünstler
1606 2690 2544 2745 sich Hans vor Scham und Schmerz umbringen. Aber
650 2694 1591 2745 ohne Herz, ohne das Bedürfniß, sich für irgendwen auf¬
1607 2718 2552 2764 seine Cousine Minchen ist jetzt, wo er verzweifelt ist,
651 2731 1595 2798 zuopfern, hat als der geistreichere von beiden niemals
1616 2757 2554 2824 so nett zu ihm, daß Schmerz und Liebe sie Beides
652 2771 1588 2824 gezweifelt, daß er diesen Weg wandeln muß. Er ist
1615 2805 2562 2844 endlich doch zusammenführen. Sie liegen sich in den
659 2815 1596 2862 stets allein, auch in den Armen der geliebten Frau
1612 2834 2554 2889 Armen, sie wissen nicht wie, und als die Mutter hört,
660 2850 1598 2907 fühlt er die Einsamkeit, und wenn das Geschick ihn und
1606 2871 2565 2929 Hans wollte sich vor Verzweiflung umbringen, giebte
656 2886 1573 2956 sie hinabreißt, stirbt jeder für sich in seinem Winkel.
1620 2917 2556 2977 sie ihm nun auch sein Wort zurück. Er wird Minchen
691 2935 1602 2982 Dieser Grundgedanke hat etwas seltsam Erregendes,
1617 2972 2562 3023 heirathen und wieder Seemann sein. Da bleibt keine
662 2971 1604 3030 ebenso wie das ganze müde und trüb dahinschleichende
1604 2999 1864 3060 Auge trocken.
662 3010 1604 3063 Stück. Aber als Mann aus dem Publicum hat man
1651 3024 2560 3094 Es war denn auch ein Erfolg der Rührung, zumal
646 3057 1600 3110 doch wohl das Recht, auf die ja noch nicht ganz über¬
1614 3081 2550 3121 nach dem 2. Act. Der erste Act weist eine ganz ge¬
651 3086 1598 3154 holten Forderungen und Gesetze der Bühne hinzu¬
2086 3119 2121 3147 „.
1615 3121 2549 3170 schickte Exposition auf, aber eigentlich dreht sich das
660 3128 1598 3182 weisen. Was hilft aller Geist, alle Feinheit im Er¬
1607 3155 2552 3201 Interesse vom 2. Act ab erst darum, ob Hans Seemann
660 3164 1601 3234 kennen des Lebens und des Geschickes, wenn dieser
1610 3195 2557 3243 bleiben wolle? Das giebt einen menschlich begreiflichen Con¬
1030 3210 1599 3257 1 diesem Rahmen langweilen
651 3211 991 3269 Geist langweilt,
1618 3236 2558 3294 flict, der auch fortreißt, wenn die Thränen einer Mutter
662 3243 1549 3298 muß? Schnitzler hat uns in diesem Stücke
1619 3273 2559 3318 dem Sohne ein Opfer abringen. Der gute Theater¬
657 3282 1602 3345 manches Edle und Ungewöhnliche gesagt, das bei
1615 3317 2560 3370 kenner Skowronneck hat auch der derben Capitainsfrau
653 3327 1600 3383 stiller Lectüre seine Wirkung gethan hätte, und das
1613 3351 2549 3402 Klock kräftige Worte gegenüber dem geizigen Com¬
659 3367 1604 3428 nun vor diesem unruhigen, hustenden und in die
1625 3390 2564 3461 merzienrath in den Mund gelegt. Und das „schlägt
660 3407 1603 3456 besten Worte hineinlachenden Publicum vollkommen
1629 3441 1846 3492 immer ein“.
666 3442 1614 3493 verloren ging. Wie gesagt, in dem an poetischer Schön¬
1654 3459 2556 3526 Gespielt wurde vortrefflich. Im Vordergrund der Hand¬
655 3482 1613 3536 heit reichen, an Bewegung armen vierten Act gingen
1629 3509 2563 3564 lung stehen vier Personen und alle vier verdienen für ihre¬
654 3528 1424 3582 wir dicht an einem Theaterskandal vorüber.
1617 3554 2566 3608 Fähigkeit, zu charakterisiren, uneingeschränktes Lob. Harry¬
698 3559 1610 3616 Uebrigens — man sollte es ja nicht thun, aber ich
1620 3590 2561 3636 Walden sah „echt“ als Seemann aus und unancirte
670 3601 1607 3652 kann mir zwei litterarhistorische Vergleiche nicht
1619 3625 2566 3694 vortrefflich. Ergreifend spielte Marie Frauen¬
660 3633 1604 3684 verkneifen. Erstens hat einmal Sardon in seinen
1620 3662 2574 3721 dorfer die Rolle seiner Mutter, und Claraz
666 3679 1612 3742 Vienx garcons“ ein ähnliches Thema behandelt und
1620 3715 2574 3767 Wenck (Frau Capitain Klock) sowie Felicitas
665 3718 1615 3773 der Unterschied zwischen der robusten dramatischen
1636 3748 2560 3796 Cerigioli (Minchen) faßten ihre Rollen
672 3759 1603 3810 Kraft des Romanen und der müden Linie des
1628 3774 2573 3844 einfach und zutreffend auf. Jus Ensemble fügten sich
661 3797 1604 3868 Neuwiener Secessionismus ist lehrreich. Zweitens
1626 3817 2577 3883 noch lobenswerth ein: Willy Rohland (Capitain Rohr¬
665 3834 1607 3883 hat ja auch Hauptmann von einsamen Menschen dra¬
1627 3861 2579 3928 weder), Leo Connard (Voordengang) und Kuhnert¬
665 3875 1606 3922 matisch gekündet. Damals jammerten alle Aestheiiker,
1624 3907 2567 3967 (Oberbootsmannsmaat). Frl. Elsa Bötticher, die
664 3918 1611 3967 daß er kein Dramatiker war, und jetzt erscheint er uns,
1633 3945 2567 4014 als Else Sötebier nur wenige Worte zu sprechen hatte,
670 3935 1621 4007 verglichen mit dieser leisen, losen Dekadenz, saftreich und
1628 3989 1968 4041 fiel angenehm auf.
663 4002 1238 4072 kraftstrotzend wie Shakespeare.
1676 4007 2566 4071 Schefraneks Regie verdient besondere Anerkennung.
726 4012 1624 4087 Bassermann gab den Herrn v. Sala dis¬
1635 4062 2575 4110 Skowronneck wurde wiederholt gerufen. Das Publicum,
664 4072 1612 4128 cret zeichnend und glücklicherweise ohne jede Be¬
1622 4097 2576 4156 das das Haus in allen Räumen füllte, war in seiner
670 4105 1609 4169 tonung des Krankhaften. Rittner, der Innerliche,
1637 4141 2577 4195 Gebelaune und so dürfte „Waterkant“ eine Zeit lang
681 4155 1620 4217 Irene Triesch, die Melancholische, fühlten sich
2386 4184 2575 4244 G—.
675 4198 2111 4244 in ihren Rollen als renmüthiger Julian und selbst= das Repertoire beherrschen.
