3392 4384
356 309 1394 390 da ein paar Stunden lang mit ihren Gemein¬
103 325 335 404 berischen
345 353 1403 441 heiten, Verrücktheiten und Nöten. Wir verstehen
108 379 336 476 n Schau¬
350 414 1397 504 sie nicht, sie rühren uns nicht, sie vermögen uns
348 473 1406 551 kaum zu interessieren. Sie ergehen sich in klugen,
121 484 343 587 einsamen
353 532 1414 618 bilderreichen Reden, sie seufzen viel und bemühen
120 559 341 635 terleitung.
359 592 1401 681 sich umständlich um unsere Teilnahme. Sie be¬
140 613 348 697 sie wie
345 643 1411 735 klagen sich über unerreichbares Glück und tun
107 650 344 756 ung einem
351 728 1404 803 alles, um unglücklich zu sein. Sie treiben Miß¬
124 733 352 806 ist, daß
352 785 1405 843 brauch mit den Worten Liebe, Vater, Mutter,
123 792 344 862 aterdirek¬
350 847 1421 913 Sohn. Und sie leben nicht lange und es ergeht
130 850 345 926 d welches
354 897 1004 988 ihnen nicht wohl auf Erden.
121 906 356 981 er Herren
455 929 1411 1028 Diese Menschen sind nicht von unserem Fleisch
123 961 358 1050 ktete. Im
361 997 1428 1087 und Blut. Um diese Menschen zu erklären, bedarf
125 1024 352 1095 ie lokale
365 1056 1417 1141 ich nur eines Wortes: Es sind jüdische Menschen.
151 1081 351 1160 gespielt
356 1114 1422 1197 Sie sind die Kreaturen eines Dichters, der glaubt,
126 1132 358 1213 renabend
353 1173 1429 1278 das uralte Erbteil seiner Rasse: ihre Unstetheit,
128 1197 361 1272 hlls längst
365 1236 1423 1317 ihren zersetzenden Zweifel an allen lebensbejahen¬
131 1257 353 1336 Der Bett¬
367 1297 1422 1373 den Werten als dramatischen Atem verwerten zu
129 1320 356 1393 geworfene
369 1356 1427 1437 können. Es gibt kaum ein Schnitzlersches Stück,
159 1374 353 1451 Da ich
369 1405 1425 1505 an dem sich dies nicht nachweisen ließe. Viele
130 1429 367 1504 unbedingt
362 1459 1436 1560 von Ihnen haben wienerischen Glanz und Duft.
120 1488 359 1581 saffektion
372 1537 1419 1628 Wie himmelweit aber liegen sie ferne von unse¬
136 1550 362 1621 mir nicht
369 1595 1423 1661 rem Wesen und Denken. Denn ihr Wienertum
126 1603 366 1680 Ehre? Ist
369 1640 1433 1723 ist nur Anstrich, nur Fassade. Wie absolut wesens¬
127 1666 370 1745 jemand?
373 1697 1432 1797 fremd uns die Art doch ist, im Gespräch unsere
129 1727 365 1806 bill seinen
377 1760 1428 1836 Gefühle zu zerfasern, sie mit glänzenden Worten
131 1783 370 1857 ide Muse
376 1832 1436 1905 vor dem anderen auszubreiten, ihm unsere Träume
146 1845 371 1916 durch die
133 1873 1499 2000 #nig müde und Vorstellungen aufzudrängen, wie es so biele
2479 1881 3323 1975 finden, wenn nicht jene durchlaufende
1410 1930 2455 2021 droht wie eine Seuche den Zuschauerraum des
2479 1948 3316 2039 stimmung das eine mit dem andern y
143 1958 1399 2078 allen Ex= der Schnitzlerschen Menschen kun. Wie sehr es
1423 2000 1645 2075 Theaters.
2472 1994 3317 2097 Die Einheitlichkeit des Werkes liegt in
362 2004 1398 2120 doch gegen unsere Natur ist, hinter allen, auch
1497 2033 2454 2129 Der einsame Weg führt in unermeßliche
141 2065 375 2160 de; Ösfer¬
2476 2055 3294 2150 art, in diesem modus minor, der
370 2059 1414 2160 hinter den klarsten Dingen, Anlässe zu quälend
1413 2094 2456 2192 Trostlosigkeil. Laster und Gemeinheit sind als
132 2123 365 2192 on Schön
2481 2110 3283 2221 lächelnd durch alle fünf Akte waltet.“
364 2127 1402 2230 tiefsinnigen Grüblereien aufzuspüren! Dieser ein¬
1426 2152 2463 2247 Wegweiser an seinen Rändern aufgestellt und
128 2174 359 2257 itorien be
2575 2168 3325 2265 Wer das Recht hat, Herr Brecka,
378 2185 1410 2284 same Weg spielt sich ab in ein paar Herbsttagen,
1426 2225 2155 2332 kein Sonnenstrahl vergoldet ihn.
139 2239 359 2316 schen Pro
2473 2228 3322 2327 und unabhängig nur mit den Maßst
371 2259 1408 2340 deren Schönheit oft beteuert wird, niemals aber
1526 2271 2464 2369 Anruf und Frage an das Hofburgtheater:
137 2295 366 2380 geschnitten
2491 2299 3314 2400 Kunst, der Ethik und Asthelik mißt,
376 2324 1429 2405 ohne einen Seufzer, wie ich mich denn überhaupt
1422 2330 2465 2419 Wodurch sah sich diese Hofbühne veranlaßt, dieses
133 2357 374 2433 Teile ein
2486 2354 3327 2459 ungenannte Feuilletonist des Hauptjudl
384 2371 1416 2469 nicht entsinne, während des ganzen Stückes auch
1427 2390 2482 2485 alte, notorisch schlechte, anderweitig längst durch¬
139 2417 372 2495 natie, wa
2496 2391 3333 2497 dessen nationaler Beruf und bezahlte 4
369 2435 1420 2514 nur ein einziges Mal lachen gehört zu haben.
1435 2445 2485 2549 gefallene, ja bei der Première am Deutschen:
148 2478 372 2562 Wien de
2496 2470 3327 2557 ist, den Stammesgenossen in den Himn
372 2486 1415 2574 Wie gründlich verkennt dieser Dichter, dessen
1435 2508 2480 2600 Theater in Berlin laut und rücksichtslos ver¬
2505 2525 3338 2616 heben und über Schiller, Goethe und G
370 2544 1418 2628 wienerische Note man oft rühmen gehört hat, das
1434 2575 2108 2666 lachte Stück aufzuführen!?“
2487 2574 3330 2676 u stellen, das werden unsere Leser w
375 2611 1420 2703 Wiener Wesen und die Wiener Landschaft, die
1535 2622 2481 2721 Und dieses Machwerk wird von der „Neuen
373 2662 1431 2754 auch dann noch heiter sind, wenn sie wehmütig
1451 2659 2927 2779 Freien Presse“ wie zum frechen Hohn in einem  eurteilen können.
375 2732 1425 2825 sind. Welch ein Nutznießer ist er am Blute dieser
1450 2749 2254 2873 Sspalligen Feuilleton also gepriesen::
377 2781 1430 2879 Stadt, der man einreden will, sie habe ihm als
1548 2797 2654 2900 „Vor Jahren wurde „Der einsame Weg“ 1
372 2843 1436 2947 ihrem Dichter zu danken. Auch heute wieder flogen
1443 2870 2496 2973 von Berliner Gästen einige Male aufgeführt, doch
383 2904 1434 2990 uns unausgesetzt Worte, wie: Dornbach, schöner
1450 2918 2503 3016 mit den Schauspielern verschwand auch das Schau¬
391 2971 1441 3053 Weg bei Salmannsdorf, Türkenschanze um die
1460 2978 2507 3081 spiel. Für das Burgtheater ist es ganz neu. Un¬
388 3022 1444 3111 Ohren, daß wir wohl meinen sollten, weiß Gott
1449 3027 2510 3134 streitig gehört es zu Artur Schnitzlers feinsten
393 3076 1441 3172 wie wienerisch doch dieses Stück sein müsse. Allein
1463 3091 2513 3190 dramatischen Dichlungen; wir sagen nicht zu seinen
395 3136 1446 3233 mir ist nicht bange. Denn die Erkenntnis, daß
1466 3139 2512 3248 besten. Jedenfalls kann man sich kein zarteres
384 3195 1452 3274 auch der herrlichste Herbstwald von Dornbach nur
1456 3205 2505 3315 Gewebe denken. Das Stück atmet eine Melan¬
385 3262 1451 3349 so lange schön ist, so lange Schnitzlersche Menschen
1470 3274 2516 3369 cholie, die uns wie ein süßes Gift betäubt, und
390 3307 1453 3394 dort keine Villa haben, und diesen Landschafts¬
1455 3334 2516 3426 ganz eingetaucht ist es in jene Zwielichtstimmung,
390 3363 1451 3483 zauber nicht als Hintergrund für ihre unsauberen
1472 3396 2523 3482 die Formen und Farben der Dinge noch erkennen
398 3430 1448 3523 dramalischen Geschäfte mißbrauchen, diese Erkennt¬
1472 3448 2519 3542 läßt, alles Stoffliche aber mit einem Schleier um¬
396 3484 1460 3588 nis muß sich als viel, viel stärker erweisen, als
1478 3491 2525 3607 hüllt und greifbare Gestalten in hineingehauchte
399 3555 1456 3638 die Bemühungen sämtlicher Feuilleionisten, die
1479 3565 2524 3664 Traumgebilde aufzulösen scheint. Mit ungewöhn¬
401 3616 1462 3690 uns Schnitzler immer als den feinsten Kenner
1472 3624 2523 3733 licher Kunst wird dieser Grundton durch das
398 3666 1459 3762 der Wiener Seele und Wiener Landschaft anpreisen.
1470 3683 2516 3794 ganze Stück hin festgehalten. Man muß eigent¬
512 3735 1463 3829 Ganz und gar unbeschenkt, wie wir selten
1473 3746 2527 3830 lich von zwei Stücken sprechen, wovon das eine
406 3782 1462 3889 noch das Theater verließen, entläßt uns diese
1480 3801 2545 3895 mit dem dritten Akt endigt, das andere aus den
417 3844 1464 3933 Komödie. Sie bedeutet in keiner Hinsicht einen
1471 3855 2522 3956 elwas lose angehängten letzten zwei Akten besteht.
412 3904 1465 3996 Gewinn, kann aber unter Umständen sehr wohl
1482 3912 2536 4028 Zwischen beiden Teilen fehlt der organische Zu¬
414 3962 1470 4043 Verluste bringen. Denn Schnißzlers Art, so ziem¬
1495 3977 2525 4085 sammenhang, sie sind nicht Früchte desselber
419 4020 1468 4120 lich alle Gefühle zu verhöhnen und zu verleug¬
1498 4034 2528 4138 Baumes, und man würde dieses zwiespältige
423 4077 1484 4190 nen, die nach unseren Begriffen den wertvollsten
417 4094 2531 4226 ethischen Besitzstand unseres Volkes bilden, be=! Wesen des Schauspiels als schweren Fehler emp¬
