3392 4256
1114 251 1206 319 WE
1450 246 1921 334 box 23/5
307 265 1308 348 18. Der einsanenaß
2516 1278 2648 1350 —
2287 1315 2619 1397 mu. Eine
2026 1321 2298 1389 ostbur zu
688 1363 944 1420 Wirgach
686 1395 2838 1461 kanadische Regierung zeigi sich nicht denntubigt. Die Schiffsbrücke vermittelt der Verichr zwischen den bei=:
696 1436 2837 1494 Reservationen stehen unter Kontrolle eines vor einigen den Ufern. Wie gewaltig ## ist, mag daraus hervor¬
1740 1437 2848 1518 gehen, daß an einem kürzlichen Festtag über 4000 Au=k
692 1474 1285 1541 Jahren eingesetzten Komitees.
1137 1516 1226 1581 W
2651 1539 2809 1589 Man!
691 1584 2652 1632 zigen Abend die Pariser zu gewinnen. Ein solcher, Saal mit jenen Bildern aufhalten wollte.“ —
702 1576 2792 1661 deutscher Abend in Paris ist voll eigentümlicher Ein= denkt unwillkürlich an diesen französischen Maler, wenn
1748 1617 2803 1678 man sich Schnitzlers „einsamen Weg“ in Parts anhört.
698 1632 1751 1707 drücke. Man liest nicht ohne Erstaunen mitten auf der
1743 1655 2787 1715 Schnitzlers Schauspiel überzeugt hier trotzdem unfehl¬
699 1675 1736 1744 rauschenden Straße der großen Boulevards, auf die¬
1750 1676 2839 1764 bar. Man begreift die Notwendigken der Entwicklung,
701 1714 1744 1770 sem Winkel Erde, der bei Tag oder bei Nacht nie eine
1748 1738 2859 1794 auch wenn sie dem Franzosen so seltsam drückend und#
696 1744 1738 1810 stille Minute kennt, plötzlich die großen, leuchtenden
1747 1771 2808 1827 hart, manchmal ein wenig zusammenhanglos vor¬
707 1788 1749 1853 Worte: „Der eisame Weg“ Ein Kontraft, der auf¬
1750 1789 2853 1870 kommt. Aber was selbst der Pariser ohne weiteres
707 1825 1747 1894 horchen läßt. Er klingt fast grotesk. Und dazu sind
1742 1844 2784 1916 aus dieser fremden Welt aufnimmt und wovon er
704 1864 1746 1932 diese Worte gar noch in deutscher Sprache geschrieben
2778 1909 2849 1956 1
702 1924 2788 1963 Eimn deutsches Theater spielt in deutscher Sprache auf gepackt und erschüttert wird, das ist das ganz. einfäche,
704 1928 2794 2010 den französischen Boulevards im Sommer 1828! Es selbstverständliche Spiel der Darsteller, besonders das¬
1741 1956 2799 2032 lenige Bassermanns. Bassermann ist der Träger des
700 1977 1755 2050 sind gerade zehn Jahre her, daß dasselbe Paris die
1748 1998 2787 2052 Stücks. Es ist Stephan von Sala, der in der allge¬
701 2023 1750 2071 schwersten Kriegsstunden erlebt hat; jene Wochen der
1748 2040 2789 2089 meinen Einsamkeit Ueberlegene. Er spielt anders, als
702 2045 1759 2122 letzten großen, deutschen Offensive. Der Feind schoß
1746 2078 2790 2137 die französischen Charakterdarsteller zu spielen gewohnt
708 2097 1747 2157 mit weittragenden Kanonen in die Stadt; zerstörte
2772 2098 2852 2158 4
1751 2122 2787 2177 sind. Es liegt etwas Weiches, Dämonisches in seiner
701 2133 1756 2202 Teile des Frauenspitals tötete Mütter und Kinder.
1761 2155 2792 2212 großen Sicherheit allen Ereignissen des Lebens gegen¬
702 2178 1744 2235 Der Stadtpräfekt traf die Maßnahmen zur Räumung
1755 2193 2796 2250 über. Der Franzose ist nie so einsam wie es die
713 2211 1754 2276 von Paris. Man wußte nicht, wie Jahr 1918 zu
1749 2226 2838 2282 Menschen dieses Schauspiels sind. Er ist dem Leben?
707 2250 1754 2311 Ende gehen würde. Der Haß gegen Deutschland war
704 2267 2794 2348 ins Unerhörte gestiegen. Und zehn Jahre später schons in einer andern, farbigeren und froheren Weise über¬
1756 2312 2798 2364 legen als Herr von Sala. Doch Bassermann hat ihm
707 2330 1768 2391 erntet Bassermann seinen verdienten Erfolg in einem
1763 2345 2789 2401 mit seiner Truppe, die durchwegs gut spielt, diese an¬
711 2368 1758 2444 der klassischen Theater der Pariser Boulevards. Die
1750 2383 2802 2439 dere Welt und diese andern Erlebnisse nahegebracht:
703 2422 1118 2486 Zeit schreitet rasch.
1760 2427 2786 2479 wenigstens soweit, daß der Pariser glaubt: es muß ir¬
763 2434 1753 2504 Es ist ein eigentümliches Gefühl, in einem stockfran¬
1758 2467 2792 2522 gendwo auf der Welt solche Menschen geben, wenn auch
710 2485 1752 2554 zösischen Theater auf einmal deutsches Schauspiel anzu¬
1765 2493 2801 2570 nicht gerade bei uns: aber sie sind nicht nur der Phail¬
714 2522 1756 2579 hören. Der Eingang, die Kasse, die Platzanweiserin,
1761 2546 2378 2608 tasie des Dichters entsprunger
707 2567 1751 2615 der Programm= und Pastilles=de=menthe=Verkäu¬
1793 2574 2808 2642 Bassermanns Eindruck ist 1. Paris zu einem Er¬
717 2596 1764 2664 fer, alle sie sind französisch. Und sowie sich der Vorhang
1754 2631 2469 2673 eignis geworden, das dauern wird.
711 2642 1759 2697 über einer bescheidenen Dekoration hebt, klingen die
1806 2650 2808 2715 Im Odéon sind den Russen die Holländer gefolgt,
715 2677 1765 2728 ersten Worte deutsch, lebt man in einer völlig andern
1756 2695 2806 2751 die nun von den Engländern abgelöst werden. Wenn
705 2715 1761 2781 Welt. Nicht nur die Sprache, auch die ganze Atmo¬
1769 2735 2803 2786 bei all diesen internationalen Schausvielen etwas den
716 2754 1758 2808 sphäre ist eine dem Pariser fremde. Diese müde Trau¬
1765 2780 2804 2827 Richtfranzosen überraschen muß, so ist es die erstaun¬
719 2795 1761 2858 rigkeit, dieses selbstverständliche Hinnehmen der tragl¬
708 2850 2805 2881 schen Einsamkeit eines jeden Menschenlebens ist echt liche Tatsache, daß die meisten Kritiker der großen Ta¬
720 2850 2805 2931 deutsch, nordisch, ist unbedingt unfranzösisch. Zur Zeit geszeitungen jeweils zuerst eingestehen müssen, daß sie
1760 2883 2807 2953 zwar von der fremden Sprache nicht viel verstanden
713 2910 1768 2966 findet eine däntsche Ausstellung in Paris statt. Ein
1770 2927 2796 2982 ##cben und die Handlung nur so der Spur nach beur¬
720 2939 1762 3024 französischer Maler, der sie besuchte, erzählte nachher:
1771 2963 2803 3020 teilen konnten! Man staunt über diese Armseliakett der
719 2976 1758 3050 „Nein, ich gehe kein zweites Mal mehr hin! Es sind
1761 2998 2805 3062 großen Herren, die in unsern viel kleineren schweizeri¬
716 3023 1768 3092 gute Arbeiten, aber welche Casardluft, welches Grau
1769 3054 2582 3120 schen Verhältnissen kaum zu finden wäre.
715 3071 1778 3118 in Grau, welche Schwermut. Ich glaube, ich würde:
724 3105 1798 3171 selbst schwermütig werden, wenn ich mich länger im
