3436 4352
573 1445 686 1526 ein
572 1504 682 1567 nen
559 1556 691 1640 kot¬
575 1638 683 1725 die
570 1709 686 1769 der
548 1754 688 1822 ürre
539 1807 696 1870 euer¬
541 1857 683 1916 öscht.
531 1898 689 1976 Rück¬
540 1948 693 2012 einem
521 1991 701 2060 umge¬
522 2044 704 2107 r und
506 2087 697 2157 Vagen.
501 2134 699 2203 ung am
502 2186 703 2252 avonge¬
492 2230 702 2297 ihm die
497 2282 698 2339 Lehrer
530 2321 701 2384 Feuer¬
521 2373 699 2445 Pfeifen
516 2454 691 2531 Feuer¬
527 2512 700 2579 um an
528 2562 683 2633 id ge¬
537 2594 703 2672 iit die
551 2652 706 2718 rufen,
548 2705 705 2769 igeser
560 2751 706 2826 jelder
584 2833 723 2923 kurz
589 2905 714 2971 30.
580 2998 707 3065 ver¬
580 3049 714 3122 hen.
601 3214 715 3290 zeit
602 3281 724 3338 igt
1868 37 2214 115 eheen
738 40 1832 116 e eeemmneeen
1858 93 3036 149 scheiden weiß, aber keinen Freund besitzt, sondern die
644 109 1836 181 hand harrt, ist Roeber der Interpret des zweiten geworden.
1852 134 3050 203 Menschen nur soweit schätzt, als er sie benützen kann.
728 152 1854 220 Ein Reiterkampf. Graf Adolf von Berg hat den wilden
1866 181 3046 246 Zwischen ihm und dem fast gleichwertigen, nur aus härterem
663 197 1846 264 Arnold vor den Toren seiner Burg, wo er sich dem Landes¬
1869 226 3055 287 Holz geschnitzten Julian Fichtner, dem ruhelosen Maler, der
656 237 1851 326 herrn widersetzen wollte, niedergeworfen. Wie ein Unge¬
1869 276 3058 334 ihm von allen am nächsten steht, besteht doch im Grunde
658 284 1853 365 witter ist der Graf mit seinen Rittern in den Feind
1854 316 3046 387 die Basis gegenseitigen Verstehens nur darin, daß sie sich
658 323 1859 412 gefahren. Im ersten Ansturm ist sein Sieg entschieden:
1870 382 3053 444 „zur rechten Zeit die richtigen Stichwörter zu geben wissen“.
656 372 1857 458 Arnold am Boden, seine Spießgesellen ein verschüchtert
1864 417 3055 481 Aber am Lebensschluß, wenn alle Bronnen ausgeschöpft
658 444 1645 520 Häuflein Menschen, die des Unterganges harren.
1860 463 3059 531 sind, müssen sie sich bankrott erklären: ihr Egoismus, der
739 466 1860 538 Die Episode hat Roeber meisterhaft in das Halbrund
1859 510 3054 581 sie einsam gemacht hat, hält nicht vor; sie sehnen sich
674 527 1862 593 gebracht. Er hat sich der antiken Giebelgruppe erinnert,
1866 571 3049 618 nach einem geliebten Wesen, dem sie alles sein möchten.
677 570 1864 638 die sich ähnlichen räumlichen Verhältnissen anpassen mußten.
1867 610 3047 671 Jedoch Fichtners natürlicher Sohn wendet sich von ihm, der
670 620 1857 684 In der Mitte die volle hohe Wölbung erwartete den Haupt¬
1863 650 3048 722 einst egoistisch die Mutter verlassen, ab und dem Pflege¬
670 667 1859 728 moment mit der herrschenden Figur, während die spitz zu¬
1875 707 3082 766 vater zu, der auf dem Punkte stand, einsam zu werden. —
679 716 1859 792 laufenden Seiten für geduckte oder gefallene Kämpfer geeignet
1865 739 3063 806 Er, der mit treuem liebevollen Herzen als alltäglicher
679 759 1860 846 waren. Aehnlich wie die Aeginetengruppe ist demnach hier
1874 792 3048 857 Mensch und als ein Betrogener durch die Welt geschritten
680 825 1268 886 das Ganze gestaltet worden.
1859 843 3024 925 ist nun unverhofft der Reiche. Und Sala hat unverdienter
733 844 1866 925 Doch darauf achtet man nicht, wenn man das Bild zum
1870 892 2996 960 maßen kurz vor dem Fallen seines Lebensvorhangs
671 912 1872 983 ersten Male sieht. Die Rosse fesseln zunächst den Blick.
1873 929 2999 997 weibliches Herz gefunden, jene rätselhafte Johanna, die
687 952 1861 1020 Hier hat ein Reiter, ein Pferdefreund den Pinsel geführt.
1865 985 2979 1053 den Tod sucht und ihn einsam macht, so daß er verzw¬
687 1002 1862 1068 Wie sie aus der linken Ecke herausstürmen, gespenstisch in
1881 1024 2986 1109 (freilich als unheilbar Kranker) ihr ins dunkle Reick
679 1050 1791 1117 den wallenden Decken, die auch den Kopf verhüllen,
1872 1084 2197 1163 Schatten folgt.
681 1105 1861 1168 gleichen sie den apokalyptischen Tieren eines Dürer, Cor¬
1932 1102 3008 1193 Vom Inhalt erwähnen wir noch soviel, daß Fic,
694 1137 1877 1208 nelius oder Böcklin. Trotz der Vermummung, die nur die
1875 1160 3040 1236 in dem angedeuteten Verhältnis, dem er seinen Sohn ve¬
685 1184 1859 1252 Augen aus großen Löchern hervorblitzen läßt, sind die Tiere
1877 1230 3075 1285 dankt, seinen Freund Wegrath, den erwähnten Pflegvater,
681 1254 1314 1311 als Einzelwesen charakterisiert.
1867 1266 3059 1337 betrog, und daß dessen Tochter jene Johanna ist. Die
756 1264 1862 1366 In wuchtigem Galopp saust Adolf in die Mitte hinein,
1880 1312 3062 1382 Handlung tritt in dem Stück sehr zurück, dafür die Stimmungs¬
681 1325 1870 1385 die Lanze gesenkt, die eben den Gegner zu Boden gerannt.
1879 1364 3071 1423 malerei hervor, um das Wesen der Menschen und ihrer
691 1384 1871 1450 Ritter Arnold liegt im Vordergrunde, den Lanzenstumpf in
1873 1410 3071 1478 Gespräche deutlicher zu machen.Mit Interesse folgt man
692 1425 1873 1507 der Faust; sein Pferd neben ihm niedergeworfen, reißt
1871 1480 3078 1533 der eingehenden und vielseitigen psychologischen Zeichnung,
692 1473 1878 1545 entsetzt den Kopf zurück, und ebenso entsetzt schaut
1877 1505 3075 1576 die ganz eigenartige Menschen schäfft. Für die Darsteller
686 1526 1870 1599 über den auf den Boden gestemmten Schilden die
1883 1545 3081 1624 waren es schwierige, aber auch dankbare Rollen. Herr
1708 1562 1874 1634 Ihre
697 1578 1722 1642 Schar seiner Getreuen dem Feind entgegen.
1879 1591 3077 1662 Brahm gab den Sala sehr glaubwürdig mit wohl¬
702 1622 1879 1683 Spieße heben sich wie Tangenten von der runden
1889 1641 3072 1718 berechneter Verwertung aller Nebensächlichkeiten, die schließ¬
693 1670 1879 1737 Türumrahmung, die hier ebenso wie bei manch anderem
1881 1706 3076 1771 lich der Figur das eigentliche Leben gaben. Das Schau¬
696 1713 1876 1783 Wandgemälde störend wirken konnte. Roeber hat die
1880 1738 3074 1803 spiel hat an ihm eine vielseitige gute Kraft gewonnen. Auch
697 1760 1874 1825 Störung aber geschickt abgelenkt. Seinen Humor, der die
1883 1785 3081 1857 der Fichtner des Herrn Ruhbeck war voll echten Lebens;
697 1805 1886 1879 Unterhaltung so gern würzt, hat er in dem Kopf neben
1880 1838 3081 1902 der Uebergang vom Egoisten zum Liebespender gelang ihm
1213 1860 1879 1942 Dieses von Schrecken erfüllte
700 1869 1205 1935 Arnold walten lassen.
1890 1878 3085 1967 so gut, wie der Ausdruck seines seelischen Schmerzes, als
694 1905 1557 1989 Galgengesicht wirkt unwiderstehlich komisch.
1881 1923 3088 2007 er sich zurückgestoßen fühlt. Bewundernswert war Frl.
764 1944 1879 2019 Ueber den Gefallenen weg erblicken wir die Burg im
1894 1962 3097 2045 Gertrud Jacobi als Johanna, deren Rätselwesen sie
703 2000 1877 2079 Hintergrunde und eine kampfende Reitergruppe davor. Der
1882 2020 3092 2098 in Spiel und Sprache gleich gerecht wurde. Mit dem
711 2047 1879 2115 Himmel ist bewölkt, Roeber hat dem bekannten Wuppertaler
1888 2067 3106 2139 Leutnant Felix (Fichtners natürlichem Sohne), verkörpert.
705 2106 1611 2183 Wetter nebenher ein Denkmal setzen wollen.
1894 2113 3109 2187 durch Herrn Althauser, konnte man sehr wohl zufrieden
772 2122 1887 2222 Immer wieder bewundert man die sichere Zeichnung,
1892 2155 3099 2233 sein. Er und sein Pflegevater Wegrath (Herr Max
714 2193 1891 2259 die jedes Ding, jede Bewegu# scharf und treu wiedergibt.
1897 2216 3143 2286 Büttner) sind die einfachen gesunden Menschen im Gegen¬
695 2235 1890 2314 Dazu kommt die Kraft de #astik. Scheint nicht der derbe
1901 2277 3090 2327 satz zu den übrigen mit dem überfeinen Empfinden.
700 2282 1883 2347 Brabanter Gaul vorn in##r heranstürmenden Ritterschar
1904 2295 3096 2375 Beide Darsteller trafen das Richtige. Frau Gabriele,
714 2331 1849 2402 mit seinen breiten Hufen aus demGemälde heraus springen?—
1889 2349 3092 2420 die schuldbewußte, todkranke Gattin Wegraths, fand
777 2373 1895 2435 Helle Farbenfreude spricht aus dem mit stumpfen Caséin¬
1897 2396 3107 2461 in Frl. Klara Geldner eine verständige Interpretin.
698 2424 1890 2483 farben gemalten Bilde. Die Siegergestalt des Grafen
1903 2457 3097 2515 Ebenfalls war Herr Grunwald in der Darstellung des
711 2469 1891 2538 leuchtet samt dem Roß in Rot, das damit der herrschende
1905 2501 3087 2571 schweigsamen, auch auf seine Art einsamen Arztes Neumann
713 2517 1897 2600 Akzent geworden. Blau und Gelb bringen wirksamen, wenn
1910 2537 3098 2618 glücklich. Besondere Anerkennung verdient Frl. Fanny
712 2567 1901 2631 auch schwachen Kontrast zu der Hauptfarbe. Das feine
1901 2601 3099 2664 Wolff, die Allverwertbare, die für die plötzlich vor Beginn
715 2616 1906 2681 Empfinden Roebers hat ihn davor bewahrt, das Grausige
1905 2637 3100 2707 absagende Darstellerin der interessanten Irene Herms mit
711 2655 1897 2745 zu sehr zü betonen. In der Charakteristik jeder einzelnen
1912 2686 3098 2755 dem Buch in der Hand einsprang, aber so im Geist ihrer
717 2721 1566 2781 Gestalt wetteifert er mit Meister Janssen.
1895 2733 3105 2820 Rolle spielte, daß jeder peinliche Eindruck vermieden wurde.
787 2732 1896 2842 Hoffentlich wird das Suitbertusbild ein würdiges Ge¬
1913 2784 3102 2857 Die Regie Herrn Büttners verdient ebenso Anerkennung.
1650 2802 1835 2869 Fr. K.
717 2816 915 2881 genstück.
1975 2830 3101 2905 Das Stück wurde verschieden aufgenommen. Der effekt¬
1909 2876 3107 2957 lose Schluß des ersten Aktes verwirrte fast. Aberhein tiefer
1069 2908 1542 3002 Stadttheater.
1928 2911 3108 2994 Eindruck mancher Stellen, wo Schnitzler in schöner Sprache
1928 2974 3117 3047 Bedeutungsvolles sprechen läßt, war unverkennbat. Daß
1015 2985 1602 3063 „Der einsame Weg“.
1920 3035 3115 3104 gewisse Dinge unverhüllt beim wahren Namen genannt
767 3026 1876 3127 Schauspiel von fünf Akten von Arthur Schnitzler.
1915 3077 3109 3131 werden, ist bei einem modernen Stück nicht verwunderlich.
1201 3103 1852 3201 * Elberfeld, 13. Sept. 1904.
1926 3123 3120 3187 Vielleicht wäre es besser für eine Matinee geeignet gewesen..
779 3164 1911 3247 Was von diesem Schauspiel dem Besucher im Gedächtnis
722 3221 1914 3299 haften bleibt, ist nicht etwa die Handlung, das Geschehen,
2282 3214 2734 3321 Vermischtes.
722 3292 1911 3347 sondern es sind die Sentenzen, die ernsten Wahrheiten, die
1969 3298 3116 3369 * Der Kaiser im Kreise einer Arbeiterfamilie. Eine¬
716 3329 1908 3411 aus einem sorgfältig gearbeiteten Dialoge herausklingen und
1922 3361 3117 3439 reizende Szene, die der Vergessenheit entrissen zu werden
725 3377 1905 3455 um so merkwürdiger erscheinen, da sie von modernsten
1929 3410 3115 3472 verdient, ereignete sich am Montag bei der Kaiserparade
717 3431 1395 3504 Menschen ausgesprochen werden.
1923 3467 3106 3515 in Lurup. Unmittelbar am Paradefelde steht das Haus
788 3445 1917 3532 Man darf nicht an Sentenzdramen der klassischen Zeit
1916 3507 3119 3578 des Arbeiters Heinrich Drews, der glücklicher Vater
714 3514 1907 3588 denken. Schnitzler ist in jeder Beziehung ein Moderner,
1924 3547 3119 3625 von sieben Knaben ist. Bei dem jüngsten Sohne, dem
738 3572 1918 3634 stellt Menschen der Gegenwart aus bestimmter Sphäre der
1922 3597 3114 3667 am 26. März 1904 geborenen Friedrich Wilhelm, hat sich
739 3618 1916 3678 Weltanschauung auf die Bühne und käßt sie Ideen und
1925 3663 3117 3721 der Kaiser als Pate ins Kirchenbuch eintragen
733 3660 1916 3724 Meinungen vertreten, die zeben als medern oder über¬
1926 3683 3124 3764 lassen. Das Hofmarschallamt machte den Kaiser darauf
732 3700 1921 3774 modern bezeichnet werden Im allgemeinen kann man
1928 3728 3129 3806 aufmerksam, daß dieses Patenkind unmittelbar beim Parade¬
732 3759 1918 3826 diese Menschen, die ahnungsvoll und weitsichtig (im über¬
1930 3802 3116 3859 feld wohne. Unverzüglich befahl der Kaiser, daß das Kind
738 3806 1921 3890 tragenen Sinne) durch=die Welt gehen, nach dem Vorgange
1941 3830 3121 3904 ihm vorgestellt werde, und auf Veranlassung der Kaiserm
738 3853 1924 3917 des bekannten Historikers Lamprecht „reizsam"nennen.
1933 3885 3122 3938 wurde dieser Befehl dahin erweitert, daß die ganze Familie
735 3909 1924 3964 Johanna ist ein Mädchen aus der Welt Maeterlincks, sie
1931 3920 3126 3994 des Arbeiters Drews erscheinen sollte. Pünktlich
731 3942 1917 4016 sieht deutlich, wenn sie sinnend in der Dämmerungsitzt,
727 3968 3131 4061 wie sie vor Jahrtausenden im antiken Haine getanzt hat, erschienen sie denn auch am Montag beim Kaiserzelt auf
