3436 4320
1444 194 1927 299 box 23/3
284 199 1308 315 18. Der einsane-Neg
2196 1628 3279 1707 lichen Vater, der die letzte Hoffnung seines Lebens¬
1119 1642 2198 1707 vielmehr etwas Ueberspitztes, das kalte Räsonnement
2193 1679 3276 1740 auf ihn setzt, weist der Sohn ab und wendet sich
1124 1680 2191 1757 im Einsamen Weg auch moch einen starken symbo¬
189 1553 858 1788 # Feuilleton.
2197 1730 3279 1792 dem anderen, mit dem ihn bisher kein inneres Band
1127 1745 2197 1803 listischen und mystischen Zug nach Ibsen, freilich ohne
2188 1761 3282 1844 verknüpfte, in tiefster Neigung zu. Die rein äußer¬
1119 1791 2197 1857 dessen zwingende Schärfe und Kraft. Ebenso wie bei
300 1785 849 1882 Der einsame Weg.
2196 1825 3286 1898 liche Zusammengehörigkeit zweier Wesen durch Des¬
1124 1833 2198 1897 diesem spielt auch die eigentliche Handlung weit vor
174 1857 1113 1927 piel in 5 Akten von Arthur Schnitzlei Zum
2193 1870 3283 1951 cendenz wird übertrumpft von der den Besitz sich
1122 1886 2200 1949 der Zeit des Stücks und rollt nun in ihren Folgen
183 1901 1115 1983 l aufgeführt am 15. Mai, vonGefmtgästspiel des
2193 1927 3086 1999 langsam erobernden Erfüllung der Pflicht.
1116 1903 2198 2010 vor uns ab. Unter ziemlich hoher Spannung schweben
198 1938 952 2022 Lessingtheaters im Theater an der Wien.)
2293 1954 3286 2039 In Schnitzlers Stück üherqueren sich mehrere,
1124 1966 2206 2039 Gewitterwolken herein, aber sie entladen sich auf einem
186 1976 1114 2058 chnitzler strebt nach dem Ruhme, ein schwer
2199 2015 3293 2089 nicht immer klar erkennbare Grundmotive. Julian
1111 2029 2201 2106 dramatischen Nebenpfade und das gespenstische Rößlein
178 2042 1114 2103 dlicher zu sein. Nicht weil er es von Natur
2193 2067 3286 2130 Fichtner und sein Erlebnis mit Gabriele, der Braut
1120 2086 2195 2152 von Rosmersholm, das auch in diesem Stücke spielt,
206 2097 1111 2165 sondern weil er es sein will. Im Ein¬
2195 2099 3289 2188 Wegraths, schiell deutlich nach Goethe und nach dessen
1126 2130 1648 2216 gelangt nicht aus Ziel.
176 2130 1120 2205 Weg“ finden die halben Worte kein Ende;
2201 2165 3284 2234 Tagen zu Sesenheim. Hier wie dort der kraftgenia¬
1204 2169 2205 2239 Freilich dieses Ziel mit Fingern zu denten und
183 2192 1115 2251 ört sie loohl, aber sie rauschen vorüber, wie
2199 2204 3281 2269 lische Schwung, der über ein gebrochenes Wesen mit
1112 2230 2198 2307 klar zu erkennen, ist schwer. Schon daraus mag man
179 2233 1118 2295 Schall. Die kurzen Sätze verschlingen und
2205 2246 3280 2324 allen Schauern eines süßen Schmerzes hinwegsetzt,
1113 2264 2207 2338 erraten, auf wie schwachen Beinen das Werk als
184 2286 1128 2363 ken sich und hinter ihrem leuchtenden Körper
2205 2321 3295 2383 jenes Schauers vor der Kreatur, den zu empfinden
1121 2316 2204 2384 Drama steht. Sein natürlicher Fortschritt verstrickt
184 2329 1115 2396 ein unsichtbarer Gehalt, der uns beinahe zu ent¬
2196 2350 3286 2418 man Mut genug haben muß, um sich die innere
1125 2365 2196 2438 sich nur zu oft in dialektischen Schlingen. Ueberall
179 2372 1130 2448 en droht. Verschlungen und einander durchkreuzend
2209 2401 3299 2470 Freiheit zu wahren und die goldenen Aepfel des
1114 2419 2200 2488 zeigt sich der Hang des Dichters, statt unmittelbar
180 2422 1127 2495 lich die Motive. Schnitzler wird kompliziert und
2193 2450 3291 2511 Lebens zu pflücken. Und noch nach der langen
1128 2462 2203 2531 zu wirken, in die Tiefe zu bohren, eine Eigenschaft,
181 2478 1124 2533 m ja nicht einfach zu erscheinen. Eine Fülle
2195 2489 3286 2567 Reihe von Jahren, die verflossen sind, seitdem
1134 2516 2208 2579 die in hervorragendem Maße auf die Novelle weist,
176 2520 1127 2589 benserfahrung und schwer errungener Weisheit
2208 2559 3294 2611 Gabriele, die nunmehr der kühle Rasen deckt, vom
1122 2543 2204 2639 worin auch das Problem dieses Werkes eindring¬
182 2551 1113 2637 diesem Stück. Doch zuweilen sind ihre Orakel¬
2210 2592 3292 2660 Genie Julians geblendet, ihm zuflog wie die Motte
1129 2600 2211 2669 lichere Gestaltung gefunden hätte. Was sich so auf
190 2629 1121 2684 wie Steine der Cyklopen, die uns den Zu¬
2198 2651 3300 2704 dem Licht, findet der Verführer für ihren späteren
1123 2654 2202 2714 den ersten Blick als Kern der Handlung darstellt,
179 2662 1126 2744 zum Tempel sperren, in dem tief verschleiert
2192 2699 3290 2767 Mann nur die Worte: Leute von der Art Weg¬
1123 2693 2213 2763 ist nicht viel. Ein junger Mann erfährt, daß nicht
181 2709 1016 2773 bild zu Sais, die ewige Wahrheit, tront.
2194 2736 3304 2800 raths sind nicht dazu geschaffen, wirklich zu besitzen
1125 2757 2207 2823 der sein Vater ist, den er bisher dafür hielt, sondern
175 2746 1130 2827 on dem Wiener Boden, aus dem Schnitzler
2264 2783 3296 2847 weder Frau noch Kinder. Sie mögen Zuflucht,
1126 2802 2205 2869 ein anderer, an dem er mit Begeisterung hing. Wie
184 2797 1127 2878 fruchtbarsten Auregungen sog und die ihn in
2205 2834 3288 2901 Aufenthalt bedeuten — Heimat nie.“ Und doch
1129 2838 2208 2922 ihm dieser selbst bekennt, hatte er die Mutter knapp
163 2854 1134 2931 Steratur zu dem gemacht haben, was er ist, hat
2207 2868 3301 2955 sieht sich Julian selbst getäuscht. Die unbeglichenen
1125 2895 2212 2970 vor der Hochzeit zu Fall gebracht und dann schnöde
167 2908 1129 2970 F innerlich seit geraumer Zeit entfernt, ebenso
2195 2925 3297 3011 Rechnungen der Vergangenheit werden ihm jetzt,
1127 2948 2217 3007 verlassen während der hintergangene Freund, ohne
144 2947 1138 3033 rie im „Zwischenspiel.“ Es handelt sich dabei
2208 2978 3291 3051 eine nach der andern, vom Schicksal in die
1127 2999 2217 3054 den Sachverhalt zu kennen, das Mädchen heiratete,
168 3010 1123 3074 m die Schicksale der Personen und deren dra¬
2197 3012 3299 3100 Hand gespielt. Irene Herms erscheint, die er zur
1126 3027 2208 3106 recht und schlecht durchs Leben trottete und seine
214 3057 1122 3125 Fassung, sondern um ihre Farbe, um den
2208 3075 3294 3130 selben Zeit geliebt, als er das Herz Gabrielens brach.
1138 3088 2212 3163 Pflichten für den unterschobenen Sohn und für ein
180 3103 1138 3157 der sie belebt. Diese Gestalten haben keine
2203 3115 3294 3187 Er, der durchs Leben ging, immer nur von anderen
1117 3134 2215 3207 zweites Kind, ein Mädchen, tat. Aus dem Mitleid
184 3150 1135 3208 kische Note. Ihr Element ist nicht der bewegte
177 3183 3303 3274 hlag eines lebensfrohen Völkleins, sie haben] erwächst, wie so oft, auch hier die Liebe. Den natür= Liebe fordernd, ohne zu geben, kann nicht ernten,
