3436 4352
1053 357 1148 428 N
1403 357 1856 450 box 23/1
231 359 1273 466 18. Der einsane neg
150 1223 295 1314 plan
148 1431 301 1526 900
732 1470 3225 1610 Tochter Johanna, ist ein hysterisches Mädchen, in der ein unruhiges, Herr Bassermann (von Sala) war nur im ersten Alb
1986 1524 3235 1617 zu sehr Biedermeier. Dann gab er den frostigen Spötterk
733 1558 1993 1658 abenteuerndes Blut hämmert. Auch Fichtner selbst ist wieder ins
141 1561 423 1650 nièren.
1991 1571 3237 1653 ausgezeichnet. Rudolf Rittner (Fichtner), Oskar Sauer)
749 1605 1982 1679 Haus gekommen, ein Mann von Welt, mit einer verfeinerten und kalt¬
1983 1619 3236 1699 (Wegrath), Irene Triesch (Johanna), Kurt Stieler (Felix), in
151 1609 742 1693 iestes Schauspiel, ein gedehnter
754 1650 1989 1726 blütigen Genußsucht, erfüllt aber auch von Bitterkeit, weil sein Traum
1990 1661 3238 1739 der Schwermut besser als im Pathos, gaben ein überaus fein
165 1680 745 1729 hatte gestern im Deutschen
749 1690 1987 1766 von großem Künstlertum keine Erfüllung gefunden hat. Noch ein
1992 1698 3246 1775 getöntes Gesamtspiel. Und wieder — schon zum zweiten Male in
149 1721 735 1782 am kamen einige Hervorrufe zu
745 1728 1993 1816 anderer Mann, Fichtner ähnlich in den Regungen einer rücksichts¬
1988 1750 3241 1811 diesem Jahr! — zeigte die Ausstattung, daß man sich im Deutschen
148 1762 734 1826 kem Häuflein, das in Schnitzler,
742 1773 1993 1852 losen Ichanbetung, nur eisiger noch, ist in diesen Kreis getreten. Es
1988 1787 3143 1878 Theater die „Errungenschaften der Neuzeit“ anzueignen beginnt.
165 1801 752 1873 geschrieben, noch immer einen
751 1830 1801 1916 ist Herr v. Sala, Globetrotter und geistreicher Räsonneur.
802 1835 2006 1930 Fichtner und dieser Herr v. Sala werden allmählich — ach wie
148 1863 746 1958 Stück ülerhaupt? Schon „Der
756 1900 1997 1976 allmählich! — die traurigen Helden des Schauspiels. Nach dem Tode der
188 1928 747 1997 Neigung des Dichters, mit
162 1939 215 1993 se
754 1939 2027 2021 Frau Gabriele bricht der auf Unwahrheit gegründete Familienverbang#
165 1976 744 2037 gehaltenen Absichtlichkeit klare
752 1986 2005 2053 auseinander. Alle Beteiligten, nur der Pfeudovater Wegrat,
148 2010 752 2078 Buhüllen Man glaubt ein Ibsen
746 2018 2012 2093 wissen nicht, daß Felix in Fichtner seinen Erzenger zu sehen #it.
140 2055 750 2109 Einnt und nur durch dicke Wolken¬
749 2062 2003 2157 Fichtner umschwärmt nun das Herz des Sohnes. Alterno, an Ent#u¬
147 2101 751 2168 n verändern, zum gemeinen Volke
758 2110 2009 2187 schungen reich, sehnt er sich nach Stab und Stütze. Zu spät. Dem junhen
154 2137 752 2195 kur ein starker Empfinder, sondern
756 2150 2004 2233 Lentnant scheint Blut nicht dicker als Wasser. Mit dem feinen Insthikt
151 2181 752 2254 tte nicht auf diesen Weg ge¬
757 2193 2002 2272 des anständigen Charakters sieht er in Fichtner nur den Mann, Der
167 2220 762 2290 auch nicht in dem ehrlichen
756 2238 1933 2314 das ahnungslose Herz der Mutter verraten hat.
160 2263 750 2334 über sich selbst hinauszukommen
753 2281 1944 2355 indessen, nicht minder ergraut, aber noch voll von
167 2310 756 2371 ersteigen. Seine Persönlichkeit,
758 2332 2005 2411 kunftsplänen, auch Sala sieht seine Gottähnlichkeit in Trümmer
172 2350 758 2422 g von weltkundigem Cynismus,
756 2365 2020 2446 gehen. Drohende Todeskrankheit läßt ihn von seinen großen Ent¬
155 2394 735 2469 elt durch sich selbst zu wirken.
756 2397 2020 2483 würfen abstehen. Und noch mehr. Johanna Wegrath, die ihn liebt,
149 2436 762 2510 etiefste Tiefe steigen und geriet in
756 2445 2012 2529 nimmt sich selbst das Leben. Die Tochter jener Frau, die nicht den
153 2477 757 2550 n wollte er letzte psychologische
759 2492 2022 2560 Mut zum Sterben hatte, als sie in Schande geriet, eilt, wie dem Hörer
158 2523 766 2594 die schaulustige Menge unver¬
768 2522 2025 2612 scheinen muß, ohne ersichtlichen Grund, in einer krankhaften Begierde
157 2565 768 2630 t Mühe nur entziffert sich die
761 2560 2024 2659 nach Schmerz, aus dem Ringe der Lebendigen. Nun geht auch Sala
156 2604 766 2678 Faktere beschreibt; mit Mühe nur
760 2609 2017 2689 und tötet sich. So stiebt alles auseinander, in den Tod oder
157 2653 758 2721 der Kern des Schauspiels; mit
760 2656 2016 2729 in ein friedloses Leben. Jeder geht den „einsamen Weg“, jeder in
153 2694 770 2759 d eines Dichters immer würdige
771 2700 2016 2778 keiner Art. Mit Untreue, Lüge und Selbstsucht sind die Alten vor
158 2738 759 2808 fet einander. Verstehet einander.
762 2744 2037 2841 jenen zwei Jahrzehnten einander begegnet. Nun rächt es sich an
775 2804 1284 2876 ihnen und an ihrer Brut.
163 2805 768 2894 hin Ibsens Spuren, daß er die
814 2818 2032 2908 In so furchtbarem Ernst löst sich zuletzt Schnitzlers Schauspiel.
162 2874 766 2929 einer weit zurückliegenden Vor¬
760 2875 2035 2977 Das ist nicht mehr die sanfte Melancholie, die der Wiener sonst
156 2911 758 2968 bielen das Leben,“ wie er selbst in
765 2924 2028 3007 aus den Volksliedern seiner Heimat auf die Bühne zu
147 2948 770 3014 agt hat. Vor zwanzig und mehr
759 2969 2032 3060 bringen wußte. Das ist völlige Verzweiflung und absolute
162 2995 766 3054 Dorfe zwei junge Maler kennen
772 3008 2029 3095 Verneinung. Eine Verneinung, an die uns glauben zu machen, dem
159 3039 763 3100 braver junger Mann, der sie zur
777 3047 2024 3121 Stück die großgestaltende, menschenschöpferische, wahrhaft künstlerische
161 3072 772 3143 k andere, ein Feuerkopf mit ein¬
769 3089 2035 3166 Natur nicht minder fehlt wie die Klarheit. Miserere! Miserere!
152 3123 772 3183 e. Mit Fichtner wollte sie fliehen,
771 3131 2032 3215 In Sterbeseufzer und Selbstzerfleischung klingt mit dem frischen Ruf
156 3168 772 3220 er Fichtner selbst war es, der
777 3167 2045 3254 gesünderen Lebens nur eine einzige Stimme hinein. Sie gehört einer
151 3205 771 3271 Enns seiner Künstlernatur schreckte
782 3217 2044 3291 Frau, die einst von Fichtner geliebt, aber schnell mit Paschalanne bei¬
148 3252 768 3320 Prtungen zurück. Gabrikle ging
776 3260 2042 3340 seite geschoben war, einer Frau mit dem Scheine der Verderbtheit,
151 3285 774 3350 biederen Wegrath. Sie schenkte
780 3296 2042 3380 aber rührend in der Stärke ihrer unbefriedigten Muttersehnsucht.
161 3332 774 3396 n nannte. Schenkte ihm später
780 3345 2037 3418 Diese Figur ist bester Schnitzler. Und uns lieber noch, als die vielen
784 3378 2044 3466 geistreichen Sentiments, die wir uns an den langen Wegstrecken des
169 3392 771 3485 vorüber — ich sagte es schon.
775 3431 2048 3502 Schauspiels pflücken dürfen, und die uns dann auf Minuten die
160 3461 768 3528 ele, seine Frau, ist eine Sterbende,
782 3478 1488 3561 Schwäche des Ganzen vergessen lassen.
159 3496 782 3559 ch hebt. All die Zeit hat sie mit
824 3511 2044 3583 Es war Else Lehmann, die eben dieser Frau ihr ganzes prächtiges
155 3541 787 3615 hat. wie nun das Leben so ist. ihm
778 3564 2056 3631 Lebendigsein gab. Auch sonst kam das Stück mit seiner Fülle verhaltener!
166 3586 776 3652 aufgebaut. Der Sohn, Fichtners
178 3599 2061 3698 Offizier; die Tochter, Wegraths! Stimmungen der Spielweise Brahms auf halbem Wege eutgegen.!
