3436 4384
1388 356 1840 453 box 23/5
819 378 1014 447 Sane
223 377 1237 486 18. Der ein.Nes
864 1203 1188 1296 1-4PR 518
531 1329 1363 1441 Grazer Montags Zeitung
749 1503 1197 1612 Theater.
425 1573 1614 1652 (Der einsame Weg. Schauspiek von Artur
433 1645 1603 1716 Initler.) In keinem andern Schauspiele Schnitzlers merkt
396 1696 1607 1746 mast da Verstandnis für Ibsen besser als hier. Vielleicht noch
394 1732 1625 1809 im „We n Land“, das eine Art Gegenstück genannt werden
378 1794 1603 1849 kann. 2 s ergibt sich unaufdringlich aus den Gesprächen,
380 1842 1604 1903 die, auch ienn sie an der Oberfläche zu haften scheinen, voll
383 1886 1605 1958 Mystik und Symbolik stecken und stets die Beziehungen zum
386 1944 1603 2003 Problem de Dichters aufrecht erhalten, ohne doch der scharfen
389 1987 1606 2051 Plastik wie dem Wirklichkeitssinne Abbruch zu tun. Schon der
388 2048 1605 2101 Titel des Stückes ist symbolisch gemeint. Alle handelnden Per¬
393 2085 1607 2137 sonen sind befreundet, sie stehen zum Teile sogar in geheimnis¬
387 2136 1605 2196 vollen Verhältnissen zu einander; und doch sind sie alle beinahe
381 2196 1606 2245 ausnahmslos, einsam geblieben und gehen auf einsamem Wege
380 2230 1609 2285 durch das Leben. Julian Fichtner (Herr Hofbauer) fühlt sich
385 2291 1607 2346 vereinsamt, weil er keine Familie hat, Stephan v. Sala (Herr
378 2328 1603 2388 Olden), weil er seine Familie verloren hat, Direktor Wegrath
384 2379 1603 2453 (Herr Großmann) und seine unglückliche Frau (Frau Godeck)
384 2425 1598 2485 bleiben einsam mitten in ihrer Familie und finden trotz oder
386 2483 1612 2542 vielleicht gerade wegen ihrer Kinder, die gleichfalls Anlage zur
387 2537 1607 2581 Einsamkeit haben, nicht einmal zueinander. Und so ist es eine
390 2567 1610 2650 Versammlung Einsamer, die uns der Dichter in der Meinung
395 2619 1603 2684 vorführt, daß wir Menschen alle in unserem innersten Wesen
397 2671 1598 2739 immer vereinsamt find und daß wir nur äußerliche Berührung
392 2718 1601 2770 miteinander haben. Nur merkwürdig, daß gerade die Wenigen,
379 2768 1601 2815 denen ihre Vereinsamung klar wird, Furcht vor der Einsam¬
383 2808 1597 2884 keit empfinden und oft an ihr zugrunde gehen: Der horror vacui.
394 2865 1605 2927 Die Furcht zu vereinsamen gebiert die Lüge und gerabe diese
394 2921 1598 2974 Lüge isoliert uns dann für's Leben. Neben diesem Grund¬
379 2971 1603 3024 gebanken entwickelt das Schauspiel andere Ideen und Über¬
396 3011 1601 3079 zeugungen dutzendweise. Es führt aus, daß auch Mütter und
379 3064 1598 3124 Schwestern ihr Schicksal haben wie andere Frauen, daß aber
390 3124 1599 3166 eine Frau, die nie ein Kind geboren, nie eine Frau war;
382 3156 1597 3208 daß ein Dasein ohne Schmerzen ebenso unerträglich sein müßte
392 3215 1606 3267 wie ein Dasein ohne Glück (nichts ist schwerer zu ertragen
379 3251 1601 3307 als eine Reihe von schönen Tagen) und daß glücklich machen
386 3306 1608 3372 besser sei als schuldlos sein. Wer im Schauspielhause bei
390 3347 1609 3424 Schnitzler erscheint, befindet sich bei einem ebenso geistreichen
396 3403 1609 3454 als gediegenen Schriftsteller zu Goste, der überdies über alle
388 3449 1431 3501 dramatische wie theatralische Kunst sonverän verfügt.
473 3502 1606 3560 Freilich stellt er der Darsiellung in seinen Konversations¬
390 3542 1619 3620 stücken die denkbar schwierigsten Aufgaben, die restlos nur nach
388 3601 1609 3659 wochenlangen Proben gelöst werden können. Da die Provinz¬
389 3653 1611 3712 bühne mit ihrem Massenlonsum hiezu keine Möglichkeit bietet,
394 3697 1602 3747 muß man zufrieden sein, wenn der Abend halbwegs gelingt.
394 3758 1611 3805 Echt vom Wienenspiele an bis zur kleinsten Gebärde war wieder
390 3801 1646 3863 Frau Godeck in ihrer kleinen Rolle. Auch die Herren Hof¬
1844 1579 2590 1716 Gfazer Tagblaft, Graz
2092 1689 2436 1778 Abendblatt
2415 1730 2800 1850 2- 4. 1912
1978 1876 2803 2065 Thakter und Kunst.
1922 2037 2902 2122 (Schauspielhaus.) Artux Schnitzler „Der
1873 2085 2907 2170 einsame Weg“ (Erstaufführung am 30. Märs
1873 2142 2907 2207 1918). Viel „einsame Wege“ laufen in diesem
1881 2187 2899 2255 Schnitzlerschen Drama durcheinander. Menschen
1870 2241 2904 2304 kommen auf die Bühne, starren in Dämmerungen,
1880 2301 2898 2362 reden, irren aneinander vorbei, verlieren sich,
1872 2329 2902 2410 halbdunkle Worte sprechend, wieder in die Kulissen.
1869 2382 2909 2460 Viel ideenhaft Geistreiches und wenig wirksame
1883 2424 2898 2494 Handlung. Ob die Belebung dieses Schauspieles,
1866 2486 2904 2568 in dem Schnitzler ebenso deutlich wie wenig erfolg¬
1873 2528 2918 2614 reich um einen neuen Ausdrucksstil ringt, eie
1883 2574 2899 2642 künstlerische Notwendigkeit war? Jedenfaus
1881 2639 2897 2693 wurde nicht mehr daraus als fünf endlos lang¬
1871 2672 2918 2742 wierige und teilweise recht langweilige Aufzüge.
1872 2726 2918 2797 Der Aufführung fehlte vor allem, abgesehen von
1883 2779 2919 2846 Herrn Oldens trefflichem Sala, die örtliche
1883 2813 2913 2877 Wiener Note, ein Mangel, der sich besonders am
1878 2866 2912 2933 Julian Fichtner Herrn Hofbauers wie in der
1879 2908 2921 2984 Gestalt der Schauspielerin des Fräuleins
1891 2964 2916 3025 Schubert störend bemerkbar machte. Sehr gute
1872 3005 2914 3073 Leistungen dagegen boten Herr Großmann und
1889 3062 2916 3125 Frau Godeck als naturwahres Ehe= und Eltern¬
1884 3109 2918 3181 paar. Herr Andersen stellte (ähnlich wie schon
1889 3159 2923 3226 in „Leidenschaft") einen recht lebendig frischen,
1882 3221 2915 3290 jungen Reiteroffizier auf die Bühne. Das Haus
1888 3263 2922 3313 war ausverkauft, doch voll nur während des ersten
1889 3303 2916 3366 Teiles des Stückes. An diesem Mißerfolg dürften
1888 3354 2922 3411 auch die ungebührlich langen Pausen nicht unbe¬
1890 3404 2884 3488 trächtliche Schuld tragen. Dr. P. Hradil.
1970 3440 2942 3535 (Die Munne 7#. d#menn#. G#-n
