3484 4256
1414 208 1855 295 box 23/1
769 226 916 288 HSG
257 227 1254 327 18. Deres
1526 418 2037 490 eigene Korrespondenten.
1817 467 2243 546 Telephon: III, 3051.—
1322 481 1721 557 Berlin N. 24.
1289 529 2306 578 —
1559 590 2002 674 Ausschnitt aus
1575 831 2031 921 Vorwärts, Berlin
1680 999 1976 1085 16. 2. 04
1590 1130 1824 1210 Theater.
1173 1196 2319 1247 Deutsches Theater. „Der einsame Weg“. Schau¬
1093 1244 2332 1292 spiel in fünf Akten von Arthux, Schnitle Wie berichtet
1085 1289 2326 1340 wird, hat das Drama des feinsinnigen Wiener Poeten in der Sonn¬
1084 1321 2314 1362 abend=Premiere keinen rechten Erfolg gehabt. Bei der Wieder¬
1091 1339 2330 1402 holung am Sonntag, der ich beiwohnte, war das nicht anders. Nach
1090 1384 2319 1452 dem zweiten und dritten Aufzug wurde der Dichter gerufen, aber
1094 1432 2329 1488 die beiden Schlußakte enttäuschten augenscheinlich. Allzu langsam
1086 1486 2322 1525 rückt die Handlung vorwärts, und verworren laufen am Ende die
1089 1513 2314 1573 Fäden durcheinander. Es ist ein Reichtum sinnvoll nachdenk¬
1098 1559 2321 1609 licher Andeutungen und ein stiller Stimmungszauber in dem Stück,
1099 1585 2324 1643 überall stößt man auf eigenartig Geprägtes, aber die vielerlei An¬
1091 1624 2339 1684 regungen verdichten sich zu keinem zwingendem Eindruck. Dazu fehlt
1108 1666 2330 1730 die große energisch schwungvoll aufsteigende Linie, von der zuletzt
1096 1717 1772 1771 alle dramatische Spannung abhängt.
1180 1743 2322 1817 Die Form, der Schnitzlers Talent am meisten entsprechen möchte,
1095 1804 2332 1853 scheint die knapp zusammendrängende, scharf pointierte dramatische
1095 1842 2328 1888 Skizze, der — Einakter. Die „Liebelei“ in ihrer einfachen Struktur
1095 1881 2317 1939 deutet bereits auf einen solchen Typus hin. „Der grüne Kakadu“
1102 1903 2339 1964 ist geradezu ein Meisterstück, das beste, was überhaupt in dem Geure
1103 1943 2336 2013 geschaffen worden. Und, wenngleich selbstverständlich auch hinter
1103 1994 2331 2045 diesem kühnsten Wurfe weit zurückstehend, welche Fülle origineller
1108 2038 2327 2093 Kraft offenbarte der Cyklus der „lebendigen Stunden“
1106 2068 2324 2127 Umgekehrt, in negativer Weise bezeugt auch „Der einsame Weg“
1104 2094 2332 2163 mit seinen fünf Akten jene ursprüngliche Tendenz von Schnitzlers
1108 2145 2334 2205 Beanlagung. Das lang ausgesponnene Schauspiel setzt sich aus
1108 2188 2328 2245 einzelnen Situationskomplexen zusammen, die abgetrennt von
1106 2233 2331 2279 einander, verselbstständigt in Dramolettform eine unvergleichlich
1109 2265 2339 2329 stärkere Wirkung hätten ausüben können. Das Verhältnis das alten
2107 2303 2327 2352 das Kern¬
1111 2313 2090 2374 Künstlers und Ronés Fichtner zu seinem Sohn,
2106 2341 2342 2398 unmittelbar
1097 2347 2088 2393 problem des Stückes, läßt sich in wenigen
2123 2382 2338 2441 darstellen.
1110 2394 2107 2445 sich folgenden Seenen mit völliger Prägnanz
1096 2421 2337 2474 Nicht einmal eine weiter greifende Umbildung wäre dazu
1108 2461 2334 2516 notwendig, man hätte nur das im Stück Zerstreute konzentrierend
1109 2500 2340 2558 aneinander zu reihen. Und auch die Begegnung Fichtners mit seiner
1115 2556 2342 2593 früheren Liebe, der Schauspielerin Herms, dem leichtlebigen, an¬
1115 2576 2349 2634 scheinend so oberflächlichen Geschöpf, das sich nun im verzehrenden
1106 2615 2339 2670 Mutterinstinkt nach einem Kinde sehnt, ist ein Einakter im Keime,
1114 2660 2342 2711 ebenso die allerdings recht dunkle Liebesepisode zwischen der mystisch
1115 2695 2346 2745 schwärmenden Johanna und Stephan v. Sala, dem eisig kalten
1117 2731 2351 2790 Egoisten. Die Verbindung zu einem Schauspiel hebt bei Schnitzler
1114 2784 2341 2837 nicht das Einzelne, sie hemmt es nur in seiner freien Entfaltung;
1115 2822 2333 2867 die Teile drücken, pressen und beengen sich. Der Einheit gebende Ge¬
1109 2857 2352 2899 danke aber, daß der Weg der Genußsüchtigen und Pflichtenlosen, wenn
1106 2886 2341 2937 die Lebenshöhe überschritten, ein einsamer Weg ist voller Furcht
1111 2926 2341 2974 und Traurigkeit, blieb durch die Loslösung der Glieder von einander,
1116 2974 2338 3026 durch die Verwandlung des Dramas in eine Einakterreihe, un¬
1110 3017 1290 3078 berührt.
1190 3042 2352 3104 Der Maler Fichtner hat die Braut des Freundes verführt und
1114 3105 2351 3151 ist dann, als sie bereit war, ihm zu folgen, heimlich entflohen. Seine¬
1123 3124 2359 3186 Freiheit zu wahren, schien ihm kein Opfer fremden Menschenglücks zus
1282 3179 2353 3229 Mehr als zwanzig Jahre gingen seitdem ins Land.
1113 3179 1241 3233 groß.
1125 3210 2342 3263 Das Genie des einst Gefeierten ist in einem wilden, un¬
1111 3245 2343 3298 stäten Leben fruchtlos verzettelt, und nun leer, gebrochen,
1116 3289 2354 3346 hungernd nach Liebe, kehrt er nach Wien zurück. Der Sohn,
1124 3322 2355 3384 den Gabriele in der Ehe ihrem wackeren Gatten geboren, ist sein,
1123 3371 2356 3421 des Malers Fleisch und Blut. Fichtner, der sich um Felir früher¬
1124 3399 2358 3455 nicht gekümmert, meint, ernten zu können, wo er nicht gesät. In
1114 3445 2357 3500 der Angst der Einsamkeit soll ihm Felix ein Schutz und Schirm sein,
1125 3479 2353 3537 an dem jungen frischen Herzen will er sein erkaltendes wärmen. Ob¬
1115 3521 2356 3570 er ein Recht hat, nach allem, was geschehen, den Frieden des
1118 3569 2359 3620 Wegrathschen Hauses zu stören und, kurz nach der Mutter Tod, Felix
1116 3616 2355 3661 das Geheimnis seiner Geburt zu verraten, die Frage kommt ihm
1121 3646 2357 3697 gar nicht in den Sinn. Was er zu brauchen meinte,
1126 3687 2365 3735 war er immer mit brutaler Hand zu nehmen gewöhnt.
2277 3716 2355 3765 er
1566 3717 2268 3776 nicht. Felix empfindet zu weich,
1117 3722 1567 3781 Diesmal gelingt es
1279 3757 2356 3804 sehr gezähmt, um, als er von Fichtner die Ge¬
1249 3781 1284 3814 1
1125 3790 2348 3845 schichte seiner Mutier hört, sich voll Empörung auf den Mann zu
1119 3842 2348 3884 werfen, der sie verführt und dann so feige verlassen hat. Er mag
1122 3879 2354 3932 nicht richten. Doch er fühlt, daß es aus ist auf immer zwischen
1119 3908 2361 3970 ihm und diesem Menschen. Dem, den er von Kind auf seinen
1127 3944 2349 4001 Vater nannte, dem armen Betrogenen, der in sorgender Liebe ihn,
1121 3992 2358 4043 die Schwester und die Mutter behütete, gehört sein Herz, kein Stück
1128 4023 2354 4085 davon dem Fremden. Klagend trägt Fichtner, trotzig still, mit
2170 4061 2356 4115 Stephan
1559 4065 2100 4121 sein konsequenterer Freund
1121 4074 1561 4133 eleganter Nonchalance
2253 4103 2348 4143 ruft
2106 4104 2224 4146 denn,
1809 4110 2083 4147 Haben wir
1126 4113 1341 4157 v. Sala
1439 4109 1782 4149 die Einsamkeit.
