3436 4448
1423 241 1862 341 box 23/1
263 242 1269 349 18. Der einsane Neg
901 540 1974 651 Theater, Kunst und Literatur.
1209 623 1684 710 Berliner Theater.
954 676 2040 748 Das Milien nimmt auch den Kritiker gefangen. Die langen,
846 738 2049 789 öffentlichen Vorbereitungen einer Theatervorstellung, die jede heimliche
839 794 2039 855 Absicht der Direktion deutlich merken lassen; die vornehmen Herren
837 836 2042 897 und Damen, die bei der Première in ihren. glänzendsten Toiletten
836 884 2048 943 erscheinen und deren lautes Urtheil auch er vernehmen muß; die leise
840 941 2046 997 mitklingende, unkünstlerische, aber menschliche Bewerthung der wochen¬
845 982 2048 1042 lungen Arbeit und des rasch verbrauchten Geldes: all dies trübt auch
839 1033 2040 1099 den schärfsten Blick für eine Stunde — und in derselben Stunde muß
838 1080 2050 1127 der Kritiler seinen Bericht formuliren. Ton und Breite der Theater¬
844 1125 2043 1188 kritik kann nur dadurch verstanden werden: nur so ist es erklärlich,
838 1175 2048 1243 daß die Stücke eines jeden — sagen wir — Alfred Capus ausführ¬
838 1223 2043 1290 licher und fast liebevoller besprochen werden, als die Romane des
839 1291 2048 1340 Anatole France. Aber am Ende des Jahres kommt die idealste,
844 1327 2044 1379 selbst von dem Theater unabhängige Theaterkritik zu ihrem Rechte.
836 1373 2041 1424 Das Fieber des Zuschauerraumes ist geschwunden. Der Kritiker
834 1423 2045 1488 überblickt seine eigenen Impressionen mit der Ruhe des Historikers.
840 1472 2046 1540 Ist es seine Schuld, daß ihm manchmal ein Theaterjahr weniger vor¬
846 1523 1394 1584 kommt, als ein Theaterabend?
957 1579 2044 1629 Allgemeine Betrachtungen können den Rückblick auf die ver¬
842 1630 2051 1679 flossene Berliner Theatersaison diesmal nicht, rechtfertigen. Das
837 1675 2049 1740 eensemble der Reinhardt'schen Bühnen hat erst vor Kurzem die
844 1732 2051 1778 Bekanntschaft ihrer neuesten Stücke dem Budapester Publikum ver¬
836 1760 2051 1828 mittelt. Der tiefste Erfolg des Jahres, Gerhart Hauptmann's „Rose
833 1814 2053 1861 Bernd“, wurde in diesen Spalten zweimal besprochen. Der geräusch¬
842 1859 2055 1925 vollste Erfolg des Jahres, der „Zapfenstreich“ von Franz Adam
850 1916 2053 1967 Beyerlein, ist aus dem Lustspieltheater bekannt. (Den märchenhäften
850 1956 2050 2015 Tantiemenziffern dürfte mein Separatvotum wenig schaden.) Auch
845 1999 2047 2084 „Ora et labora“ Heijermans' friesisches Bild wurde auf einer
855 2081 2059 2121 Sommerbühne schon dargestellt. Eine zusammenfassende, kausale
836 2103 2047 2158 Würdigung des Jahres ist also verspätet. Nur auf einzelne Stücke
846 2152 2051 2211 kann noch hingewiesen werden, Stücke, bei denen die Kassen nicht
839 2207 2047 2274 gestürmt wurden, die daher bei den Theateragenturen nicht besonders
839 2262 2053 2314 angeschrieben sind und einen Triumphzug durch Europa natürlich
843 2303 2047 2357 nicht mehr hoffen können. Und doch würde die Geschichte der aller¬
851 2364 2051 2416 letzten Dramenliteratur ohne diese Stücke nicht vollständig sein.
849 2395 2058 2463 Theatererfolg und Literaiur sind eben lannenhafte Geschwister; selten
847 2455 2053 2524 vertragen sie sich; oft gehen sie schon von Weitem einander aus
842 2506 1063 2571 dem Wege.
966 2531 2046 2613 Der irische Dichter Bernard Shaw erschien zuerst mit seinem
848 2601 2056 2665 Einakter „Der Schlachtenlenker“ auf einer Berliner Bühne. Eine
847 2652 2053 2709 historische Anekdote; ein Wochentag aus dem Leben des Großen
855 2705 2054 2758 Napoleon. Dem jungen, unbedeutenden, adeligen Lientenant des
858 2737 2058 2812 Stückes wird von dem Autor folgende Instruktion gegeben: er spricht
843 2802 2055 2849 mit Napoleon, als wenn er von Waterloo und St. Helena und den
843 2839 2060 2897 Napoleonbildern von Meissonier keine Ahnung hätte. Shaw betrachtet
856 2898 2049 2955 seinen Helden ebenso — und schon ist er kein Held: das ist die
843 2935 2053 2995 witzige Lehre des kleinen Stückes. Dann kam „Candida“. Und
844 2985 2052 3042 Bernard Shaw, der selbstgefällig die Rolle des „Geistes, der stets
848 3043 2056 3102 verneint“, gewählt, der Alles, was Heldenthum genannt oder als
847 3091 2054 3148 solches betrachtet wird, mit überlegenem Lächeln analysirt: er selbst
845 3130 2058 3195 zeigte uns diesmal eine Heldin. Freilich nach dem eigenen Geschmack,
852 3178 2057 3238 nach seinen eigenen Begriffen des Heldenthums hat er seine
859 3238 2057 3297 „Candida Morell“ geschaffen. Sie ist die Frau eines englischen
853 3282 2055 3352 Pastors, die bei Gelegenheit mit ruhigem Stolz sagen darf: „Fragen
856 3327 2055 3384 Sie Jakob's Mutter und seine drei Schwestern, was es gekostet
852 3376 2055 3449 hat, Jakob die Mühe zu ersparen, irgend etwas zu thun,
1663 3421 2053 3492 fragen Sie nich,
842 3422 1613 3490 als stark, llug und glücklich zu sein,
841 3470 2057 3524 was es mich kostet, Jakob's Mutter und seine drei Schwestern
852 3526 2066 3577 und seine Frau und Mutter seiner Kinder — Alles in
841 3588 2056 3638 Einem — zu sein! Ich habe ihm ein Schloß von Behaglichkeit,
853 3620 2058 3682 Nachsicht und Liebe erbaut und stehe immer Schildwache davor, um
840 3675 2061 3737 kleinen Lebenssorgen den Eintritt zu verwehren. Ich mache ihn hier
850 3711 2052 3776 zum Herrn, obwohl er es nicht weiß und Ihnen vor einem Augen¬
843 3762 2053 3820 blicke nicht sagen konnte, wie er dazu gekommen ist, es zu sein.“ Der
850 3814 2058 3871 Pastor Jakob Morell ist Sozialpolitiker und Redner von Bedeutung.
856 3862 2070 3915 Vor der Burg seines Glückes hält Candida Wacht. Aber Eugen
851 3931 2068 3992 Marchbanks, einen blutjungen Dichter von zwanzig Jahren hat er
861 3960 2062 4039 selbst in diese Burg geführt. Er fand den unbeholfenen Jüngling auf
855 4022 2051 4082 der Straße, mit leerem Magen und mit einem Check auf fünsund¬
861 4054 2064 4123 fünfzig Pfund in der Tasche. Wie sollte ein Dichter wissen, daß Checks
855 4106 2061 4172 auch vor dem Verfallstag einzulösen sind? Die Welt glaubt er zu
1077 4151 2064 4206 und die Menschen zu kennen; bekommt aber
2065 177 3274 238 in dem Stück treffen sie sich auch nur zufällig. Sie
2070 199 3278 270 gehen allein den Weg hinab. Leute, die mit Pathos reden,
2071 262 3262 307 pflegen zu sagen, daß Jedermann im Schweiße seines
2064 289 3266 357 Angesichtes sein Kreuz nach Golgothazu schleppen hat; das Beispiel
2066 357 3262 416 der zwei alternden Freunde zemt, das schmerzlicher der Weg, der
2069 410 3269 453 abwärts von Golgotha führt, wo kein Kreuz mehr ist, — auch kein
2068 454 3271 509 Kampf, auch keine Täuschung. Wo die Selbsterkenntniß, die in dem
2074 486 3259 555 Rausche der Jugend unser Hospoet gewesen, mit der Bilanz des
2063 555 3255 602 Hauptbuches unseres Lebens herumtramt und solche Posten unter¬
2082 587 3263 651 streichen muß: „Haben wir jemals ein Opfer gebracht, von dem nicht
2065 631 3275 694 unsere Sinnlichkeit oder unsere Eitelkeit ihren Vortheil gehabt
2067 683 3262 755 hätte? ...“ „Wir haben die Thüren offen stehen und unsere Schätze
2063 734 3265 807 sehen lassen— aber Verschwender sind wir nicht gewesen.“ „Anderen
2065 796 3268 856 mögen unsere Thorheiten, unsere Niederträchtigkeiten verborgen
2066 837 2554 904 bleiben, — uns selber nie.“
2186 852 3270 930 Der Fall Fichtner ist wohl interessanter. Vor vielen, vielen
2067 918 3276 996 Jahren hat er sich in die Braut eines Freundes verliebt. Es war
2075 990 3275 1043 Glück und Sünde, Schicksal und Verrath. Es war ein Traum. Sie
2071 1037 3262 1089 wollten Beide fliehen. Und Fichtner ist allein geflohen. Damit er das
2073 1075 3262 1137 Leben bis zu Ende leben und genießen kann, allein, unabhängig. Das
2064 1131 3275 1189 Mädchen heiratheie den Verlobten und Niemand ahnte, daß ihr Sohn,
2080 1184 3282 1235 Felir, das Kind von Fichtner sei. Nach zehn Jahren kehrte der herum¬
2075 1196 3290 1283 irrende Maler zurück, lebte in ruhiger Freundschaft mit der einstigen“
2077 1287 3283 1340 Geliebten — und der Vater hat seinen Sohn liebgewonnen. Zwischen
2073 1337 3278 1388 dem ersten und zweiten Akt stirbt die Frau; an ihrem letzten Abend¬
2067 1379 3284 1432 sprach sie mit Felir über ihr Bild, das Fichtner in ihren Mädchen¬
2073 1430 3287 1482 jahren gemalt. Der Sohn möchte dieses Bild betrachten und erfährt¬
2070 1470 3276 1536 die Wahrheit. Denn Fichiner will seine Rührung gac nicht mehr
2080 1500 3282 1576 verbergen; denn er hegt nur den einen Wunsch, daß Felix in bewußt
2064 1568 3279 1627 kindlicher Liebe ihn umarmen soll. Der junge Offizier hört ruhig die
2074 1615 3288 1666 Geständnisse seines Vaters an. Er kann nicht Betrüger und Betrogene
2077 1658 3288 1732 sehen, wo ihm bis vor einer Stunde Menschen, die ihm werth sind, in
2068 1723 3289 1770 so reinen Beziehungen zu einander erschienen. Er verurtheilt Nieman¬
2075 1765 3278 1826 den. Aber daß er der Sohn von Fichtner ist: es ist nichts, als ein
2073 1804 3287 1865 Wort. Es klingt ins Leere. „Sie sind mir fremder geworden, seitich
2082 1862 2262 1940 es weiß.“
2190 1886 3279 1982 Was Siesan v. Sala — zufällig während derselben Zeit —
2079 1964 3291 2028 durchlebt, ist zu beweglich und verwickelt für eine Episode und enthüllt
2070 2017 3281 2079 das Innere dieses werthvollen Menschen nicht genügend. Wir wissen
2079 2075 3274 2127 von seiner unheilbaren Krankheit; später erfährt von diesem Herz¬
2076 2110 3290 2173 leiden auch die Geliebte, die Schwester Felix', und nach einer glücklichen
2080 2158 3283 2230 Stunde des Verstehens entschließt sie sich, ihm — dem zu Tode Ver¬
2078 2228 3290 2270 urtheilten — zuvorzukommen; schließlich wird Sala selbst des nahen
2073 2258 3282 2321 Endes bewußt und wartei dieses Ende nicht ab. Eine gewesene
2078 2310 3281 2376 Schauspielerin, Irene Herms, wird uns flüchtig vorgestellt. Sie war
2073 2360 3291 2417 vor Jahren die Geliebte Fichtner's. Auch sie ist im Alter einsam
2069 2405 3284 2471 geblieben. Sie hat die Bühne und den Ruhm der Mutterschaft vor¬
2083 2451 3271 2511 gezogen. Jetzt hat sie keine Bühne, keinen Ruhm, und keine Kinder.
2081 2513 3280 2572 Die unbedeutendste Rolle ist dem Gatten zugefallen, der den Betrug
2076 2550 3288 2611 niemals geahnt, und der am Schlusse des Stückes, wo er von dem
2079 2612 3275 2666 Tode der Tochter hört und Felir um Athem ringend, mit dem Rufe
2910 2653 2942 2681 n;
2075 2639 3284 2722 „Vater!“ seine Hand küßt, nachdenklich sagt: „Müssen solche Dinge
2073 2706 3283 2767 geschehen, daß mir dieses Wort klingt, als hört ich's zum ersten
2066 2755 2245 2819 Male?“
2185 2777 3291 2846 Man könnte sagen: wie sein ist dieser Schluß! Der Schmerz
2077 2852 3288 2914 gibt den banalsten Worten neue Färbung, neuen Inhalt. Man könnte
2083 2899 3280 2954 aber auch sagen: der Schluß ist geschmacklos. Denn dieser Ruf und
2077 2947 3286 2999 der darauffolgende letzte, langschwingende Alkord kolettirt doch mit der
2080 2996 3283 3059 Thatsache, daß der alte, unglückliche Mann nicht der Vater des Jüng¬
2068 3036 3292 3095 lings ist, der ihm die Hand küßt, daß der wirkliche Vater neben ihnen
2073 3082 3285 3144 auf der Bühne steht. Ueber Schnitzler's Stück ist also zweierlei Kritik
2082 3129 3279 3207 möglich. Es wäre vielleicht nicht schwer zu beweisen, daß er diesmal
2079 3183 3281 3252 sein ungelentigstes Theaterstück geschrieben hat. Es wäre aber auch
2078 3239 3286 3301 leicht zu beweisen, daß „Der einsame Weg“ doch das Tiefste, Werth¬
2078 3292 3287 3356 vollste ist unter Allem, was er bisher geschaffen. Man sagte: Anatol
2076 3346 3282 3398 ist alt geworden. Ja, der Held der leichten Abenteuer spricht heute so:
2081 3387 3290 3450 „Lieben heißt, für jemand Andern auf der Welt sein. Was hat das,
2078 3435 3292 3509 was Unsereiner in die Welt bringt, mit Liebe zu thun? Es mag
2082 3477 3288 3539 allerlei Lustiges, Verlogenes, Zärtliches, Gemeines, Leidenschaftliches
2075 3537 3283 3599 sein, das sich als Liebe ausgibi, — aber Liebe ist es doch nicht...“
2082 3574 3281 3639 Der freche Anatol ist gestorben. Aelter geworden ist nur Arthur
2081 3629 3269 3684 Schnitzler. Reifer, tiefer, ein echter Künstler. Und nur das ist von Be¬
2082 3666 3285 3733 lang. Daneben ist es wirklich unbedeutend, ob sein letztes Drama ein
2083 3720 3280 3796 gutes Stück ist oder nicht. Er darf natürlich nicht überrascht sein, wenn
2086 3783 2993 3840 er auf seinem einsamen Wege weniger Beifall findet.
2196 3830 2405 3907 Berlin.
2881 3858 3241 3935 Eugen Robert.
