3484 4256
1428 245 1868 338 box 23/1
797 269 903 326 HS
260 265 1262 365 18. Der 6ane Neg
705 1038 1155 1122 Telephon 12801.
319 1118 1534 1209 Alex. Wolgl’s Unternehmen für Zeitungs-Aussohnitte
562 1195 1485 1330 „OBSERYEP“
1325 1251 1616 1349 Nr. 13
288 1261 468 1351 105
204 1333 1661 1388 L. österr. behördl. conc. Bureau für Zeitungsberichte u. Personalnachrichten
480 1388 1394 1476 Wien, I., Concondiaplatz 4.
213 1458 1653 1536 Vertretungen in Berlin, Budapest, Chicago, Genf, London, Newyork, Paris, Rom,
571 1514 1287 1576 Stockholm, Kristiania, St. Petersburg.
209 1642 1772 1743 kussehnt a Perdengese ##de Sependagen
208 1782 404 1850 vom:
491 1786 735 1893 1.
429 2012 680 2101 ingmtstuld.“
524 2057 1374 2141 Arthur Schnitzlers nye Skuespil
411 2109 1375 2185 Der einsame Weg: vandt ikke nogen absolut
424 2175 1373 2246 Succes ved Kersteopferelsen paa:Deutsches
424 2215 1385 2280 Theater:. Dramatisk set er meget mislykket;
415 2259 1367 2314 Handlingen skrider for langsomt frem, og Be¬
419 2315 1373 2366 handlingen er ofte for diskret i Forhold til
418 2363 1373 2404 det skarpe, sceniske Lys. Det er ct merkt
419 2400 1358 2469 og trist Stykke, der viser, hvorledes den Utro¬
416 2452 1376 2512 skab og Logn, Forteldrene have gjort sig skyl¬
425 2496 1383 2550 dige i for Aar tilbage, nu havner sig paa
324 2527 640 2614 50 Z/Bernene.
312 2569 416 2620 100
1261 2547 1615 2645 28.— inclasive
1422 2605 1587 2650 Porto.
298 2615 406 2658 200
1274 2618 1378 2667 50.—
294 2650 346 2694 5
1247 2643 1599 2715 110.— Zahlbur
1247 2680 1636 2753 200.— im Voraus.
271 2685 412 2741 1000
318 2720 1648 2793 Im Gegensatze zu anderen Bureaux für Zeitungsausschnitte ist das
213 2766 1231 2838 Abonnement durch keine bestimmte Zeitdauer begrenzt;
1267 2787 1651 2841 auch steht es den
224 2826 1523 2874 Abonnenten frei die aufgegebenen Themen zu ergänzen oder zu ändern.
328 2890 1646 2958 Der „OBSERVER“ veranstaltet täglich einen Auszug enthaltend die
208 2920 1644 2993 Jahaltsangabe aller wichtigen Mittheilungen der Wiener Morgen¬
216 2980 1642 3037 Flätter (Tagesjeurnale ausser „Neue Freie Presse“ und Wiener Zeitung“
216 3031 1646 3068 wedurch eine Uebersicht über das gesammte pelitische und wirthschaftliche
214 3051 1645 3137 Leben des In- und Auslandes i drastischer Kürze geboten wird. Diese Mit¬
215 3102 1242 3156 theilungen werden in Wien um 9 Uhr Früh verschickt.
530 3190 1296 3257 Psospecre gnatis und fnanco.
594 3241 1149 3317 Quellenangabe ohne Gewähr.
2310 971 2775 1056 Telephon 12801.
1943 1059 3158 1153 Alex. Welgl’s Unternehmen für Zeitungs-Ausschnitte
2762 1121 3108 1229 Dee Ausschnltt
1948 1161 2864 1263 N 100 „OBSERVEA
2942 1181 3109 1277 Nr.
1823 1252 3276 1347 L. österr. behördl. conc. Bureau für Zeitungsberichte u. Personalnachrichten
2103 1320 3032 1408 Wien, I., Concondiaplatz 4.
1839 1383 3279 1464 Vertretungen in Berlin, Budapest, Chicago, Genf, London, Newyork, Paris, Rom.
2212 1441 2919 1508 Stockholm, Kristiania, St. Petersburg.
1839 1492 2976 1679 Ausschaitt aus: Det #uchechen
2647 1664 3008 1817 Berben
1839 1725 2361 1844 voras Iig 199h
2079 2085 3016 2161 Im Deutschen Theater gab es Sonnabend Artyur
1992 2131 3000 2201 Schnitzlers neues Schauspiel „Der einsame Weg“
1995 2163 3017 2236 Es war ein Rededrama, in dem der Dichter alles selber
2007 2202 3023 2277 sagt, was er zu gestalten vergessen hat. Eine Stelle des
1999 2254 3032 2305 Dialogs wird das ganze Stück geben. Der Maler Julian
2000 2290 3023 2337 Fichtner kämpft um seinen 23jährigen Sohn Felix Weg¬
2000 2332 3018 2387 rath und sagt zu seinem Freunde Stephan von Sala:
2007 2352 3025 2424 „Verstehen Sie es denn nicht, Sala, daß er meine letzte
2021 2394 3020 2453 Hoffnung ist? Daß ich überhaupt niemand und his
2029 2422 3037 2491 mehr habe außer ihm? Daß ich nach allen Seiten ins
1985 2466 3045 2526 5 Leere greife? Daß mir vor der Einsamkeit graut, die—
3065 2471 3272 2537 inclusive
1849 2479 1961 2548 Für
1967 2517 3045 2569 10 mich erwartet?“ Darauf Sala: „Und was hülfe es Ihnen.—
3067 2523 3241 2568 Porto.
1956 2538 3049 2604 20(wenn er bliebe? Was hülfe es Ihnen selbst, wenn er¬
3068 2558 3249 2614 Zahlbar
1958 2568 3057 2647 50tirgend etwas wie kindliche Zärtlichkeit zu Ihnen empfände?.
3061 2595 3305 2659 im Voraus.
1945 2608 3057 2677 100(Was hülfe er Ihnen oder ihm ein anderer als er? Es
1977 2640 3305 2729 regraut Ihnen vor der Einsamkeit? Und wenn Sie eineznitte ist das
3041 2705 3302 2770 #steht es ien
1867 2724 2071 2784 Abonnen
1869 2724 3181 2845 Abonnen Frau in Ihrer Seite hatten, waren Sie heute nicht dern.
2078 2763 3076 2850 abtein? Und wenn Kinder und Enkel um sie lebten,
2054 2806 3070 2884 wären Sie es nicht? Und wenn Sie sich Ihren Reichtum,
1990 2830 2062 2900 Di
2083 2808 3301 2925 Ihren Ruhm, Ihr Genie bewahtt hätten — wären Sie haltend die
1864 2868 3291 2935 Inhaltsa „ uns ein Ung von Baechanten de- Morgen¬
2963 2910 3299 2962 wir r Zeitung")
2252 2925 2955 2984 den # hilfab gehen wir alle allein ..
1868 2928 2067 2981 blätte¬
2080 2951 2170 2991 gleit
2071 2953 3306 3017 ## selh #emänden, gehört haben. Das Altern ist nun bschaftliche
1881 2972 2065 3024 wodurch
3076 2987 3300 3044 Diese Mit¬
2071 2989 3079 3063 einmal eine einsame Beschäftigung für unsereinen, und
1880 3007 2065 3059 Leben de
2062 3021 3083 3095 ein Narr, wer sich nicht beizeiten darauf einrichtet, auf
1884 3050 2070 3117 cheilunge
2076 3076 2739 3146 keinen Menschen angewiesen zu sein.“
2137 3078 3092 3154 In diesen Sätzen ist das Thema so gut wie erschöpft.
2078 3132 3096 3207 Das Stück bringt acht Menschen, die alle Varianten eines
2075 3169 3093 3237 Typus sind, die aber Sprecher der feinen Gedanken und
2073 3206 3092 3272 zarten Empfindungen snd und kein Fleisch und Blut
2080 3231 3108 3309 haben. Ihnen das zu geben, bemühten sich die Schau¬
2083 3282 3094 3354 spieler des Deutschen Theaters mit mehr oder minder
2082 3288 3110 3402 großem Erfolg. Mit dem geringsten Herr Stieler als
2170 3356 3111 3422 lir Wegrath, mit beträchtlichem Herr Sauer¬
2082 3395 2132 3435 F
2084 3391 3109 3460 und Fräulein Riesch, mit großem Rittner und die
2138 3426 3100 3497 ehmann und mit dem größten Albert Basser¬
2082 3456 3110 3536 mann als Stephan von Sala, der durch diesen Künstler
2090 3523 2804 3578 eine unvergeßliche Figur geworden ist. —
2710 3529 3060 3627 Emil Hahn.
