<?xml version="1.0" encoding="UTF-8" standalone="yes"?>
<PcGts xmlns="http://schema.primaresearch.org/PAGE/gts/pagecontent/2013-07-15" xmlns:xsi="http://www.w3.org/2001/XMLSchema-instance" xsi:schemaLocation="http://schema.primaresearch.org/PAGE/gts/pagecontent/2013-07-15 http://schema.primaresearch.org/PAGE/gts/pagecontent/2013-07-15/pagecontent.xsd">
    <Metadata>
        <Creator>prov=University of Rostock/Institute of Mathematics/CITlab/Gundram Leifert/gundram.leifert@uni-rostock.de:name=ONB_Newseye_GT_M1+(htr_id=10810)::::v=2.4.2
prov=University of Rostock/Institute of Mathematics/CITlab/Tobias Gruening/tobias.gruening@uni-rostock.de:name=de.uros.citlab.module.baseline2polygon.B2PSeamMultiOriented:v=2.4.2
prov=University of Rostock/Institute of Mathematics/CITlab/Tobias Gruening/tobias.gruening@uni-rostock.de:name=/mnt/transkribus/LA/DEA/URO/LA_news_onb_att.pb:de.uros.citlab.segmentation.CITlab_LA_ML:v=2.4.2
Transkribus</Creator>
        <Created>2019-10-07T11:26:58.796+02:00</Created>
        <LastChange>2019-10-08T07:44:37.603+02:00</LastChange>
        <TranskribusMetadata docId="223970" pageId="9499511" pageNr="72" tsid="16506333" status="IN_PROGRESS" userId="40391" imgUrl="https://files.transkribus.eu/Get?id=MPTWODCEKXPACFSCTBNXIOPH&amp;fileType=view" xmlUrl="https://files.transkribus.eu/Get?id=ADUOEKQUSPFFJNGXGLPEIGSK" imageId="6189733"/>
    </Metadata>
    <Page imageFilename="223970_0072.jpeg" imageWidth="3436" imageHeight="4256">
        <ReadingOrder>
            <OrderedGroup id="ro_1711450560190" caption="Regions reading order">
                <RegionRefIndexed index="0" regionRef="r1"/>
            </OrderedGroup>
        </ReadingOrder>
        <TextRegion orientation="0.0" id="r1" custom="readingOrder {index:0;}">
            <Coords points="139,346 139,3691 3248,3691 3248,346"/>
            <TextLine id="r1l1" custom="readingOrder {index:0;}">
                <Coords points="771,375 789,375 795,369 807,378 839,372 875,378 893,371 926,377 926,311 908,312 890,330 866,324 848,333 818,315 770,328"/>
                <Baseline points="786,370 811,369 836,370 861,370 886,369 912,368"/>
                <TextEquiv>
                    <Unicode>1Sa</Unicode>
                </TextEquiv>
            </TextLine>
            <TextLine id="r1l2" custom="readingOrder {index:1;}">
                <Coords points="1365,383 1398,371 1430,387 1514,385 1565,368 1616,393 1658,381 1756,392 1828,378 1828,336 1784,312 1620,312 1554,332 1414,306 1366,332"/>
                <Baseline points="1380,367 1405,367 1431,366 1456,366 1482,367 1507,367 1533,368 1558,369 1584,370 1609,371 1635,372 1660,372 1686,373 1711,373 1737,372 1762,372 1788,370 1814,369"/>
                <TextEquiv>
                    <Unicode>box 23/1</Unicode>
                </TextEquiv>
            </TextLine>
            <TextLine id="r1l3" custom="readingOrder {index:2;}">
                <Coords points="208,367 410,411 1043,419 1228,406 1229,326 964,319 900,363 787,365 722,316 447,313 375,348 310,311 208,322"/>
                <Baseline points="222,366 271,371 321,375 370,379 420,382 470,384 519,386 569,387 618,388 668,389 718,389 767,389 817,389 866,388 916,388 966,387 1015,386 1065,386 1114,386 1164,385 1214,385"/>
                <TextEquiv>
                    <Unicode>18. Der einsnne Nen</Unicode>
                </TextEquiv>
            </TextLine>
            <TextLine id="r1l4" custom="readingOrder {index:3;}">
                <Coords points="124,1022 264,1052 324,1032 422,1059 823,1054 825,943 609,980 128,869"/>
                <Baseline points="140,1027 173,1027 207,1027 240,1028 274,1029 307,1030 341,1030 374,1031 408,1033 441,1034 475,1035 508,1037 542,1038 575,1038 609,1039 642,1040 676,1040 709,1040 743,1040 776,1040 810,1038"/>
                <TextEquiv>
                    <Unicode>Max Goldschmidt</Unicode>
                </TextEquiv>
            </TextLine>
            <TextLine id="r1l5" custom="readingOrder {index:4;}">
                <Coords points="200,1124 260,1134 284,1119 305,1137 358,1138 385,1123 478,1130 538,1112 657,1125 657,1080 595,1080 571,1059 508,1052 386,1072 332,1051 239,1065 201,1050"/>
                <Baseline points="216,1107 241,1109 266,1109 291,1110 316,1111 341,1111 366,1112 391,1112 416,1112 441,1112 466,1112 491,1112 516,1112 541,1112 566,1112 591,1112 616,1112 642,1112"/>
                <TextEquiv>
                    <Unicode> Bureau für</Unicode>
                </TextEquiv>
            </TextLine>
            <TextLine id="r1l6" custom="readingOrder {index:5;}">
                <Coords points="128,1176 193,1204 370,1188 608,1210 650,1199 651,1154 556,1123 511,1137 451,1121 379,1147 129,1116"/>
                <Baseline points="142,1173 168,1175 194,1177 220,1178 246,1179 272,1180 298,1180 324,1181 350,1181 376,1181 402,1181 428,1181 454,1181 480,1181 506,1181 532,1182 558,1182 584,1183 610,1184 636,1186"/>
                <TextEquiv>
                    <Unicode>Zeitungsausschnitte</Unicode>
                </TextEquiv>
            </TextLine>
            <TextLine id="r1l7" custom="readingOrder {index:6;}">
                <Coords points="132,1259 191,1235 624,1266 693,1246 771,1270 807,1247 884,1260 885,1209 783,1181 437,1205 132,1178"/>
                <Baseline points="146,1231 182,1233 218,1234 254,1236 290,1236 327,1237 363,1238 399,1238 435,1238 471,1239 508,1239 544,1239 580,1239 616,1239 652,1239 689,1239 725,1239 761,1239 797,1240 833,1241 870,1241"/>
                <TextEquiv>
                    <Unicode>hit direktem Nachrichtendienst durch</Unicode>
                </TextEquiv>
            </TextLine>
            <TextLine id="r1l8" custom="readingOrder {index:7;}">
                <Coords points="131,1309 205,1295 477,1309 531,1294 584,1312 644,1289 645,1253 131,1243"/>
                <Baseline points="146,1283 171,1283 196,1283 222,1283 247,1282 272,1282 298,1282 323,1281 348,1281 374,1281 399,1281 425,1281 450,1281 475,1282 501,1283 526,1283 551,1285 577,1286 602,1287 628,1289"/>
                <TextEquiv>
                    <Unicode>eisene Korrespondenten.</Unicode>
                </TextEquiv>
            </TextLine>
            <TextLine id="r1l9" custom="readingOrder {index:8;}">
                <Coords points="406,1354 463,1373 522,1374 561,1356 576,1371 621,1354 639,1369 785,1377 830,1359 831,1314 795,1320 774,1299 744,1307 726,1295 618,1321 550,1305 406,1310"/>
                <Baseline points="422,1347 448,1348 474,1348 500,1348 527,1349 553,1349 579,1349 605,1349 632,1350 658,1350 684,1350 710,1350 737,1351 763,1351 789,1352 816,1352"/>
                <TextEquiv>
                    <Unicode>Telephon: III, 3051.</Unicode>
                </TextEquiv>
            </TextLine>
            <TextLine id="r1l10" custom="readingOrder {index:9;}">
                <Coords points="131,1367 172,1370 199,1361 214,1367 220,1361 238,1361 265,1370 271,1364 292,1364 292,1304 268,1307 250,1301 232,1310 217,1295 199,1295 169,1310 157,1304 130,1310"/>
                <Baseline points="145,1354 171,1352 198,1352 224,1352 251,1352 278,1353"/>
                <TextEquiv>
                    <Unicode>.24.</Unicode>
                </TextEquiv>
            </TextLine>
            <TextLine id="r1l11" custom="readingOrder {index:10;}">
                <Coords points="146,1399 907,1408 908,1345 800,1371 146,1357"/>
                <Baseline points="162,1385 198,1386 234,1388 271,1388 307,1389 344,1389 380,1390 417,1390 453,1391 490,1391 526,1391 562,1391 599,1392 635,1392 672,1392 708,1392 745,1393 781,1393 818,1394 854,1395 891,1396"/>
                <TextEquiv>
                    <Unicode></Unicode>
                </TextEquiv>
            </TextLine>
            <TextLine id="r1l12" custom="readingOrder {index:11;}">
                <Coords points="165,1485 264,1476 311,1494 335,1479 431,1501 461,1480 520,1480 547,1495 616,1474 616,1427 538,1432 527,1420 509,1435 321,1414 258,1431 219,1413 165,1431"/>
                <Baseline points="180,1469 206,1470 232,1470 259,1471 285,1471 311,1471 338,1471 364,1471 391,1471 417,1471 443,1471 470,1471 496,1471 522,1471 549,1471 575,1472 602,1472"/>
                <TextEquiv>
                    <Unicode>Ausschnitt aus</Unicode>
                </TextEquiv>
            </TextLine>
            <TextLine id="r1l13" custom="readingOrder {index:12;}">
                <Coords points="123,1645 366,1629 476,1657 578,1639 622,1662 707,1626 710,1530 581,1556 391,1519 303,1549 130,1439"/>
                <Baseline points="140,1620 167,1619 195,1619 222,1619 250,1619 278,1620 305,1621 333,1623 361,1624 388,1626 416,1627 444,1629 471,1630 499,1632 527,1633 554,1633 582,1634 610,1634 637,1633 665,1632 693,1630"/>
                <TextEquiv>
                    <Unicode>ische Zeitung, Bertia</Unicode>
                </TextEquiv>
            </TextLine>
            <TextLine id="r1l14" custom="readingOrder {index:13;}">
                <Coords points="185,1794 388,1803 503,1823 567,1813 572,1757 548,1755 510,1715 485,1722 416,1689 350,1686 307,1703 249,1677 194,1690"/>
                <Baseline points="203,1772 228,1771 253,1772 278,1773 303,1776 328,1778 353,1780 379,1784 404,1787 429,1790 454,1792 479,1794 504,1796 529,1796 555,1796"/>
                <TextEquiv>
                    <Unicode>45 FER 1903</Unicode>
                </TextEquiv>
            </TextLine>
            <TextLine id="r1l15" custom="readingOrder {index:14;}">
                <Coords points="913,1961 3245,1947 3245,1878 913,1880"/>
                <Baseline points="927,1943 1042,1941 1157,1940 1272,1939 1387,1938 1503,1938 1618,1937 1733,1937 1848,1937 1963,1937 2079,1937 2194,1937 2309,1937 2424,1937 2539,1938 2655,1938 2770,1938 2885,1938 3000,1938 3115,1938 3231,1937"/>
                <TextEquiv>
                    <Unicode>ihres Geistes im voraus pariert, weshalb wir niemals ihr Leiden seine Pflichten erfüllt hat, und die Wahrheit die ihm eben ent¬</Unicode>
                </TextEquiv>
            </TextLine>
            <TextLine id="r1l16" custom="readingOrder {index:15;}">
                <Coords points="161,1969 209,1982 293,1964 535,1978 535,1924 410,1917 398,1905 368,1917 347,1905 162,1915"/>
                <Baseline points="175,1962 201,1961 228,1961 254,1961 281,1961 307,1961 334,1962 360,1962 387,1962 413,1963 440,1963 466,1963 493,1963 520,1963"/>
                <TextEquiv>
                    <Unicode>Feuilleton.</Unicode>
                </TextEquiv>
            </TextLine>
            <TextLine id="r1l17" custom="readingOrder {index:16;}">
                <Coords points="2076,1976 3259,1986 3258,1947 2864,1924 2076,1931"/>
                <Baseline points="2091,1973 2148,1975 2206,1977 2263,1978 2321,1979 2379,1980 2436,1980 2494,1980 2552,1979 2609,1979 2667,1978 2725,1978 2782,1977 2840,1976 2898,1976 2955,1975 3013,1975 3071,1975 3128,1976 3186,1977 3244,1978"/>
                <TextEquiv>
                    <Unicode>deckt wird, hat für ihn gar keine Kraft, außer daß Fichtner, den</Unicode>
                </TextEquiv>
            </TextLine>
            <TextLine id="r1l18" custom="readingOrder {index:17;}">
                <Coords points="920,1982 2054,1986 2075,1938 920,1955"/>
                <Baseline points="936,1980 992,1979 1048,1979 1104,1979 1160,1979 1217,1978 1273,1978 1329,1978 1385,1978 1441,1978 1498,1977 1554,1977 1610,1977 1666,1977 1722,1976 1779,1976 1835,1976 1891,1975 1947,1975 2003,1975 2060,1974"/>
                <TextEquiv>
                    <Unicode>als Hauptsache nehmen, sondern das, was sie selbst darüber</Unicode>
                </TextEquiv>
            </TextLine>
            <TextLine id="r1l19" custom="readingOrder {index:18;}">
                <Coords points="2086,2021 3226,2026 3262,1978 2085,1976"/>
                <Baseline points="2101,2013 2158,2014 2215,2015 2273,2015 2330,2016 2387,2016 2445,2016 2502,2016 2559,2015 2617,2015 2674,2015 2731,2015 2789,2014 2846,2014 2903,2014 2961,2014 3018,2014 3075,2014 3133,2015 3190,2015 3248,2016"/>
                <TextEquiv>
                    <Unicode>er verehrte und liebte, ihm ganz fremd geworden ist. Das Andenken</Unicode>
                </TextEquiv>
            </TextLine>
            <TextLine id="r1l20" custom="readingOrder {index:19;}">
                <Coords points="144,2030 329,2028 347,2016 365,2034 448,2018 496,2039 544,2006 571,2005 571,1973 239,1966 194,1981 164,1955 143,1961"/>
                <Baseline points="159,2019 185,2017 212,2016 238,2015 265,2014 291,2014 318,2015 344,2015 371,2015 397,2016 424,2016 450,2016 477,2015 503,2014 530,2013 557,2010"/>
                <TextEquiv>
                    <Unicode>Deutsches Theater.</Unicode>
                </TextEquiv>
            </TextLine>
            <TextLine id="r1l21" custom="readingOrder {index:20;}">
                <Coords points="918,2018 2074,2020 2074,1981 1912,1968 918,1982"/>
                <Baseline points="934,2020 990,2021 1046,2021 1102,2021 1158,2020 1215,2020 1271,2019 1327,2018 1383,2016 1439,2015 1496,2014 1552,2013 1608,2012 1664,2011 1720,2011 1777,2010 1833,2010 1889,2011 1945,2011 2001,2013 2058,2015"/>
                <TextEquiv>
                    <Unicode>Treffendes zu sagen haben. Je einfacher Schnitzlers Erfindungen</Unicode>
                </TextEquiv>
            </TextLine>
            <TextLine id="r1l22" custom="readingOrder {index:21;}">
                <Coords points="2078,2061 3264,2059 3243,2003 2078,2019"/>
                <Baseline points="2093,2054 2150,2054 2208,2054 2266,2054 2324,2054 2381,2054 2439,2054 2497,2054 2555,2055 2612,2055 2670,2055 2728,2055 2786,2055 2843,2054 2901,2054 2959,2054 3017,2054 3074,2053 3132,2053 3190,2052 3248,2051"/>
                <TextEquiv>
                    <Unicode>der Mutter, die von dem zgaler so schmählich verlassen, bei ihrem</Unicode>
                </TextEquiv>
            </TextLine>
            <TextLine id="r1l23" custom="readingOrder {index:22;}">
                <Coords points="913,2069 2036,2065 2077,2062 2077,2020 912,2028"/>
                <Baseline points="929,2059 985,2059 1042,2059 1098,2059 1155,2058 1212,2058 1268,2058 1325,2057 1382,2057 1438,2056 1495,2056 1552,2055 1608,2055 1665,2054 1722,2054 1778,2054 1835,2053 1892,2053 1948,2053 2005,2053 2062,2053"/>
                <TextEquiv>
                    <Unicode>sind, wie in der „Liebelei“, desto mehr vergißt man den Mangel</Unicode>
                </TextEquiv>
            </TextLine>
            <TextLine id="r1l24" custom="readingOrder {index:23;}">
                <Coords points="135,2063 912,2066 912,2001 607,1993 503,2035 356,2006 135,2021"/>
                <Baseline points="149,2054 186,2054 223,2055 261,2056 298,2057 336,2057 373,2058 411,2058 448,2058 486,2059 523,2059 560,2058 598,2058 635,2058 673,2057 710,2056 748,2055 785,2055 823,2053 860,2052 898,2050"/>
                <TextEquiv>
                    <Unicode>Fuar. Zum 1. Male: „Der einsame Weg“.</Unicode>
                </TextEquiv>
            </TextLine>
            <TextLine id="r1l25" custom="readingOrder {index:24;}">
                <Coords points="2085,2096 3252,2101 3252,2053 2084,2057"/>
                <Baseline points="2100,2093 2156,2093 2213,2093 2270,2094 2327,2094 2384,2094 2440,2094 2497,2094 2554,2094 2611,2094 2668,2094 2724,2094 2781,2093 2838,2093 2895,2093 2952,2093 3008,2093 3065,2092 3122,2092 3179,2092 3236,2092"/>
                <TextEquiv>
                    <Unicode>Bräntigam und späterem Manne mit einer Lüge aushielt, bleibt ihm</Unicode>
                </TextEquiv>
            </TextLine>
            <TextLine id="r1l26" custom="readingOrder {index:25;}">
                <Coords points="919,2094 2072,2097 2072,2058 2024,2055 919,2058"/>
                <Baseline points="935,2095 991,2096 1047,2097 1103,2097 1159,2097 1215,2097 1271,2097 1327,2096 1383,2096 1439,2095 1495,2094 1551,2093 1607,2093 1663,2092 1719,2092 1775,2092 1831,2091 1887,2092 1943,2092 1999,2093 2056,2094"/>
                <TextEquiv>
                    <Unicode>einer architektonischen Fähigkeit über den Verführungskünsten seiner</Unicode>
                </TextEquiv>
            </TextLine>
            <TextLine id="r1l27" custom="readingOrder {index:26;}">
                <Coords points="141,2118 341,2104 374,2125 419,2095 613,2126 646,2099 909,2112 909,2061 879,2049 141,2061"/>
                <Baseline points="157,2093 193,2094 230,2095 267,2096 304,2097 341,2097 377,2098 414,2098 451,2098 488,2098 525,2098 561,2098 598,2098 635,2098 672,2098 709,2098 745,2098 782,2097 819,2097 856,2098 893,2098"/>
                <TextEquiv>
                    <Unicode>n von Arthur Schnitzler. (Buchausgabe,</Unicode>
                </TextEquiv>
            </TextLine>
            <TextLine id="r1l28" custom="readingOrder {index:27;}">
                <Coords points="2073,2135 3255,2124 3255,2094 3037,2076 2073,2093"/>
                <Baseline points="2087,2133 2144,2133 2202,2133 2259,2132 2317,2132 2375,2132 2432,2131 2490,2131 2548,2131 2605,2131 2663,2131 2721,2130 2778,2130 2836,2130 2894,2130 2951,2130 3009,2131 3067,2131 3124,2131 3182,2132 3240,2132"/>
                <TextEquiv>
                    <Unicode>teuer wie zuvor, was immerhin, da die Instinkte sich nicht plötzlich</Unicode>
                </TextEquiv>
            </TextLine>
            <TextLine id="r1l29" custom="readingOrder {index:28;}">
                <Coords points="926,2138 1998,2150 2078,2138 2078,2097 926,2099"/>
                <Baseline points="939,2135 995,2134 1051,2133 1107,2132 1164,2132 1220,2132 1276,2131 1332,2131 1389,2131 1445,2131 1501,2132 1557,2132 1614,2132 1670,2132 1726,2132 1782,2133 1839,2133 1895,2133 1951,2133 2007,2133 2064,2132"/>
                <TextEquiv>
                    <Unicode>Grazie und Liebenswürdigkeit. Wenn aber wie hier von zeitlich</Unicode>
                </TextEquiv>
            </TextLine>
            <TextLine id="r1l30" custom="readingOrder {index:29;}">
                <Coords points="2071,2161 3248,2163 3247,2130 3158,2127 2071,2137"/>
                <Baseline points="2087,2170 2144,2170 2201,2170 2258,2169 2316,2169 2373,2169 2430,2169 2488,2170 2545,2170 2602,2170 2660,2170 2717,2170 2774,2170 2831,2170 2889,2170 2946,2170 3003,2170 3061,2169 3118,2169 3175,2168 3233,2167"/>
                <TextEquiv>
                    <Unicode>umkehren können, möglich, aber nicht wahrscheinlich ist, nur daß der</Unicode>
                </TextEquiv>
            </TextLine>
            <TextLine id="r1l31" custom="readingOrder {index:30;}">
                <Coords points="919,2179 2080,2181 2080,2136 1854,2124 919,2134"/>
                <Baseline points="934,2172 990,2171 1047,2170 1103,2170 1160,2170 1217,2170 1273,2170 1330,2170 1386,2170 1443,2171 1500,2171 1556,2172 1613,2172 1669,2172 1726,2173 1783,2173 1839,2172 1896,2172 1952,2172 2009,2171 2066,2170"/>
                <TextEquiv>
                    <Unicode>weit zurückgehenden Voraussetzungen ausgegangen wird, die sich</Unicode>
                </TextEquiv>
            </TextLine>
            <TextLine id="r1l32" custom="readingOrder {index:31;}">
                <Coords points="132,2175 923,2180 924,2118 643,2138 559,2113 485,2134 132,2121"/>
                <Baseline points="147,2169 185,2169 223,2170 261,2171 299,2171 337,2172 375,2173 413,2173 451,2174 489,2175 527,2175 565,2175 603,2175 641,2175 679,2175 717,2175 755,2174 793,2173 831,2172 869,2171 908,2169"/>
                <TextEquiv>
                    <Unicode>n Vorbericht von einer Aufnahme gesprochen</Unicode>
                </TextEquiv>
            </TextLine>
            <TextLine id="r1l33" custom="readingOrder {index:32;}">
                <Coords points="2082,2222 3085,2223 3225,2214 3252,2175 2081,2174"/>
                <Baseline points="2097,2210 2156,2209 2216,2209 2276,2209 2336,2209 2396,2209 2456,2209 2516,2210 2576,2210 2636,2210 2696,2210 2756,2210 2816,2210 2876,2210 2936,2210 2996,2209 3056,2209 3116,2208 3176,2206 3236,2205"/>
                <TextEquiv>
                    <Unicode>junge Mann seinen Instinkten nicht so klar und kritisch gegenüber¬</Unicode>
                </TextEquiv>
            </TextLine>
            <TextLine id="r1l34" custom="readingOrder {index:33;}">
                <Coords points="920,2223 1983,2219 2075,2213 2075,2171 920,2178"/>
                <Baseline points="935,2213 991,2211 1047,2210 1103,2209 1160,2208 1216,2208 1272,2208 1329,2208 1385,2209 1441,2209 1498,2210 1554,2211 1610,2211 1666,2212 1723,2212 1779,2212 1835,2212 1892,2211 1948,2211 2004,2209 2061,2207"/>
                <TextEquiv>
                    <Unicode>zur Klarheit entschleiern sollen, so sehen wir den Dramatiker in</Unicode>
                </TextEquiv>
            </TextLine>
            <TextLine id="r1l35" custom="readingOrder {index:34;}">
                <Coords points="135,2225 924,2215 924,2183 867,2174 135,2177"/>
                <Baseline points="150,2210 187,2212 225,2213 263,2214 301,2215 339,2216 377,2216 415,2216 453,2216 491,2216 529,2215 566,2215 604,2215 642,2214 680,2214 718,2214 756,2213 794,2213 832,2213 870,2214 908,2214"/>
                <TextEquiv>
                    <Unicode>iem Erfolge und zum Teil einem Mißerfolge</Unicode>
                </TextEquiv>
            </TextLine>
            <TextLine id="r1l36" custom="readingOrder {index:35;}">
                <Coords points="923,2260 2043,2260 2082,2212 923,2212"/>
                <Baseline points="938,2250 994,2249 1051,2248 1107,2247 1164,2247 1220,2247 1277,2247 1333,2247 1390,2247 1446,2248 1503,2248 1559,2249 1616,2249 1672,2250 1729,2250 1785,2250 1842,2250 1898,2250 1955,2250 2011,2250 2068,2249"/>
                <TextEquiv>
                    <Unicode>einiger Verlegenheit, der die Masse des konkreten Stoffes nicht</Unicode>
                </TextEquiv>
            </TextLine>
            <TextLine id="r1l37" custom="readingOrder {index:36;}">
                <Coords points="2082,2258 3217,2263 3261,2254 3261,2206 2082,2207"/>
                <Baseline points="2097,2249 2154,2249 2211,2249 2269,2249 2326,2249 2384,2249 2441,2249 2499,2249 2556,2249 2614,2249 2671,2249 2728,2249 2786,2249 2843,2249 2901,2249 2958,2248 3016,2248 3073,2247 3131,2246 3188,2245 3246,2244"/>
                <TextEquiv>
                    <Unicode>stehen dürfte. Und auch in dem andern Fall bleibt die Stimme</Unicode>
                </TextEquiv>
            </TextLine>
            <TextLine id="r1l38" custom="readingOrder {index:37;}">
                <Coords points="136,2258 921,2258 921,2211 136,2213"/>
                <Baseline points="149,2250 186,2251 224,2252 262,2252 300,2253 338,2254 375,2254 413,2254 451,2254 489,2254 527,2254 564,2254 602,2254 640,2254 678,2254 716,2253 753,2253 791,2253 829,2252 867,2252 905,2252"/>
                <TextEquiv>
                    <Unicode>mit andenten wollen, daß sich das Schicksal</Unicode>
                </TextEquiv>
            </TextLine>
            <TextLine id="r1l39" custom="readingOrder {index:38;}">
                <Coords points="930,2292 2056,2294 2080,2249 930,2253"/>
                <Baseline points="946,2286 1002,2285 1058,2284 1114,2284 1170,2284 1226,2284 1282,2285 1338,2285 1394,2286 1450,2286 1506,2287 1562,2288 1618,2288 1674,2288 1730,2289 1786,2289 1842,2289 1898,2289 1954,2288 2010,2287 2066,2286"/>
                <TextEquiv>
                    <Unicode>ordentlich klein bekommen kann, der, um nicht mit theatralischen Coups</Unicode>
                </TextEquiv>
            </TextLine>
            <TextLine id="r1l40" custom="readingOrder {index:39;}">
                <Coords points="2077,2293 3253,2296 3253,2258 3137,2249 2077,2251"/>
                <Baseline points="2093,2286 2150,2287 2207,2288 2264,2289 2322,2289 2379,2289 2436,2289 2494,2289 2551,2289 2608,2289 2666,2288 2723,2288 2780,2288 2837,2287 2895,2287 2952,2287 3009,2287 3067,2286 3124,2286 3181,2287 3239,2287"/>
                <TextEquiv>
                    <Unicode>der Natur ganz stumm. Der alte Wegrath gewinnt den Sohn,</Unicode>
                </TextEquiv>
            </TextLine>
            <TextLine id="r1l41" custom="readingOrder {index:40;}">
                <Coords points="126,2305 239,2284 926,2299 926,2251 126,2246"/>
                <Baseline points="140,2288 178,2289 217,2290 255,2291 294,2292 332,2293 371,2293 409,2294 448,2294 486,2294 525,2294 563,2294 602,2294 640,2294 679,2293 717,2293 756,2292 794,2291 833,2290 871,2289 910,2287"/>
                <TextEquiv>
                    <Unicode>ückes nicht gleich in der Première entschieden</Unicode>
                </TextEquiv>
            </TextLine>
            <TextLine id="r1l42" custom="readingOrder {index:41;}">
                <Coords points="920,2329 1941,2340 2082,2325 2082,2289 920,2290"/>
                <Baseline points="934,2324 990,2324 1047,2324 1103,2324 1160,2324 1217,2324 1273,2324 1330,2324 1386,2324 1443,2325 1500,2325 1556,2325 1613,2325 1669,2326 1726,2326 1783,2326 1839,2326 1896,2326 1952,2326 2009,2326 2066,2325"/>
                <TextEquiv>
                    <Unicode>darauf los zu hauen, mit Zögerungen und Wiederholungen sehr</Unicode>
                </TextEquiv>
            </TextLine>
            <TextLine id="r1l43" custom="readingOrder {index:42;}">
                <Coords points="2080,2325 3233,2329 3233,2296 3113,2284 2080,2289"/>
                <Baseline points="2094,2324 2150,2325 2206,2326 2262,2326 2318,2327 2375,2327 2431,2327 2487,2327 2543,2327 2599,2327 2656,2326 2712,2326 2768,2325 2824,2325 2880,2325 2937,2324 2993,2324 3049,2324 3105,2324 3161,2325 3218,2325"/>
                <TextEquiv>
                    <Unicode>der ihm nicht gehört, dafür verliert er die leibliche Tochter, zu</Unicode>
                </TextEquiv>
            </TextLine>
            <TextLine id="r1l44" custom="readingOrder {index:43;}">
                <Coords points="133,2341 916,2333 916,2294 889,2292 133,2290"/>
                <Baseline points="147,2327 184,2327 222,2328 260,2329 298,2330 335,2330 373,2330 411,2330 449,2330 486,2330 524,2330 562,2330 600,2330 637,2329 675,2329 713,2329 751,2328 788,2328 826,2327 864,2326 902,2326"/>
                <TextEquiv>
                    <Unicode>eine Eigenart so äußerliche Wertbestimmungen</Unicode>
                </TextEquiv>
            </TextLine>
            <TextLine id="r1l45" custom="readingOrder {index:44;}">
                <Coords points="925,2370 1301,2379 1367,2346 1507,2394 2072,2380 2048,2326 925,2331"/>
                <Baseline points="939,2366 994,2364 1050,2363 1106,2362 1162,2361 1218,2360 1274,2360 1330,2360 1386,2360 1442,2360 1498,2360 1553,2361 1609,2361 1665,2362 1721,2362 1777,2363 1833,2363 1889,2364 1945,2364 2001,2364 2057,2364"/>
                <TextEquiv>
                    <Unicode>ungleiche Brocken abgitt wodurch manchmal zu viel und manch¬</Unicode>
                </TextEquiv>
            </TextLine>
            <TextLine id="r1l46" custom="readingOrder {index:45;}">
                <Coords points="2076,2368 3258,2379 3258,2319 3222,2313 2076,2330"/>
                <Baseline points="2091,2364 2148,2364 2206,2363 2263,2363 2321,2363 2379,2363 2436,2363 2494,2364 2552,2364 2609,2364 2667,2364 2725,2364 2782,2364 2840,2364 2898,2364 2955,2364 3013,2363 3071,2363 3128,2362 3186,2361 3244,2359"/>
                <TextEquiv>
                    <Unicode>deren Wesen er nie einen Schlüssel finden konnte. Allerdings ist</Unicode>
                </TextEquiv>
            </TextLine>
            <TextLine id="r1l47" custom="readingOrder {index:46;}">
                <Coords points="139,2374 921,2369 921,2328 864,2322 139,2326"/>
                <Baseline points="153,2364 190,2365 228,2366 265,2367 303,2367 341,2368 378,2368 416,2368 453,2368 491,2368 529,2368 566,2368 604,2368 641,2367 679,2367 717,2367 754,2366 792,2366 829,2365 867,2364 905,2363"/>
                <TextEquiv>
                    <Unicode>enden kann. Man muß mit ihm längeren</Unicode>
                </TextEquiv>
            </TextLine>
            <TextLine id="r1l48" custom="readingOrder {index:47;}">
                <Coords points="928,2418 1008,2405 1032,2419 1065,2398 1143,2418 1172,2402 1369,2409 1405,2402 1405,2366 1091,2365 1014,2381 927,2370"/>
                <Baseline points="942,2402 968,2402 994,2402 1021,2403 1047,2403 1074,2403 1100,2403 1126,2403 1153,2402 1179,2402 1206,2401 1232,2401 1258,2400 1285,2400 1311,2399 1338,2398 1364,2396 1391,2395"/>
                <TextEquiv>
                    <Unicode>mal zu wenig erklärt wird.</Unicode>
                </TextEquiv>
            </TextLine>
            <TextLine id="r1l49" custom="readingOrder {index:48;}">
                <Coords points="2072,2419 3260,2413 3237,2365 2072,2350"/>
                <Baseline points="2087,2400 2144,2400 2202,2400 2260,2401 2318,2401 2376,2401 2434,2401 2491,2401 2549,2401 2607,2402 2665,2402 2723,2402 2781,2402 2839,2402 2896,2402 2954,2402 3012,2403 3070,2403 3128,2403 3186,2403 3244,2403"/>
                <TextEquiv>
                    <Unicode>es so dunkel, daß sie uns ebensowenig begreifbar wird. Sie hat</Unicode>
                </TextEquiv>
            </TextLine>
            <TextLine id="r1l50" custom="readingOrder {index:49;}">
                <Coords points="134,2410 917,2412 917,2370 869,2367 134,2368"/>
                <Baseline points="149,2405 186,2404 224,2404 261,2404 299,2404 337,2403 374,2403 412,2404 450,2404 487,2404 525,2404 563,2404 600,2404 638,2404 676,2404 713,2404 751,2404 789,2404 826,2403 864,2402 902,2402"/>
                <TextEquiv>
                    <Unicode>, um mit seiner vom Leben selbst genährten</Unicode>
                </TextEquiv>
            </TextLine>
            <TextLine id="r1l51" custom="readingOrder {index:50;}">
                <Coords points="2076,2447 3262,2429 3241,2396 2076,2399"/>
                <Baseline points="2091,2438 2148,2438 2206,2438 2264,2439 2322,2439 2380,2439 2438,2439 2495,2440 2553,2440 2611,2440 2669,2440 2727,2441 2785,2441 2843,2441 2900,2441 2958,2441 3016,2441 3074,2440 3132,2440 3190,2440 3248,2439"/>
                <TextEquiv>
                    <Unicode>ein Verhältnis mit Herrn von Sala, das fast an Incest streift, da</Unicode>
                </TextEquiv>
            </TextLine>
            <TextLine id="r1l52" custom="readingOrder {index:51;}">
                <Coords points="953,2445 2076,2448 2076,2391 953,2406"/>
                <Baseline points="967,2442 1021,2441 1076,2440 1131,2439 1185,2439 1240,2439 1295,2439 1349,2439 1404,2440 1459,2440 1514,2441 1568,2441 1623,2442 1678,2442 1732,2442 1787,2442 1842,2442 1896,2442 1951,2442 2006,2441 2061,2440"/>
                <TextEquiv>
                    <Unicode>An dieser Unentschlossenheit leidet namentlich der erste Akt, und</Unicode>
                </TextEquiv>
            </TextLine>
            <TextLine id="r1l53" custom="readingOrder {index:52;}">
                <Coords points="138,2452 920,2453 920,2411 878,2405 439,2422 177,2389 138,2407"/>
                <Baseline points="153,2442 190,2441 228,2441 265,2441 303,2441 341,2441 378,2441 416,2441 454,2442 491,2442 529,2442 567,2442 604,2442 642,2442 680,2442 717,2442 755,2442 793,2442 830,2442 868,2441 906,2441"/>
                <TextEquiv>
                    <Unicode>klichkeit vertraut zu werden, ein Resultat,</Unicode>
                </TextEquiv>
            </TextLine>
            <TextLine id="r1l54" custom="readingOrder {index:53;}">
                <Coords points="2081,2485 3254,2477 3254,2442 3165,2427 2081,2440"/>
                <Baseline points="2095,2480 2152,2479 2209,2479 2266,2479 2323,2478 2380,2478 2437,2478 2495,2478 2552,2479 2609,2479 2666,2479 2723,2479 2780,2480 2837,2480 2895,2480 2952,2480 3009,2480 3066,2480 3123,2480 3180,2480 3238,2479"/>
                <TextEquiv>
                    <Unicode>sie mit seiner verstorbenen Tochter befreundet war, — aber warum</Unicode>
                </TextEquiv>
            </TextLine>
            <TextLine id="r1l55" custom="readingOrder {index:54;}">
                <Coords points="919,2483 2084,2480 2084,2444 1988,2438 919,2435"/>
                <Baseline points="934,2478 990,2478 1047,2478 1104,2478 1160,2478 1217,2478 1274,2479 1330,2479 1387,2480 1444,2481 1501,2481 1557,2482 1614,2482 1671,2483 1727,2483 1784,2483 1841,2483 1897,2483 1954,2482 2011,2481 2068,2480"/>
                <TextEquiv>
                    <Unicode>Herr Schnitzler mochte sich hier besonders unsicher fühlen weil sein</Unicode>
                </TextEquiv>
            </TextLine>
            <TextLine id="r1l56" custom="readingOrder {index:55;}">
                <Coords points="135,2488 433,2476 472,2500 583,2470 753,2497 911,2486 911,2441 135,2449"/>
                <Baseline points="151,2479 188,2479 225,2480 262,2480 300,2480 337,2481 374,2481 412,2481 449,2481 486,2481 524,2481 561,2481 598,2481 635,2481 673,2481 710,2481 747,2481 785,2481 822,2480 859,2480 897,2480"/>
                <TextEquiv>
                    <Unicode>r den Dichter spricht wie gegen den</Unicode>
                </TextEquiv>
            </TextLine>
            <TextLine id="r1l57" custom="readingOrder {index:56;}">
                <Coords points="1745,2506 1760,2508 1763,2505 1775,2506 1778,2503 1799,2505 1802,2478 1787,2477 1779,2467 1767,2466 1763,2469 1749,2468"/>
                <Baseline points="1761,2500 1785,2502"/>
                <TextEquiv>
                    <Unicode>821</Unicode>
                </TextEquiv>
            </TextLine>
            <TextLine id="r1l58" custom="readingOrder {index:57;}">
                <Coords points="2077,2516 3197,2528 3254,2522 3254,2477 2077,2486"/>
                <Baseline points="2091,2518 2148,2517 2205,2517 2263,2516 2320,2516 2378,2516 2435,2516 2492,2516 2550,2517 2607,2517 2665,2517 2722,2517 2779,2518 2837,2518 2894,2518 2952,2518 3009,2518 3066,2517 3124,2517 3181,2516 3239,2515"/>
                <TextEquiv>
                    <Unicode>sie sich tötet, bleibt uns ziemlich unerforschlich, und der Dichter, der</Unicode>
                </TextEquiv>
            </TextLine>
            <TextLine id="r1l59" custom="readingOrder {index:58;}">
                <Coords points="917,2524 1977,2536 2078,2525 2079,2480 917,2482"/>
                <Baseline points="931,2521 987,2519 1044,2518 1100,2517 1157,2517 1214,2517 1270,2517 1327,2518 1383,2518 1440,2519 1497,2520 1553,2521 1610,2521 1666,2522 1723,2522 1780,2522 1836,2522 1893,2522 1949,2521 2006,2519 2063,2517"/>
                <TextEquiv>
                    <Unicode>leichter Kreuzer im Fahrwasser des gewaltigen Orlogschiffes Heurik</Unicode>
                </TextEquiv>
            </TextLine>
            <TextLine id="r1l60" custom="readingOrder {index:59;}">
                <Coords points="132,2532 899,2526 923,2520 923,2478 132,2485"/>
                <Baseline points="146,2517 184,2518 222,2519 260,2520 298,2520 336,2521 374,2521 412,2521 450,2521 488,2521 527,2521 565,2521 603,2521 641,2521 679,2520 717,2520 755,2520 793,2519 831,2519 869,2519 908,2518"/>
                <TextEquiv>
                    <Unicode>ben die starke Hand fehlt, um die</Unicode>
                </TextEquiv>
            </TextLine>
            <TextLine id="r1l61" custom="readingOrder {index:60;}">
                <Coords points="2082,2563 3256,2572 3256,2521 3152,2503 2083,2515"/>
                <Baseline points="2096,2558 2153,2557 2210,2556 2267,2555 2325,2555 2382,2555 2439,2555 2497,2555 2554,2555 2611,2556 2669,2556 2726,2556 2783,2557 2840,2557 2898,2558 2955,2558 3012,2558 3070,2558 3127,2557 3184,2557 3242,2556"/>
                <TextEquiv>
                    <Unicode>im Fall Fichtner und Sohn viel zu viel erklärt, hat sich hier um</Unicode>
                </TextEquiv>
            </TextLine>
            <TextLine id="r1l62" custom="readingOrder {index:61;}">
                <Coords points="929,2561 2084,2566 2084,2524 2040,2518 929,2522"/>
                <Baseline points="943,2556 999,2555 1055,2555 1111,2554 1168,2554 1224,2555 1280,2555 1337,2555 1393,2556 1449,2556 1506,2557 1562,2557 1618,2558 1674,2558 1731,2559 1787,2559 1843,2559 1900,2559 1956,2559 2012,2558 2069,2557"/>
                <TextEquiv>
                    <Unicode>Ibsen schwimmt. Aus verschleierten Andeutungen erfahren wir,</Unicode>
                </TextEquiv>
            </TextLine>
            <TextLine id="r1l63" custom="readingOrder {index:62;}">
                <Coords points="144,2568 911,2565 911,2526 834,2520 144,2523"/>
                <Baseline points="158,2558 194,2558 231,2558 268,2558 305,2558 342,2558 379,2558 416,2558 453,2558 490,2558 527,2558 563,2558 600,2558 637,2558 674,2558 711,2558 748,2558 785,2558 822,2558 859,2558 896,2557"/>
                <TextEquiv>
                    <Unicode>8 Dramas in geläufiger Bewegung zu</Unicode>
                </TextEquiv>
            </TextLine>
            <TextLine id="r1l64" custom="readingOrder {index:63;}">
                <Coords points="2086,2598 3245,2603 3245,2555 2087,2559"/>
                <Baseline points="2101,2596 2157,2595 2214,2594 2270,2594 2327,2594 2383,2593 2440,2593 2496,2593 2553,2593 2609,2593 2666,2593 2722,2593 2779,2594 2835,2594 2892,2594 2948,2595 3005,2595 3061,2595 3118,2596 3174,2596 3231,2596"/>
                <TextEquiv>
                    <Unicode>eine so dicht verschleiernde Diskretion bemüht daß der Selbstmord</Unicode>
                </TextEquiv>
            </TextLine>
            <TextLine id="r1l65" custom="readingOrder {index:64;}">
                <Coords points="923,2600 2085,2606 2085,2561 1983,2555 923,2546"/>
                <Baseline points="938,2596 994,2595 1051,2594 1107,2593 1164,2593 1221,2593 1277,2593 1334,2593 1390,2594 1447,2594 1504,2594 1560,2595 1617,2595 1673,2596 1730,2596 1787,2596 1843,2596 1900,2596 1956,2596 2013,2595 2070,2594"/>
                <TextEquiv>
                    <Unicode>daß das Leben der kranken Frau Wegrath, das bald beendet sein</Unicode>
                </TextEquiv>
            </TextLine>
            <TextLine id="r1l66" custom="readingOrder {index:65;}">
                <Coords points="142,2607 781,2593 811,2614 910,2599 910,2561 142,2562"/>
                <Baseline points="156,2598 192,2597 229,2596 266,2596 303,2596 340,2596 377,2596 414,2596 451,2596 488,2597 525,2597 561,2598 598,2598 635,2598 672,2598 709,2598 746,2598 783,2598 820,2597 857,2596 894,2595"/>
                <TextEquiv>
                    <Unicode>friftsteller, bei denen die Gabe feiner psycho¬</Unicode>
                </TextEquiv>
            </TextLine>
            <TextLine id="r1l67" custom="readingOrder {index:66;}">
                <Coords points="2075,2633 3254,2639 3234,2588 2075,2597"/>
                <Baseline points="2091,2634 2148,2633 2205,2632 2263,2631 2320,2631 2378,2631 2435,2631 2493,2631 2550,2632 2608,2632 2665,2633 2722,2633 2780,2634 2837,2634 2895,2635 2952,2635 3010,2635 3067,2634 3125,2634 3182,2633 3240,2631"/>
                <TextEquiv>
                    <Unicode>am Ende des vierten Aktes fast komisch wirkt, weil wir durchaus</Unicode>
                </TextEquiv>
            </TextLine>
            <TextLine id="r1l68" custom="readingOrder {index:67;}">
                <Coords points="916,2634 2077,2638 2053,2596 916,2593"/>
                <Baseline points="929,2635 985,2634 1042,2634 1099,2633 1155,2633 1212,2633 1269,2633 1325,2633 1382,2633 1439,2633 1496,2633 1552,2634 1609,2634 1666,2634 1722,2634 1779,2634 1836,2634 1892,2634 1949,2634 2006,2634 2063,2633"/>
                <TextEquiv>
                    <Unicode>wird, ein Geheimnis birgt, zu dem der etwas absichtlich und auf¬</Unicode>
                </TextEquiv>
            </TextLine>
            <TextLine id="r1l69" custom="readingOrder {index:68;}">
                <Coords points="142,2639 901,2643 919,2595 142,2604"/>
                <Baseline points="158,2638 195,2637 232,2636 269,2635 307,2635 344,2635 381,2635 418,2635 456,2635 493,2635 530,2636 567,2636 605,2636 642,2636 679,2636 716,2636 754,2636 791,2635 828,2634 865,2632 903,2631"/>
                <TextEquiv>
                    <Unicode>egung die der naiven Schöpferkraft über¬</Unicode>
                </TextEquiv>
            </TextLine>
            <TextLine id="r1l70" custom="readingOrder {index:69;}">
                <Coords points="913,2687 2080,2671 2080,2630 913,2630"/>
                <Baseline points="928,2674 984,2673 1041,2672 1098,2671 1155,2671 1212,2671 1269,2671 1325,2671 1382,2671 1439,2671 1496,2672 1553,2672 1610,2672 1667,2673 1723,2673 1780,2673 1837,2672 1894,2672 1951,2671 2008,2670 2065,2668"/>
                <TextEquiv>
                    <Unicode>fällig genannte Maler Julian Fichtner in Beziehung stehen muß.</Unicode>
                </TextEquiv>
            </TextLine>
            <TextLine id="r1l71" custom="readingOrder {index:70;}">
                <Coords points="133,2682 918,2681 918,2642 805,2630 133,2640"/>
                <Baseline points="147,2672 184,2672 222,2672 260,2672 298,2672 336,2672 374,2673 411,2673 449,2674 487,2674 525,2674 563,2675 601,2675 639,2675 676,2675 714,2675 752,2674 790,2674 828,2673 866,2673 904,2671"/>
                <TextEquiv>
                    <Unicode>Schnitzler am wohlsten, und wir mit ihm,</Unicode>
                </TextEquiv>
            </TextLine>
            <TextLine id="r1l72" custom="readingOrder {index:71;}">
                <Coords points="920,2710 2076,2721 2058,2673 920,2675"/>
                <Baseline points="934,2710 990,2710 1046,2710 1103,2709 1159,2709 1216,2709 1272,2709 1328,2709 1385,2709 1441,2709 1498,2709 1554,2708 1610,2708 1667,2708 1723,2708 1780,2708 1836,2708 1892,2709 1949,2709 2005,2709 2062,2709"/>
                <TextEquiv>
                    <Unicode>Dagegen wird das wirkliche Verhältnis ihrer Tochter Johanna zu</Unicode>
                </TextEquiv>
            </TextLine>
            <TextLine id="r1l73" custom="readingOrder {index:72;}">
                <Coords points="2080,2716 3117,2720 3117,2642 3066,2630 2081,2642"/>
                <Baseline points="2094,2707 2144,2708 2194,2708 2245,2708 2295,2708 2346,2708 2396,2709 2447,2709 2497,2709 2548,2709 2598,2709 2648,2710 2699,2710 2749,2710 2800,2710 2850,2710 2901,2710 2951,2711 3002,2711 3052,2711 3103,2711"/>
                <TextEquiv>
                    <Unicode>wäste Prsagen woldi. (ier v. Sald, des aunders wirdige</Unicode>
                </TextEquiv>
            </TextLine>
            <TextLine id="r1l74" custom="readingOrder {index:73;}">
                <Coords points="142,2726 867,2721 915,2718 915,2682 141,2681"/>
                <Baseline points="155,2711 192,2711 229,2711 266,2711 303,2711 341,2711 378,2711 415,2711 452,2711 489,2712 527,2712 564,2712 601,2712 638,2712 675,2711 713,2711 750,2711 787,2710 824,2709 861,2708 899,2707"/>
                <TextEquiv>
                    <Unicode>bei Seite schieben kann und seine Menschen</Unicode>
                </TextEquiv>
            </TextLine>
            <TextLine id="r1l75" custom="readingOrder {index:74;}">
                <Coords points="925,2753 1979,2761 2078,2752 2078,2713 925,2714"/>
                <Baseline points="939,2749 995,2749 1051,2749 1107,2749 1163,2748 1220,2748 1276,2748 1332,2748 1388,2748 1444,2747 1501,2747 1557,2747 1613,2747 1669,2747 1725,2747 1782,2747 1838,2747 1894,2748 1950,2748 2006,2749 2063,2750"/>
                <TextEquiv>
                    <Unicode>dem alternden Lebemann Stephan von Sala ganz flüchtig ge¬</Unicode>
                </TextEquiv>
            </TextLine>
            <TextLine id="r1l76" custom="readingOrder {index:75;}">
                <Coords points="2089,2753 3101,2754 3101,2715 2746,2695 2089,2711"/>
                <Baseline points="2103,2750 2152,2749 2201,2748 2250,2748 2299,2747 2348,2747 2397,2747 2446,2747 2495,2747 2544,2747 2594,2748 2643,2748 2692,2749 2741,2749 2790,2750 2839,2750 2888,2750 2937,2751 2986,2751 3035,2751 3085,2752"/>
                <TextEquiv>
                    <Unicode>des Hauses, der nach dieser Katastrophe gleich zur Pistole</Unicode>
                </TextEquiv>
            </TextLine>
            <TextLine id="r1l77" custom="readingOrder {index:76;}">
                <Coords points="147,2759 619,2770 667,2746 718,2769 769,2739 813,2763 918,2760 918,2715 147,2717"/>
                <Baseline points="163,2751 200,2751 237,2751 274,2751 311,2751 348,2751 385,2751 422,2750 459,2750 496,2750 533,2750 570,2750 607,2749 644,2749 681,2749 718,2749 755,2749 792,2750 829,2750 866,2750 904,2750"/>
                <TextEquiv>
                    <Unicode>als genaue Selbstbeobachter ihre eigenen</Unicode>
                </TextEquiv>
            </TextLine>
            <TextLine id="r1l78" custom="readingOrder {index:77;}">
                <Coords points="924,2795 1987,2806 2074,2794 2074,2752 924,2753"/>
                <Baseline points="939,2789 995,2788 1051,2788 1107,2787 1163,2787 1219,2787 1275,2787 1331,2787 1387,2787 1443,2787 1499,2787 1555,2787 1611,2787 1667,2787 1723,2787 1779,2786 1835,2786 1891,2785 1947,2784 2003,2783 2060,2782"/>
                <TextEquiv>
                    <Unicode>streift, so daß es vorläufig im Dunkeln bleibt. Frau Wegrath</Unicode>
                </TextEquiv>
            </TextLine>
            <TextLine id="r1l79" custom="readingOrder {index:78;}">
                <Coords points="2077,2791 3092,2791 3092,2752 3029,2746 2077,2752"/>
                <Baseline points="2091,2788 2140,2788 2189,2788 2239,2788 2288,2788 2337,2788 2387,2788 2436,2787 2485,2787 2535,2787 2584,2787 2633,2787 2683,2787 2732,2787 2781,2787 2831,2787 2880,2787 2929,2787 2979,2788 3028,2788 3078,2789"/>
                <TextEquiv>
                    <Unicode>wird, ist der beste Sprecher im Stück, ein alternder Lel</Unicode>
                </TextEquiv>
            </TextLine>
            <TextLine id="r1l80" custom="readingOrder {index:79;}">
                <Coords points="136,2804 357,2780 805,2806 915,2794 915,2752 136,2762"/>
                <Baseline points="152,2790 189,2790 227,2790 264,2790 302,2791 339,2791 377,2791 414,2791 452,2791 489,2791 527,2791 564,2791 602,2791 639,2791 677,2791 714,2791 752,2790 789,2790 827,2789 864,2788 902,2788"/>
                <TextEquiv>
                    <Unicode>nten Fäden immer feiner und anregender</Unicode>
                </TextEquiv>
            </TextLine>
            <TextLine id="r1l81" custom="readingOrder {index:80;}">
                <Coords points="915,2834 2014,2839 2094,2824 2094,2791 914,2789"/>
                <Baseline points="929,2827 986,2827 1044,2826 1101,2826 1159,2826 1216,2826 1274,2825 1331,2825 1389,2825 1446,2825 1504,2825 1561,2824 1619,2824 1676,2824 1734,2824 1791,2824 1849,2824 1906,2823 1964,2823 2021,2823 2079,2823"/>
                <TextEquiv>
                    <Unicode>wird ihrem Manne, dem braven Akademiedirektor entrissen, und</Unicode>
                </TextEquiv>
            </TextLine>
            <TextLine id="r1l82" custom="readingOrder {index:81;}">
                <Coords points="2078,2835 2956,2841 3081,2832 3082,2790 2078,2784"/>
                <Baseline points="2094,2824 2142,2824 2191,2825 2240,2825 2288,2825 2337,2825 2386,2825 2434,2825 2483,2825 2532,2825 2581,2825 2629,2826 2678,2826 2727,2826 2775,2826 2824,2826 2873,2826 2921,2827 2970,2827 3019,2828 3068,2828"/>
                <TextEquiv>
                    <Unicode>der von ähnlichen Bauernfeldschen Figuren die guten 2</Unicode>
                </TextEquiv>
            </TextLine>
            <TextLine id="r1l83" custom="readingOrder {index:82;}">
                <Coords points="138,2833 899,2836 920,2788 138,2801"/>
                <Baseline points="154,2830 191,2830 229,2829 266,2829 304,2829 342,2828 379,2828 417,2828 454,2828 492,2827 530,2827 567,2827 605,2827 642,2827 680,2827 718,2827 755,2826 793,2826 830,2827 868,2827 906,2827"/>
                <TextEquiv>
                    <Unicode>n. In solchen Augenblicken, die auch halbe</Unicode>
                </TextEquiv>
            </TextLine>
            <TextLine id="r1l84" custom="readingOrder {index:83;}">
                <Coords points="918,2867 3080,2829 918,2834"/>
                <Baseline points="933,2864 1039,2864 1146,2863 1252,2863 1359,2863 1466,2863 1572,2863 1679,2863 1785,2864 1892,2864 1999,2864 2105,2864 2212,2864 2318,2864 2425,2864 2532,2864 2638,2864 2745,2864 2851,2864 2958,2864 3065,2864"/>
                <TextEquiv>
                    <Unicode>ihr Sohn,, Lentnant Felix erfährt von Fichtner, daß er geerbt, aber an Geist noch zugenommen hat. Er besond</Unicode>
                </TextEquiv>
            </TextLine>
            <TextLine id="r1l85" custom="readingOrder {index:84;}">
                <Coords points="139,2881 432,2881 470,2854 551,2883 922,2872 921,2824 139,2833"/>
                <Baseline points="153,2869 190,2869 228,2869 265,2869 303,2868 341,2868 378,2868 416,2868 454,2867 491,2867 529,2867 567,2866 604,2866 642,2866 680,2865 717,2865 755,2865 793,2864 830,2864 868,2864 906,2864"/>
                <TextEquiv>
                    <Unicode>t allerdings der Gang der dramatischen</Unicode>
                </TextEquiv>
            </TextLine>
            <TextLine id="r1l86" custom="readingOrder {index:85;}">
                <Coords points="920,2906 3088,2914 2885,2858 920,2867"/>
                <Baseline points="934,2905 1046,2904 1159,2903 1271,2902 1384,2902 1496,2902 1609,2901 1722,2901 1834,2901 1947,2901 2059,2902 2172,2902 2284,2902 2397,2902 2510,2902 2622,2902 2735,2903 2847,2903 2960,2903 3073,2903"/>
                <TextEquiv>
                    <Unicode>ihm sein Dafein verdankt, allerdings in einer halben Er= Fichtner der verzweifelt um die Liebe des Sohnes kämpft</Unicode>
                </TextEquiv>
            </TextLine>
            <TextLine id="r1l87" custom="readingOrder {index:86;}">
                <Coords points="129,2914 914,2912 914,2867 248,2874 128,2851"/>
                <Baseline points="143,2908 180,2908 218,2908 256,2908 294,2908 331,2908 369,2907 407,2907 445,2907 482,2906 520,2906 558,2905 596,2905 633,2904 671,2904 709,2904 747,2903 784,2903 822,2903 860,2902 898,2902"/>
                <TextEquiv>
                    <Unicode>ewinnen unsere Ohren die Freiheit, seinem</Unicode>
                </TextEquiv>
            </TextLine>
            <TextLine id="r1l88" custom="readingOrder {index:87;}">
                <Coords points="1087,2959 1284,2959 1326,2926 2073,2948 2073,2904 1087,2908"/>
                <Baseline points="1103,2940 1150,2940 1198,2940 1246,2940 1294,2940 1342,2940 1389,2940 1437,2940 1485,2940 1533,2940 1581,2940 1628,2940 1676,2940 1724,2940 1772,2940 1820,2940 1867,2941 1915,2941 1963,2942 2011,2942 2059,2943"/>
                <TextEquiv>
                    <Unicode>der noch eine halbe und dann eine ganze</Unicode>
                </TextEquiv>
            </TextLine>
            <TextLine id="r1l89" custom="readingOrder {index:88;}">
                <Coords points="2077,2939 3134,2946 3095,2890 2077,2903"/>
                <Baseline points="2092,2940 2143,2941 2194,2941 2245,2941 2297,2941 2348,2941 2399,2941 2451,2941 2502,2941 2553,2941 2605,2941 2656,2941 2707,2941 2758,2941 2810,2941 2861,2941 2912,2942 2964,2942 3015,2942 3066,2943 3118,2943"/>
                <TextEquiv>
                    <Unicode>hin, daß Leute wie sie keinen Anspruch auf irgend eine m</Unicode>
                </TextEquiv>
            </TextLine>
            <TextLine id="r1l90" custom="readingOrder {index:89;}">
                <Coords points="923,2950 1030,2948 1039,2939 1063,2954 1078,2939 1087,2949 1105,2949 1105,2919 1069,2916 1063,2909 1040,2915 1028,2903 980,2909 923,2905"/>
                <Baseline points="937,2941 962,2943 988,2943 1013,2943 1039,2943 1064,2943 1090,2944"/>
                <TextEquiv>
                    <Unicode>klärung,</Unicode>
                </TextEquiv>
            </TextLine>
            <TextLine id="r1l91" custom="readingOrder {index:90;}">
                <Coords points="129,2944 231,2962 294,2938 326,2959 759,2944 852,2965 918,2941 918,2908 786,2902 129,2906"/>
                <Baseline points="143,2945 181,2944 219,2944 257,2944 295,2944 333,2944 371,2944 409,2944 447,2944 485,2944 523,2945 561,2945 599,2945 637,2945 675,2945 713,2945 751,2945 789,2944 827,2944 865,2943 903,2941"/>
                <TextEquiv>
                    <Unicode>konischen Härten und weichen Empfinde¬</Unicode>
                </TextEquiv>
            </TextLine>
            <TextLine id="r1l92" custom="readingOrder {index:91;}">
                <Coords points="912,2984 3259,2992 3241,2932 912,2942"/>
                <Baseline points="927,2980 1042,2979 1158,2979 1274,2979 1390,2978 1506,2978 1622,2978 1737,2978 1853,2978 1969,2978 2085,2979 2201,2979 2317,2979 2433,2979 2548,2980 2664,2980 2780,2980 2896,2980 3012,2980 3128,2980 3244,2979"/>
                <TextEquiv>
                    <Unicode>nachfolgt. Diese Auseinandersetzungen sind recht peinlich liche Anhänglichkeit haben. Sie haben ihre Schätze für sich ge¬</Unicode>
                </TextEquiv>
            </TextLine>
            <TextLine id="r1l93" custom="readingOrder {index:92;}">
                <Coords points="137,2997 253,3005 313,2975 355,3001 659,2978 770,2995 847,2970 916,2990 916,2943 136,2946"/>
                <Baseline points="152,2983 189,2984 227,2985 264,2986 302,2986 339,2986 377,2986 414,2986 452,2985 489,2984 527,2984 564,2983 602,2982 639,2982 677,2981 714,2981 752,2980 789,2980 827,2980 864,2981 902,2981"/>
                <TextEquiv>
                    <Unicode>alog zu folgen, mit dem er heute in</Unicode>
                </TextEquiv>
            </TextLine>
            <TextLine id="r1l94" custom="readingOrder {index:93;}">
                <Coords points="913,3032 2048,3028 2081,2966 913,2990"/>
                <Baseline points="927,3019 984,3019 1041,3019 1098,3018 1155,3018 1212,3018 1269,3018 1326,3018 1383,3018 1440,3018 1497,3017 1554,3017 1611,3017 1668,3017 1725,3017 1782,3017 1839,3017 1896,3016 1953,3016 2010,3016 2067,3015"/>
                <TextEquiv>
                    <Unicode>und man sollte selbst einem klugen Schnitzlerschen Leutnant nicht</Unicode>
                </TextEquiv>
            </TextLine>
            <TextLine id="r1l95" custom="readingOrder {index:94;}">
                <Coords points="2077,3022 3221,3036 3259,3031 3260,2974 2077,2978"/>
                <Baseline points="2092,3017 2149,3017 2207,3018 2264,3018 2322,3018 2380,3019 2437,3019 2495,3019 2552,3019 2610,3019 2668,3019 2725,3019 2783,3019 2840,3020 2898,3020 2956,3020 3013,3021 3071,3021 3128,3022 3186,3023 3244,3024"/>
                <TextEquiv>
                    <Unicode>braucht, nie verzichtet, nie geopfert und mögen „unsere Torheiten,</Unicode>
                </TextEquiv>
            </TextLine>
            <TextLine id="r1l96" custom="readingOrder {index:95;}">
                <Coords points="137,3025 916,3031 916,2986 862,2977 137,2992"/>
                <Baseline points="151,3022 188,3023 226,3023 263,3023 301,3023 338,3023 376,3023 413,3023 451,3023 488,3023 526,3023 564,3023 601,3022 639,3022 676,3022 714,3022 751,3021 789,3021 826,3021 864,3020 902,3020"/>
                <TextEquiv>
                    <Unicode>wie allein steht und mit dem er sich</Unicode>
                </TextEquiv>
            </TextLine>
            <TextLine id="r1l97" custom="readingOrder {index:96;}">
                <Coords points="919,3064 2024,3067 2075,3061 2075,3019 919,3022"/>
                <Baseline points="933,3058 989,3057 1045,3057 1102,3057 1158,3057 1214,3057 1271,3057 1327,3057 1383,3056 1440,3056 1496,3056 1552,3056 1609,3056 1665,3056 1721,3056 1778,3055 1834,3055 1890,3055 1947,3055 2003,3054 2060,3054"/>
                <TextEquiv>
                    <Unicode>zumnten, daß er die Geschichte der Mutter, die damals sogar</Unicode>
                </TextEquiv>
            </TextLine>
            <TextLine id="r1l98" custom="readingOrder {index:97;}">
                <Coords points="2078,3062 3251,3056 3251,3023 2078,3021"/>
                <Baseline points="2093,3056 2150,3056 2207,3056 2264,3056 2321,3056 2378,3056 2435,3056 2492,3056 2549,3056 2606,3056 2664,3056 2721,3056 2778,3057 2835,3057 2892,3057 2949,3057 3006,3057 3063,3058 3120,3058 3177,3058 3235,3059"/>
                <TextEquiv>
                    <Unicode>unsere Niederträchtigkeiten verborgen bleiben — uns selber nie.</Unicode>
                </TextEquiv>
            </TextLine>
            <TextLine id="r1l99" custom="readingOrder {index:98;}">
                <Coords points="139,3072 912,3066 912,3024 861,3018 139,3024"/>
                <Baseline points="153,3059 190,3060 227,3061 264,3061 301,3062 338,3062 375,3062 413,3062 450,3062 487,3061 524,3061 561,3061 598,3060 635,3060 673,3059 710,3059 747,3059 784,3058 821,3058 858,3059 896,3059"/>
                <TextEquiv>
                    <Unicode>ter von verbindlichsten Umgangsformen</Unicode>
                </TextEquiv>
            </TextLine>
            <TextLine id="r1l100" custom="readingOrder {index:99;}">
                <Coords points="922,3107 2068,3102 2068,3061 1961,3049 922,3056"/>
                <Baseline points="937,3093 992,3094 1048,3094 1104,3094 1160,3095 1216,3094 1271,3094 1327,3094 1383,3094 1439,3093 1495,3093 1550,3093 1606,3092 1662,3092 1718,3092 1774,3092 1829,3092 1885,3092 1941,3093 1997,3094 2053,3095"/>
                <TextEquiv>
                    <Unicode>Braut war mit einer meuschlichen Unparteilichkeit anhören kann,</Unicode>
                </TextEquiv>
            </TextLine>
            <TextLine id="r1l101" custom="readingOrder {index:100;}">
                <Coords points="2083,3103 3230,3107 3248,3057 2083,3061"/>
                <Baseline points="2097,3097 2153,3096 2210,3095 2267,3094 2324,3093 2380,3093 2437,3093 2494,3093 2551,3094 2607,3094 2664,3095 2721,3095 2778,3095 2834,3096 2891,3096 2948,3096 3005,3096 3061,3096 3118,3096 3175,3095 3232,3094"/>
                <TextEquiv>
                    <Unicode>In unser tiefsten Seele wissen wir immer, worau wir sind“ Dieser</Unicode>
                </TextEquiv>
            </TextLine>
            <TextLine id="r1l102" custom="readingOrder {index:101;}">
                <Coords points="133,3117 916,3106 915,3061 133,3060"/>
                <Baseline points="147,3103 184,3102 222,3101 260,3100 298,3100 335,3099 373,3099 411,3098 449,3098 486,3098 524,3098 562,3098 600,3098 637,3098 675,3098 713,3098 751,3097 788,3097 826,3097 864,3097 902,3096"/>
                <TextEquiv>
                    <Unicode>land oder vielmehr Österreich nur einmal in</Unicode>
                </TextEquiv>
            </TextLine>
            <TextLine id="r1l103" custom="readingOrder {index:102;}">
                <Coords points="918,3139 1999,3149 2077,3137 2077,3080 1476,3110 918,3085"/>
                <Baseline points="933,3132 989,3132 1045,3132 1102,3132 1158,3132 1215,3132 1271,3132 1327,3132 1384,3132 1440,3132 1497,3132 1553,3132 1609,3132 1666,3132 1722,3132 1779,3132 1835,3132 1891,3132 1948,3133 2004,3133 2061,3133"/>
                <TextEquiv>
                    <Unicode>als ob es sich um ein fremdes Wesen handelte. So alt kann</Unicode>
                </TextEquiv>
            </TextLine>
            <TextLine id="r1l104" custom="readingOrder {index:103;}">
                <Coords points="2078,3129 3254,3142 3108,3092 2078,3090"/>
                <Baseline points="2094,3134 2151,3134 2208,3135 2265,3135 2323,3135 2380,3135 2437,3135 2495,3134 2552,3134 2609,3134 2667,3134 2724,3134 2781,3134 2838,3134 2896,3134 2953,3134 3010,3135 3068,3135 3125,3136 3182,3137 3240,3138"/>
                <TextEquiv>
                    <Unicode>erfahrene Genußmensch hat den hellsten Verstand für die Lebensdinge,</Unicode>
                </TextEquiv>
            </TextLine>
            <TextLine id="r1l105" custom="readingOrder {index:104;}">
                <Coords points="126,3150 923,3135 923,3102 858,3096 126,3099"/>
                <Baseline points="140,3141 178,3140 216,3139 255,3138 293,3138 332,3137 370,3137 408,3137 447,3137 485,3137 524,3137 562,3137 600,3137 639,3137 677,3137 716,3137 754,3137 792,3137 831,3136 869,3136 908,3135"/>
                <TextEquiv>
                    <Unicode>dten Bauernfeld hervorgebracht hat. Von</Unicode>
                </TextEquiv>
            </TextLine>
            <TextLine id="r1l106" custom="readingOrder {index:105;}">
                <Coords points="924,3163 2074,3179 2074,3134 1969,3125 924,3139"/>
                <Baseline points="940,3176 998,3174 1057,3173 1116,3172 1175,3171 1234,3170 1293,3170 1352,3170 1411,3170 1470,3170 1528,3170 1587,3170 1646,3171 1705,3171 1764,3171 1823,3171 1882,3171 1941,3171 2000,3170 2059,3169"/>
                <TextEquiv>
                    <Unicode>Jugend nicht sein und das Alter auch nicht. Sehr fein ist die</Unicode>
                </TextEquiv>
            </TextLine>
            <TextLine id="r1l107" custom="readingOrder {index:106;}">
                <Coords points="2087,3179 3255,3172 3255,3139 3177,3133 2087,3137"/>
                <Baseline points="2103,3173 2159,3173 2216,3172 2273,3172 2330,3172 2387,3172 2443,3172 2500,3172 2557,3172 2614,3172 2671,3173 2727,3173 2784,3173 2841,3173 2898,3173 2955,3174 3011,3174 3068,3174 3125,3174 3182,3174 3239,3174"/>
                <TextEquiv>
                    <Unicode>nur schade, daß seine Figur von hinten verdunkelt wird durch eine</Unicode>
                </TextEquiv>
            </TextLine>
            <TextLine id="r1l108" custom="readingOrder {index:107;}">
                <Coords points="133,3191 922,3179 921,3135 772,3124 133,3137"/>
                <Baseline points="149,3178 188,3178 228,3178 268,3178 308,3178 348,3178 388,3178 428,3177 468,3177 508,3176 548,3176 588,3175 628,3174 668,3174 708,3173 748,3173 788,3172 828,3172 868,3171 908,3171"/>
                <TextEquiv>
                    <Unicode>keiten abgesehen, unter denen sich namentlich</Unicode>
                </TextEquiv>
            </TextLine>
            <TextLine id="r1l109" custom="readingOrder {index:108;}">
                <Coords points="914,3218 2082,3211 2081,3172 2004,3163 914,3165"/>
                <Baseline points="929,3211 985,3211 1042,3210 1099,3210 1156,3210 1213,3210 1270,3209 1326,3209 1383,3209 1440,3209 1497,3208 1554,3208 1611,3208 1668,3208 1724,3208 1781,3209 1838,3209 1895,3209 1952,3210 2009,3210 2066,3211"/>
                <TextEquiv>
                    <Unicode>Erklärung des Malers, der die Braut des Freundes nur im Stich</Unicode>
                </TextEquiv>
            </TextLine>
            <TextLine id="r1l110" custom="readingOrder {index:109;}">
                <Coords points="2077,3218 3254,3218 3254,3170 2077,3170"/>
                <Baseline points="2092,3212 2149,3211 2206,3211 2263,3211 2321,3211 2378,3211 2435,3211 2493,3211 2550,3211 2607,3212 2665,3212 2722,3212 2779,3212 2836,3212 2894,3212 2951,3212 3008,3211 3066,3211 3123,3210 3180,3210 3238,3209"/>
                <TextEquiv>
                    <Unicode>Herzkrankheit, mit der von ihm wie von den anderen ein geheim¬</Unicode>
                </TextEquiv>
            </TextLine>
            <TextLine id="r1l111" custom="readingOrder {index:110;}">
                <Coords points="123,3227 846,3223 920,3211 920,3175 123,3179"/>
                <Baseline points="139,3218 177,3218 215,3218 254,3218 292,3218 331,3218 369,3218 407,3217 446,3217 484,3216 523,3216 561,3215 599,3215 638,3214 676,3214 715,3213 753,3213 791,3213 830,3213 868,3212 907,3212"/>
                <TextEquiv>
                    <Unicode>Eliden, nur auf das Notwendige bedachten</Unicode>
                </TextEquiv>
            </TextLine>
            <TextLine id="r1l112" custom="readingOrder {index:111;}">
                <Coords points="913,3257 2078,3258 2078,3210 913,3212"/>
                <Baseline points="929,3251 985,3250 1042,3249 1098,3248 1155,3248 1212,3247 1268,3247 1325,3247 1382,3247 1438,3247 1495,3247 1552,3247 1608,3247 1665,3247 1722,3247 1778,3247 1835,3247 1892,3248 1948,3248 2005,3247 2062,3247"/>
                <TextEquiv>
                    <Unicode>ließ, um ein damals großes Leben mit allen Träumen der Macht</Unicode>
                </TextEquiv>
            </TextLine>
            <TextLine id="r1l113" custom="readingOrder {index:112;}">
                <Coords points="2091,3253 3198,3264 3258,3249 3258,3213 2091,3214"/>
                <Baseline points="2105,3249 2161,3249 2218,3249 2275,3248 2332,3248 2389,3248 2446,3249 2503,3249 2560,3249 2617,3249 2674,3250 2730,3250 2787,3250 2844,3250 2901,3250 2958,3251 3015,3250 3072,3250 3129,3250 3186,3250 3243,3249"/>
                <TextEquiv>
                    <Unicode>nisvolles, irreführendes Spiel getrieben wird. Obgleich die echteste</Unicode>
                </TextEquiv>
            </TextLine>
            <TextLine id="r1l114" custom="readingOrder {index:113;}">
                <Coords points="149,3256 197,3274 923,3259 922,3211 283,3231 253,3204 149,3233"/>
                <Baseline points="164,3256 201,3256 238,3256 275,3256 312,3256 350,3256 387,3256 424,3256 461,3255 498,3255 536,3254 573,3253 610,3253 647,3252 684,3252 722,3251 759,3250 796,3250 833,3249 870,3249 908,3248"/>
                <TextEquiv>
                    <Unicode>macht, entbehren seine Stücke schon deshalb</Unicode>
                </TextEquiv>
            </TextLine>
            <TextLine id="r1l115" custom="readingOrder {index:114;}">
                <Coords points="915,3296 1739,3308 1870,3275 1987,3307 2070,3292 2070,3253 914,3260"/>
                <Baseline points="928,3292 984,3291 1040,3290 1097,3289 1153,3289 1210,3289 1266,3288 1322,3288 1379,3288 1435,3288 1492,3288 1548,3287 1604,3287 1661,3287 1717,3287 1774,3287 1830,3287 1886,3287 1943,3287 1999,3286 2056,3286"/>
                <TextEquiv>
                    <Unicode>und Freiheit für sich allein zu retten. Aber man denkt nur</Unicode>
                </TextEquiv>
            </TextLine>
            <TextLine id="r1l116" custom="readingOrder {index:115;}">
                <Coords points="2083,3288 3251,3295 3251,3250 2083,3252"/>
                <Baseline points="2097,3289 2153,3288 2210,3288 2267,3287 2324,3287 2381,3287 2438,3288 2495,3288 2552,3289 2609,3289 2666,3289 2722,3290 2779,3290 2836,3291 2893,3291 2950,3291 3007,3291 3064,3291 3121,3290 3178,3289 3235,3288"/>
                <TextEquiv>
                    <Unicode>Schnitzlersche Figur, hat er einen ebenfalls überflüssigen artistischen</Unicode>
                </TextEquiv>
            </TextLine>
            <TextLine id="r1l117" custom="readingOrder {index:116;}">
                <Coords points="134,3308 917,3306 916,3249 134,3263"/>
                <Baseline points="149,3296 186,3295 224,3295 261,3294 299,3294 337,3293 374,3293 412,3293 449,3293 487,3293 525,3293 562,3293 600,3293 637,3292 675,3292 713,3292 750,3292 788,3291 825,3291 863,3290 901,3289"/>
                <TextEquiv>
                    <Unicode>ie, weil die Leute in ihnen zu wissend sind,</Unicode>
                </TextEquiv>
            </TextLine>
            <TextLine id="r1l118" custom="readingOrder {index:117;}">
                <Coords points="1970,3323 1994,3321 2011,3334 2032,3332 2062,3336 2068,3342 2086,3340 2088,3292 2067,3288 2058,3294 2046,3287 1998,3289 1987,3276 1972,3276"/>
                <Baseline points="1984,3325 2012,3323 2041,3323 2070,3329"/>
                <TextEquiv>
                    <Unicode>und</Unicode>
                </TextEquiv>
            </TextLine>
            <TextLine id="r1l119" custom="readingOrder {index:118;}">
                <Coords points="924,3335 1984,3327 1984,3300 1867,3274 1823,3301 924,3290"/>
                <Baseline points="940,3323 991,3324 1042,3325 1094,3326 1145,3327 1197,3327 1248,3327 1299,3327 1351,3327 1402,3327 1454,3327 1505,3327 1556,3326 1608,3326 1659,3326 1711,3325 1762,3325 1813,3325 1865,3324 1916,3324 1968,3324"/>
                <TextEquiv>
                    <Unicode>so vor dem Entschlusse, man tut es nicht,</Unicode>
                </TextEquiv>
            </TextLine>
            <TextLine id="r1l120" custom="readingOrder {index:119;}">
                <Coords points="2087,3337 3260,3330 3260,3291 3150,3285 2087,3289"/>
                <Baseline points="2103,3330 2160,3328 2217,3328 2274,3327 2331,3327 2388,3327 2445,3327 2503,3328 2560,3328 2617,3329 2674,3330 2731,3331 2788,3331 2845,3331 2903,3332 2960,3331 3017,3331 3074,3330 3131,3329 3188,3327 3246,3325"/>
                <TextEquiv>
                    <Unicode>Zug von D'Anunzio empfangen, und wenn er von den Aus¬</Unicode>
                </TextEquiv>
            </TextLine>
            <TextLine id="r1l121" custom="readingOrder {index:120;}">
                <Coords points="147,3332 433,3348 684,3326 756,3346 908,3331 908,3295 146,3293"/>
                <Baseline points="162,3335 198,3333 235,3332 271,3332 308,3331 345,3331 381,3331 418,3331 454,3332 491,3332 528,3332 564,3332 601,3333 637,3333 674,3332 711,3332 747,3331 784,3330 820,3329 857,3326 894,3325"/>
                <TextEquiv>
                    <Unicode>oder leiden können, was sie nicht in Ge¬</Unicode>
                </TextEquiv>
            </TextLine>
            <TextLine id="r1l122" custom="readingOrder {index:121;}">
                <Coords points="920,3374 1992,3379 2070,3370 2070,3328 920,3335"/>
                <Baseline points="934,3363 990,3364 1046,3365 1102,3365 1158,3365 1214,3366 1270,3366 1326,3365 1382,3365 1438,3365 1494,3365 1550,3365 1606,3364 1662,3364 1718,3364 1774,3364 1830,3364 1886,3364 1942,3364 1998,3364 2055,3365"/>
                <TextEquiv>
                    <Unicode>wenn man es getan hat, verzichtet man durch Schweigen</Unicode>
                </TextEquiv>
            </TextLine>
            <TextLine id="r1l123" custom="readingOrder {index:122;}">
                <Coords points="2082,3382 3151,3383 3258,3374 3258,3326 2082,3334"/>
                <Baseline points="2097,3369 2154,3368 2211,3367 2268,3367 2326,3367 2383,3367 2440,3367 2497,3367 2555,3368 2612,3368 2669,3369 2726,3369 2784,3370 2841,3370 2898,3370 2955,3370 3013,3369 3070,3369 3127,3368 3184,3366 3242,3364"/>
                <TextEquiv>
                    <Unicode>grabungen in Baktrien schwärmt, so tönt es wie ein Echo aus der</Unicode>
                </TextEquiv>
            </TextLine>
            <TextLine id="r1l124" custom="readingOrder {index:123;}">
                <Coords points="139,3383 820,3385 915,3372 915,3327 139,3338"/>
                <Baseline points="155,3371 192,3371 229,3372 266,3372 304,3372 341,3372 378,3373 416,3373 453,3373 490,3373 528,3373 565,3373 602,3373 639,3372 677,3372 714,3371 751,3370 789,3369 826,3368 863,3367 901,3365"/>
                <TextEquiv>
                    <Unicode>enommen haben. Sie sind alle, auch die</Unicode>
                </TextEquiv>
            </TextLine>
            <TextLine id="r1l125" custom="readingOrder {index:124;}">
                <Coords points="919,3408 2030,3412 2071,3408 2071,3367 919,3372"/>
                <Baseline points="934,3404 990,3404 1046,3404 1102,3404 1158,3404 1214,3404 1270,3404 1326,3404 1382,3403 1438,3403 1495,3403 1551,3403 1607,3403 1663,3403 1719,3403 1775,3402 1831,3402 1887,3402 1943,3402 1999,3402 2056,3402"/>
                <TextEquiv>
                    <Unicode>auf den Sohn, der einem immerhin nach dem Ge¬</Unicode>
                </TextEquiv>
            </TextLine>
            <TextLine id="r1l126" custom="readingOrder {index:125;}">
                <Coords points="2074,3401 3257,3402 3227,3369 2074,3356"/>
                <Baseline points="2089,3406 2146,3405 2204,3405 2261,3404 2319,3404 2377,3404 2434,3405 2492,3405 2549,3406 2607,3406 2665,3407 2722,3408 2780,3408 2837,3408 2895,3409 2953,3409 3010,3409 3068,3408 3125,3408 3183,3407 3241,3405"/>
                <TextEquiv>
                    <Unicode>Toten Stadt“. Am klarsten ist jedenfalls der Schluß, und die</Unicode>
                </TextEquiv>
            </TextLine>
            <TextLine id="r1l127" custom="readingOrder {index:126;}">
                <Coords points="141,3415 909,3412 909,3373 849,3368 141,3370"/>
                <Baseline points="157,3408 193,3410 230,3411 267,3411 304,3412 341,3412 378,3412 414,3412 451,3412 488,3412 525,3411 562,3411 599,3410 636,3410 672,3409 709,3408 746,3407 783,3407 820,3406 857,3405 894,3405"/>
                <TextEquiv>
                    <Unicode>Entnis so gesättigt, daß sie uns auch über</Unicode>
                </TextEquiv>
            </TextLine>
            <TextLine id="r1l128" custom="readingOrder {index:127;}">
                <Coords points="920,3449 1995,3454 2079,3445 2079,3403 920,3410"/>
                <Baseline points="935,3445 991,3444 1047,3444 1104,3443 1160,3443 1217,3443 1273,3443 1330,3442 1386,3442 1443,3442 1499,3442 1555,3442 1612,3442 1668,3442 1725,3442 1781,3441 1838,3441 1894,3441 1951,3440 2007,3440 2064,3439"/>
                <TextEquiv>
                    <Unicode>ständnis an die Kehle springen könnte. Aber die Schnitzlerschen</Unicode>
                </TextEquiv>
            </TextLine>
            <TextLine id="r1l129" custom="readingOrder {index:128;}">
                <Coords points="2075,3439 3249,3461 3228,3404 2075,3400"/>
                <Baseline points="2091,3443 2148,3443 2205,3443 2262,3443 2319,3443 2376,3443 2433,3444 2490,3444 2547,3445 2604,3445 2662,3446 2719,3446 2776,3446 2833,3447 2890,3447 2947,3447 3004,3447 3061,3446 3118,3446 3175,3445 3233,3444"/>
                <TextEquiv>
                    <Unicode>Aufklärung über Willen und Gesinnung des Schauspiels kommt</Unicode>
                </TextEquiv>
            </TextLine>
            <TextLine id="r1l130" custom="readingOrder {index:129;}">
                <Coords points="134,3466 695,3442 833,3464 916,3452 916,3407 133,3404"/>
                <Baseline points="149,3447 186,3448 224,3449 261,3450 299,3451 336,3451 374,3451 411,3451 449,3451 486,3451 524,3450 562,3450 599,3449 637,3449 674,3448 712,3447 749,3447 787,3446 824,3445 862,3445 900,3444"/>
                <TextEquiv>
                    <Unicode>ihren geistreichen Bemerkungen für eigene</Unicode>
                </TextEquiv>
            </TextLine>
            <TextLine id="r1l131" custom="readingOrder {index:130;}">
                <Coords points="915,3490 2077,3487 2077,3445 1996,3440 915,3442"/>
                <Baseline points="929,3482 985,3482 1042,3482 1098,3482 1155,3482 1212,3482 1268,3481 1325,3481 1381,3481 1438,3481 1495,3481 1551,3480 1608,3480 1664,3480 1721,3479 1778,3479 1834,3479 1891,3478 1947,3478 2004,3477 2061,3477"/>
                <TextEquiv>
                    <Unicode>Figuren sind geistig zu fein destilliert, um sich ein elementares</Unicode>
                </TextEquiv>
            </TextLine>
            <TextLine id="r1l132" custom="readingOrder {index:131;}">
                <Coords points="2083,3490 3244,3492 3244,3450 3098,3438 2083,3442"/>
                <Baseline points="2097,3483 2153,3483 2210,3482 2266,3482 2323,3482 2379,3482 2436,3482 2492,3482 2549,3482 2605,3482 2662,3483 2719,3483 2775,3483 2832,3484 2888,3484 2945,3484 3001,3484 3058,3484 3114,3484 3171,3484 3228,3484"/>
                <TextEquiv>
                    <Unicode>gerade noch im letzten Augenblick, um den Zuschauer zu einem be¬</Unicode>
                </TextEquiv>
            </TextLine>
            <TextLine id="r1l133" custom="readingOrder {index:132;}">
                <Coords points="140,3493 588,3484 722,3507 752,3483 812,3503 833,3482 916,3488 916,3452 886,3446 140,3445"/>
                <Baseline points="155,3487 192,3488 229,3489 266,3489 304,3489 341,3489 378,3489 415,3489 453,3489 490,3488 527,3488 564,3487 602,3487 639,3486 676,3486 713,3485 751,3485 788,3485 825,3485 862,3485 900,3485"/>
                <TextEquiv>
                    <Unicode>n, daß sie aber während desselben uns fast</Unicode>
                </TextEquiv>
            </TextLine>
            <TextLine id="r1l134" custom="readingOrder {index:133;}">
                <Coords points="922,3531 1881,3534 2048,3525 2081,3480 922,3483"/>
                <Baseline points="937,3519 993,3519 1049,3519 1106,3519 1162,3519 1219,3519 1275,3519 1332,3519 1388,3519 1445,3519 1501,3519 1557,3519 1614,3519 1670,3519 1727,3519 1783,3518 1840,3518 1896,3517 1953,3517 2009,3516 2066,3515"/>
                <TextEquiv>
                    <Unicode>Aufbrausen zu gestatten. Logisch ist es jedenfalls und in Über¬</Unicode>
                </TextEquiv>
            </TextLine>
            <TextLine id="r1l135" custom="readingOrder {index:134;}">
                <Coords points="2077,3520 3256,3538 3256,3481 2077,3478"/>
                <Baseline points="2091,3518 2148,3519 2205,3520 2263,3520 2320,3520 2378,3520 2435,3520 2493,3520 2550,3520 2608,3520 2665,3520 2722,3519 2780,3519 2837,3519 2895,3519 2952,3519 3010,3519 3067,3519 3125,3519 3182,3520 3240,3521"/>
                <TextEquiv>
                    <Unicode>stimmten menschlichen Verhältnis gegenüber dem Ganzen zu bringen.</Unicode>
                </TextEquiv>
            </TextLine>
            <TextLine id="r1l136" custom="readingOrder {index:135;}">
                <Coords points="223,3549 313,3528 358,3549 405,3522 603,3541 716,3520 913,3528 913,3486 223,3496"/>
                <Baseline points="238,3528 272,3527 307,3526 342,3526 376,3526 411,3526 446,3526 480,3526 515,3526 550,3526 584,3527 619,3527 654,3526 688,3526 723,3526 758,3525 792,3525 827,3523 862,3522 897,3520"/>
                <TextEquiv>
                    <Unicode>schnellste Verständigung auf dem</Unicode>
                </TextEquiv>
            </TextLine>
            <TextLine id="r1l137" custom="readingOrder {index:136;}">
                <Coords points="918,3564 1984,3571 2080,3564 2080,3516 918,3523"/>
                <Baseline points="934,3560 990,3560 1047,3560 1103,3560 1160,3560 1216,3560 1273,3559 1329,3558 1386,3558 1442,3557 1499,3556 1555,3556 1612,3555 1668,3554 1725,3554 1781,3554 1838,3553 1894,3553 1951,3553 2007,3554 2064,3554"/>
                <TextEquiv>
                    <Unicode>einstimmung mit einer durch keine Theaterkonvention gefälschten</Unicode>
                </TextEquiv>
            </TextLine>
            <TextLine id="r1l138" custom="readingOrder {index:137;}">
                <Coords points="2074,3558 3030,3580 3257,3563 3257,3512 2074,3520"/>
                <Baseline points="2090,3555 2147,3556 2205,3556 2262,3556 2320,3557 2377,3557 2435,3557 2492,3557 2550,3558 2607,3558 2665,3558 2723,3558 2780,3558 2838,3559 2895,3559 2953,3559 3010,3559 3068,3559 3125,3559 3183,3560 3241,3560"/>
                <TextEquiv>
                    <Unicode>Die Egoisten haben alle verloren, nur der am wenigsten glänzende</Unicode>
                </TextEquiv>
            </TextLine>
            <TextLine id="r1l139" custom="readingOrder {index:138;}">
                <Coords points="698,3567 725,3561 740,3570 755,3564 916,3567 916,3531 833,3528 803,3519 791,3531 785,3525 755,3531 698,3516"/>
                <Baseline points="713,3563 739,3560 766,3559 793,3559 820,3561 847,3562 874,3561 901,3559"/>
                <TextEquiv>
                    <Unicode>brüderlich</Unicode>
                </TextEquiv>
            </TextLine>
            <TextLine id="r1l140" custom="readingOrder {index:139;}">
                <Coords points="131,3577 274,3564 334,3578 382,3557 415,3581 552,3583 594,3556 692,3576 713,3570 713,3513 411,3518 364,3542 253,3540 235,3522 131,3535"/>
                <Baseline points="147,3564 174,3565 202,3565 229,3565 257,3565 285,3565 312,3565 340,3565 367,3565 395,3565 423,3564 450,3564 478,3564 505,3563 533,3563 561,3563 588,3563 616,3562 643,3562 671,3562 699,3562"/>
                <TextEquiv>
                    <Unicode>hls rein menschlich und</Unicode>
                </TextEquiv>
            </TextLine>
            <TextLine id="r1l141" custom="readingOrder {index:140;}">
                <Coords points="911,3598 2070,3603 2070,3562 1911,3553 911,3557"/>
                <Baseline points="926,3597 982,3597 1038,3596 1095,3596 1151,3596 1208,3596 1264,3595 1320,3595 1377,3595 1433,3594 1490,3594 1546,3594 1602,3594 1659,3593 1715,3593 1772,3593 1828,3593 1884,3593 1941,3594 1997,3594 2054,3594"/>
                <TextEquiv>
                    <Unicode>Erfahrung, daß die sogenannte Stimme der Natur sich hier</Unicode>
                </TextEquiv>
            </TextLine>
            <TextLine id="r1l142" custom="readingOrder {index:141;}">
                <Coords points="2081,3598 3243,3611 3243,3566 2082,3553"/>
                <Baseline points="2097,3592 2153,3593 2210,3594 2266,3595 2323,3596 2380,3596 2436,3597 2493,3597 2549,3598 2606,3598 2663,3599 2719,3599 2776,3600 2832,3600 2889,3600 2946,3601 3002,3601 3059,3601 3115,3602 3172,3602 3229,3602"/>
                <TextEquiv>
                    <Unicode>Akademiedirektor hat gewonnen, indem er den Sohn mit seiner</Unicode>
                </TextEquiv>
            </TextLine>
            <TextLine id="r1l143" custom="readingOrder {index:142;}">
                <Coords points="228,3600 924,3607 923,3559 228,3564"/>
                <Baseline points="243,3601 276,3601 309,3602 342,3602 376,3602 409,3602 442,3602 475,3602 509,3602 542,3601 575,3601 608,3601 642,3600 675,3600 708,3600 741,3599 775,3599 808,3598 841,3598 874,3598 908,3598"/>
                <TextEquiv>
                    <Unicode>Ob sie vom Leben gedemütigt</Unicode>
                </TextEquiv>
            </TextLine>
            <TextLine id="r1l144" custom="readingOrder {index:143;}">
                <Coords points="152,3625 173,3625 188,3610 206,3610 215,3601 236,3604 236,3569 194,3575 185,3566 176,3575 170,3572 152,3572"/>
                <Baseline points="166,3604 194,3603 222,3604"/>
                <TextEquiv>
                    <Unicode>en.</Unicode>
                </TextEquiv>
            </TextLine>
            <TextLine id="r1l145" custom="readingOrder {index:144;}">
                <Coords points="155,3640 2081,3643 2093,3592 155,3610"/>
                <Baseline points="170,3640 265,3639 360,3639 456,3639 551,3638 647,3638 742,3637 838,3637 933,3636 1029,3635 1124,3635 1219,3634 1315,3634 1410,3634 1506,3634 1601,3634 1697,3634 1792,3634 1888,3634 1983,3635 2079,3635"/>
                <TextEquiv>
                    <Unicode> die Richter in eigener Sache, selbst aus= durchaus nicht zum Worte meldet. Felix ist gewohnt, den guten</Unicode>
                </TextEquiv>
            </TextLine>
            <TextLine id="r1l146" custom="readingOrder {index:145;}">
                <Coords points="2079,3637 3259,3658 3259,3590 2079,3592"/>
                <Baseline points="2093,3632 2150,3633 2208,3634 2265,3635 2323,3635 2381,3635 2438,3635 2496,3635 2553,3635 2611,3635 2669,3635 2726,3635 2784,3635 2841,3635 2899,3636 2957,3636 3014,3637 3072,3638 3129,3639 3187,3641 3245,3644"/>
                <TextEquiv>
                    <Unicode>einfachen Güte an sich bindet, während die anderen den einsamen</Unicode>
                </TextEquiv>
            </TextLine>
            <TextLine id="r1l147" custom="readingOrder {index:146;}">
                <Coords points="172,3691 2463,3699 2588,3642 172,3646"/>
                <Baseline points="186,3681 305,3680 424,3679 544,3678 663,3677 783,3676 902,3675 1021,3675 1141,3674 1260,3674 1380,3674 1499,3673 1618,3673 1738,3673 1857,3673 1977,3673 2096,3673 2215,3673 2335,3673 2454,3673 2574,3674"/>
                <TextEquiv>
                    <Unicode>Schicksalsschläge mit den scharfen Waffen Akademiedirektor für seinen Vater zu halten, der in Selbstlosigkeit] Weg gehen müssen. A. E.</Unicode>
                </TextEquiv>
            </TextLine>
            <TextEquiv>
                <Unicode>1Sa
box 23/1
18. Der einsnne Nen
Max Goldschmidt
 Bureau für
Zeitungsausschnitte
hit direktem Nachrichtendienst durch
eisene Korrespondenten.
Telephon: III, 3051.
.24.

Ausschnitt aus
ische Zeitung, Bertia
45 FER 1903
ihres Geistes im voraus pariert, weshalb wir niemals ihr Leiden seine Pflichten erfüllt hat, und die Wahrheit die ihm eben ent¬
Feuilleton.
deckt wird, hat für ihn gar keine Kraft, außer daß Fichtner, den
als Hauptsache nehmen, sondern das, was sie selbst darüber
er verehrte und liebte, ihm ganz fremd geworden ist. Das Andenken
Deutsches Theater.
Treffendes zu sagen haben. Je einfacher Schnitzlers Erfindungen
der Mutter, die von dem zgaler so schmählich verlassen, bei ihrem
sind, wie in der „Liebelei“, desto mehr vergißt man den Mangel
Fuar. Zum 1. Male: „Der einsame Weg“.
Bräntigam und späterem Manne mit einer Lüge aushielt, bleibt ihm
einer architektonischen Fähigkeit über den Verführungskünsten seiner
n von Arthur Schnitzler. (Buchausgabe,
teuer wie zuvor, was immerhin, da die Instinkte sich nicht plötzlich
Grazie und Liebenswürdigkeit. Wenn aber wie hier von zeitlich
umkehren können, möglich, aber nicht wahrscheinlich ist, nur daß der
weit zurückgehenden Voraussetzungen ausgegangen wird, die sich
n Vorbericht von einer Aufnahme gesprochen
junge Mann seinen Instinkten nicht so klar und kritisch gegenüber¬
zur Klarheit entschleiern sollen, so sehen wir den Dramatiker in
iem Erfolge und zum Teil einem Mißerfolge
einiger Verlegenheit, der die Masse des konkreten Stoffes nicht
stehen dürfte. Und auch in dem andern Fall bleibt die Stimme
mit andenten wollen, daß sich das Schicksal
ordentlich klein bekommen kann, der, um nicht mit theatralischen Coups
der Natur ganz stumm. Der alte Wegrath gewinnt den Sohn,
ückes nicht gleich in der Première entschieden
darauf los zu hauen, mit Zögerungen und Wiederholungen sehr
der ihm nicht gehört, dafür verliert er die leibliche Tochter, zu
eine Eigenart so äußerliche Wertbestimmungen
ungleiche Brocken abgitt wodurch manchmal zu viel und manch¬
deren Wesen er nie einen Schlüssel finden konnte. Allerdings ist
enden kann. Man muß mit ihm längeren
mal zu wenig erklärt wird.
es so dunkel, daß sie uns ebensowenig begreifbar wird. Sie hat
, um mit seiner vom Leben selbst genährten
ein Verhältnis mit Herrn von Sala, das fast an Incest streift, da
An dieser Unentschlossenheit leidet namentlich der erste Akt, und
klichkeit vertraut zu werden, ein Resultat,
sie mit seiner verstorbenen Tochter befreundet war, — aber warum
Herr Schnitzler mochte sich hier besonders unsicher fühlen weil sein
r den Dichter spricht wie gegen den
821
sie sich tötet, bleibt uns ziemlich unerforschlich, und der Dichter, der
leichter Kreuzer im Fahrwasser des gewaltigen Orlogschiffes Heurik
ben die starke Hand fehlt, um die
im Fall Fichtner und Sohn viel zu viel erklärt, hat sich hier um
Ibsen schwimmt. Aus verschleierten Andeutungen erfahren wir,
8 Dramas in geläufiger Bewegung zu
eine so dicht verschleiernde Diskretion bemüht daß der Selbstmord
daß das Leben der kranken Frau Wegrath, das bald beendet sein
friftsteller, bei denen die Gabe feiner psycho¬
am Ende des vierten Aktes fast komisch wirkt, weil wir durchaus
wird, ein Geheimnis birgt, zu dem der etwas absichtlich und auf¬
egung die der naiven Schöpferkraft über¬
fällig genannte Maler Julian Fichtner in Beziehung stehen muß.
Schnitzler am wohlsten, und wir mit ihm,
Dagegen wird das wirkliche Verhältnis ihrer Tochter Johanna zu
wäste Prsagen woldi. (ier v. Sald, des aunders wirdige
bei Seite schieben kann und seine Menschen
dem alternden Lebemann Stephan von Sala ganz flüchtig ge¬
des Hauses, der nach dieser Katastrophe gleich zur Pistole
als genaue Selbstbeobachter ihre eigenen
streift, so daß es vorläufig im Dunkeln bleibt. Frau Wegrath
wird, ist der beste Sprecher im Stück, ein alternder Lel
nten Fäden immer feiner und anregender
wird ihrem Manne, dem braven Akademiedirektor entrissen, und
der von ähnlichen Bauernfeldschen Figuren die guten 2
n. In solchen Augenblicken, die auch halbe
ihr Sohn,, Lentnant Felix erfährt von Fichtner, daß er geerbt, aber an Geist noch zugenommen hat. Er besond
t allerdings der Gang der dramatischen
ihm sein Dafein verdankt, allerdings in einer halben Er= Fichtner der verzweifelt um die Liebe des Sohnes kämpft
ewinnen unsere Ohren die Freiheit, seinem
der noch eine halbe und dann eine ganze
hin, daß Leute wie sie keinen Anspruch auf irgend eine m
klärung,
konischen Härten und weichen Empfinde¬
nachfolgt. Diese Auseinandersetzungen sind recht peinlich liche Anhänglichkeit haben. Sie haben ihre Schätze für sich ge¬
alog zu folgen, mit dem er heute in
und man sollte selbst einem klugen Schnitzlerschen Leutnant nicht
braucht, nie verzichtet, nie geopfert und mögen „unsere Torheiten,
wie allein steht und mit dem er sich
zumnten, daß er die Geschichte der Mutter, die damals sogar
unsere Niederträchtigkeiten verborgen bleiben — uns selber nie.
ter von verbindlichsten Umgangsformen
Braut war mit einer meuschlichen Unparteilichkeit anhören kann,
In unser tiefsten Seele wissen wir immer, worau wir sind“ Dieser
land oder vielmehr Österreich nur einmal in
als ob es sich um ein fremdes Wesen handelte. So alt kann
erfahrene Genußmensch hat den hellsten Verstand für die Lebensdinge,
dten Bauernfeld hervorgebracht hat. Von
Jugend nicht sein und das Alter auch nicht. Sehr fein ist die
nur schade, daß seine Figur von hinten verdunkelt wird durch eine
keiten abgesehen, unter denen sich namentlich
Erklärung des Malers, der die Braut des Freundes nur im Stich
Herzkrankheit, mit der von ihm wie von den anderen ein geheim¬
Eliden, nur auf das Notwendige bedachten
ließ, um ein damals großes Leben mit allen Träumen der Macht
nisvolles, irreführendes Spiel getrieben wird. Obgleich die echteste
macht, entbehren seine Stücke schon deshalb
und Freiheit für sich allein zu retten. Aber man denkt nur
Schnitzlersche Figur, hat er einen ebenfalls überflüssigen artistischen
ie, weil die Leute in ihnen zu wissend sind,
und
so vor dem Entschlusse, man tut es nicht,
Zug von D'Anunzio empfangen, und wenn er von den Aus¬
oder leiden können, was sie nicht in Ge¬
wenn man es getan hat, verzichtet man durch Schweigen
grabungen in Baktrien schwärmt, so tönt es wie ein Echo aus der
enommen haben. Sie sind alle, auch die
auf den Sohn, der einem immerhin nach dem Ge¬
Toten Stadt“. Am klarsten ist jedenfalls der Schluß, und die
Entnis so gesättigt, daß sie uns auch über
ständnis an die Kehle springen könnte. Aber die Schnitzlerschen
Aufklärung über Willen und Gesinnung des Schauspiels kommt
ihren geistreichen Bemerkungen für eigene
Figuren sind geistig zu fein destilliert, um sich ein elementares
gerade noch im letzten Augenblick, um den Zuschauer zu einem be¬
n, daß sie aber während desselben uns fast
Aufbrausen zu gestatten. Logisch ist es jedenfalls und in Über¬
stimmten menschlichen Verhältnis gegenüber dem Ganzen zu bringen.
schnellste Verständigung auf dem
einstimmung mit einer durch keine Theaterkonvention gefälschten
Die Egoisten haben alle verloren, nur der am wenigsten glänzende
brüderlich
hls rein menschlich und
Erfahrung, daß die sogenannte Stimme der Natur sich hier
Akademiedirektor hat gewonnen, indem er den Sohn mit seiner
Ob sie vom Leben gedemütigt
en.
 die Richter in eigener Sache, selbst aus= durchaus nicht zum Worte meldet. Felix ist gewohnt, den guten
einfachen Güte an sich bindet, während die anderen den einsamen
Schicksalsschläge mit den scharfen Waffen Akademiedirektor für seinen Vater zu halten, der in Selbstlosigkeit] Weg gehen müssen. A. E.</Unicode>
            </TextEquiv>
        </TextRegion>
    </Page>
</PcGts>
