3436 4224
1399 153 1849 253 box 23/4
222 170 1246 278 18. Der einsane Nex
762 1377 3112 1523 vorstellen, wie er dem schnöden Egoismus als einem das aber die Ueberlegenheit dieses Mannes, der seinen be¬
433 1428 691 1513 — 01e
1929 1430 3119 1549 wußten, wohldurchdachten, glattfrisierten Egoismus zur
762 1490 1932 1578 Leben, die Gesellschaft zerstörenden Element mit der Faust
1937 1485 3121 1598 aristokratischen Lebensphilosophie erhebt, kommt doch nicht
138 1546 699 1614 keit in sich hinein, aber
772 1540 1933 1625 droht, wenigstens mit dem Zeigefinger. Das würde ihn
1940 1533 3120 1643 voll zum Ausdruck. Es fehlt diesmal ein Letztes, etwas
155 1588 709 1663 hvon hinnen und stürzt
770 1602 1940 1675 freilich nicht hindern, die Welt nach wie vor durch gar
1927 1590 3119 1668 mehr Autorität, ein Zuschuß von Persönlichkeit, die Rolle
149 1641 694 1709 errate, wer kann. Wahr¬
757 1626 1932 1712 trübe Scheiben anzuschauen. Wenn er sich entschließen
1942 1628 3130 1728 liegt dem Künstler schlecht, und nur seine Schlußszene
151 1677 706 1764 e Mädchen als hochgradig
766 1680 1939 1779 möchte, sein Wort auch einmal im Dienste eines hellen,
1945 1702 3119 1788 bringt er ganz vortrefflich. Um die unverständliche Johanna
771 1731 1943 1813 mutigen, das Leben tapfer bejahenden Optimismus er¬
129 1741 692 1799 ich nicht leiden sehen, fühlt
1948 1731 3115 1818 mußte Fräulein Wohlgemuth sich bemühen. So fein
151 1779 691 1854 schen, die auf ihr Mitleid
790 1771 1937 1859 klingen zu lassen, welch eine Freude für seine Verehrer!
1948 1775 3118 1866 und zart sie sich zu geben weiß, ihre Kunst ist uns doch zu
140 1831 706 1901 nahe ihre kranke Mutter.
758 1821 1942 1910 Knapp vor seinem Selbstmord meint Sala: „Es scheint
1939 1818 3119 1923 gesund für dieses wunderliche Menschenkind. Das Rätsel
136 1873 688 1944 ikheit bedroht, sie weiß es,
767 1866 1943 1955 mir überhaupt, dß jetzt wieder ein besseres Geschlecht
1949 1861 3116 1980 zu lösen, wollte auch ihr nicht gelingen. Höchst erquicklich
141 1923 730 1990 kund ihres Selbstmordes,
770 1915 1946 2005 heranwächst — wen zer Geist und mehr Haltung.“ Es ist
1943 1921 3108 2028 dagegen Frau Bleibtreu als Irene Herms,
145 1974 725 2040 Mann, den sie liebt, nicht n
778 1963 1944 2048 das einzige tröstliche Wort, das aus diesem Trauerhain
1950 1953 3135 2051 Schauspiel. ein a. D. Fast eine Dialektrolle, von Wiener
139 2018 711 2087 im Vorgefühl des drohen¬
772 2022 1951 2099 uns entgegentönt. D##s Stück wurde vor etwa zehn Jahren
1948 2015 3127 2098 Mundart durchhaucht. Eine durchaus köstliche Figur, in
139 2052 751 2125 zurückzubleiben. Uns fehlt
768 2057 1946 2153 geschrieben, und se# er dürfte dieses bessere Geschlecht
1947 2068 3130 2153 ihrer Lustigkeit voll milder Poesie, manches an ihr wohl
151 2105 731 2173 iso verschrobenen Mädchen=#.
784 2114 1954 2195 schon groß geworde ein, woraus sich möglicherweise
1963 2099 3151 2193 auch frisch aus der Wirklichkeit hergeholt. Man kann also
155 2155 744 2227 im Leben bedauernswert, #
1211 2149 1952 2246 #ie der Wanderer viel weniger auf
1965 2162 3133 2241 diesmal unsere Tragödin in einer heiteren Rolle sehen.
785 2175 1224 2245 folgern ließe, daß 1.
149 2206 736 2285 Pas ins Sanatorium ge¬#
1223 2198 1953 2277 zutreffen sind als damals vor zehn
1966 2184 3161 2283 Es handelt sich freilich um eine tränenfeuchte Heiterkeit,
781 2224 1220 2302 dem einsamen Wege
1229 2249 1805 2342 nerhin eine Errungenschaft.
1962 2250 3127 2352 die, auf den Gesamtton gestimmt, weinend lacht und
790 2265 1215 2357 Jahren. Das wäre
139 2274 760 2366 ##ur dies eine, daß auch
1964 2294 3139 2391 lachend weint, und Frau Bleibtreu ist ein herzgewinnen¬
1286 2305 1958 2411 diesem, mit seinen abgetönten
150 2342 696 2416 leicht, die einsiedlerisch im
864 2339 1253 2426 Ein Werk g.
1978 2331 3157 2437 der, sagen wie's geradezu, unvergleichlicher Dolmetsch
799 2375 1957 2460 Farben, seiner dur fünf Akte hinzitternden Moll¬
136 2382 767 2462 Menge einsam ihres ein¬
1975 2402 3129 2494 für diesen zwischen Dur und Moll sich wiegen¬
793 2416 1972 2514 stimmung, fordert nahrlich von der Darstellung, daß sie
138 2440 769 2505 ein gefährlicher Weg.. Er #
1960 2426 3141 2517 den Frohsinn. Man entschuldige, daß uns immer und
793 2469 1966 2553 diesem Grundton sich ibequeme. Also heraus mit allen
138 2484 747 2553 d Dunkel hinab, und bei
1963 2474 3141 2591 immer wieder musikalische Ausdrücke in die Feder
797 2519 1965 2611 Dämpfern, Lichtschirme und Löschhauben der Sprech¬
135 2528 733 2598 duldig der Tod mit aus¬
1969 2517 3145 2615 kommen. In diesen Schnitzler=Stücken summt und wispelt
790 2568 1965 2651 kunst! Die Berliner Gäste, die das Stück vor acht Jahren
147 2583 725 2650 Panderer zu empfangen.
1978 2585 3143 2673 eben so viel verschwiegene Musik zwischen den Zeilen,
143 2621 706 2702 chter ertränkt sich, Herr
793 2613 1971 2692 aufführten, waren durch unzählige Ibsen=Vorstellungen
1977 2630 3147 2734 daß man unwillkürlich ihre Zeichensprache von der ver¬
802 2665 1962 2752 für diese diskrete Dynamik bestens vorgeschult. Im Burg¬
156 2674 698 2733 le in der Hand seinen
1979 2684 3153 2771 wandten Kunst entlehnt. Es ist, als säße man im
159 2718 699 2786 und wir vermuten, auch
797 2715 1954 2807 theater, wo der große Raum die feineren Nuancen so
1983 2695 3179 2821 Konzert und dort oben spielte jemand die Mondschein=
152 2770 698 2828 nur ein langsamer Selbst¬
804 2753 1965 2856 gern verschluckt, ist diese Kunst des halblauten Kon¬
1980 2771 2782 2874 sonate oder ein Nachtstück von Chopin.
158 2818 694 2880 ix bleiben lebendig, alle
803 2802 1973 2895 versationstones weniger leicht zu üben. Es geht aber doch,
2066 2789 3177 2907 Möglich, daß das Publikum der heutigen ersten Vor¬
156 2862 705 2933 Weg. Kein heiteres Spiel,
795 2852 1976 2930 wenn die Aufgabe den richtigen Künstlern gestellt wird.
1978 2858 3163 2969 stellung einen ähnlichen Eindruck gewann. Es folgte dem
154 2909 703 2976 um Glück dränat sich ihm
807 2901 1965 2995 Die Herren Devrient (Julian), Paulsen (Wegrath),
1984 2911 3148 2992 Stücke mit anhaltender Aufmerksamkeit, obwohl die Spiel¬
154 2950 699 3033 seinen Schreckbildern auf,
808 2948 1975 3042 Gerasch (Felix), Herterich (Reumann), denen sich
1988 2948 3144 3057 zeit bei dem schleppenden Tempo über Gebühr sich ver¬
165 3011 699 3070 erzählen, und das Ganze
802 2994 1978 3078 Frau Haeverle ebenbürtig anschließt, tragen, man
1990 3000 3158 3096 längerte, und instrumentierte in seiner Weise die Akt¬
141 3043 704 3122 hnen Halbdunkel, daß die
801 3035 1989 3117 möchte sagen, gute Kammermusik vor, alles con sordini
1981 3040 3166 3140 schlüsse mit Applaus und zahlreichen Hervorrufen. Kein
149 3098 701 3167 n und statt Grauen und
813 3085 1992 3165 gespielt. Wird manchmal ein stärkeres Licht aufgesetzt, desto
1975 3090 3169 3192 rauschender, aber ein guter, echt literarischer Gefolg eines
151 3143 694 3211 er Wehmut hervorgerufen
811 3134 1987 3211 besser. Primgeiger ist Herr Walden, sollte es sein.
818 3153 3133 3297 Sein Stephan v. Sala steht künstlerisch auf guten Füßen, heimischen Dichters und heimischer Theaterkunst. W.
153 3193 701 3260 such etwas wie eine mora¬
151 3227 731 3331 entziffern, den Dichter sich
