3436 4448
1384 230 1841 337 box 23/1
225 241 1238 350 18. Der einsane Neg
863 928 988 1036 474
1533 954 1880 1037 Bühne und Welt.
849 1036 2538 1136 Monnen und Kaplan als vermeintliche Wahnsinnige und Gotteslästerin gezüchtigt werden soll,
858 1114 2550 1176 war von wundervoller Kraft und alles Dirtnosenhafte, Effekthaschende abgestreift. Die übrigen
852 1161 2554 1209 Rollen traten wenig hervor, unangenehm berührte das von der Regie gar zu wenig abgetönte
856 1210 2550 1296 überlaute Klagen und Schreien der erschreckten Nonnen, und auch das Blumenwunder ließe sich
853 1261 1500 1328 noch weit wirkungsvoller gestalten.
960 1304 2545 1366 Aus dem Königl. Schauspielhause ist als erfreulicher Gewinn die Einstudierung von
843 1357 2554 1413 Molières „Schule der Ehemänner“ in Fuldas trefflicher Verdeutschung zu vermelden; sie gab
851 1412 2541 1468 vor allem Arthur Vollmer Gelegenheit in der Rolle des Sganarell eine neue feine Blüte seiner
849 1456 2550 1516 Charakterkomik zu entfalten. An Vollmer bewundert man immer wieder von neuem, wie er es
848 1504 2550 1574 versteht, solche eigenartige Känze nicht nur unserm Gelächter zu überliefern und unserm Spott.
857 1558 2551 1613 sondern eihnen ein Restchen Spmpathie oder wenigstens Mitleid für den Gefoppten zu bewahren.
846 1605 2547 1669 Eingeleitet wurde der Abend durch Ludwig Fuldas Einakter „Lästige Schönheit“, vermutlich eine
847 1657 2541 1717 Jugendarbeit, eine Art Huldigung für Fuldas greisen Lehrmeister Jordan, der denselben Grund¬
855 1703 2544 1757 gedanken in seinem graziösen Lustspiel „Durchs Ohr“ behandelt hat. Rudolf Presbers harmlos
839 1765 2557 1816 zierliches Mondscheinscenchen „Herbstzauber“, das den Sprung vom Ueberbrettl auf die Hofbühne
847 1804 1755 1879 ohne rechten Grund gewagt, machte den Beschluß.
2026 1803 2431 1874 Heinrich Stümcke.
969 2119 2406 2223 Von den Wiener Theatern 1903/04.
811 2285 2543 2363 un sieht man Rose Bernd, die Barfüßlerin, auch im rotgoldenen Prunkrahmen des
977 2333 2551 2401 Hofburgtheaters ihre armseligen Schollen mit der Harke bearbeiten. Nun soll man
845 2401 2541 2462 inmitten dieses festlichen Hauses, das für erlauchte Trauer und königliche Humore aus
851 2446 2539 2506 kostbarem Gestein und funkelnden Erzen geformt ist, erbaulichen Anteil nehmen an den niedlich¬
843 2498 2544 2553 derben Geschicken eines hilflosen Bauernmädchens und anderer Kreaturen, die mit ihren kleinen
846 2543 2549 2612 Horizonten dummdreisten Staat treiben und vergeblich die Empfindung wecken möchten, daß der
849 2589 2555 2638 Weltgeist oder Weltenschöpfer allen Ernstes über hinlänglich viel Zeit und Interesse verfügt, um
849 2643 2547 2709 hinter ihren Schicksälchen her zu sein und ihre Kummertränklein mit göttlicher Korrektionssucht und
847 2699 2557 2758 teuflischer Schadenfrende zu brauen. Im kleinsten Wassertropfen spiegelt sich die Gottheit — sagen
841 2738 2545 2796 die Pantheisten. kein Hühnchen vermag ein Tröpflein Wassers zu schlucken, ohne seine winzigen
843 2791 2560 2851 Augen zum Himmel aufzutun — sagen unsere pietißischen Lpriker sei: Gellerts Tagen in Fibeln
840 2839 2553 2907 und Anthologien, wobei sie gemeiniglich „tun“ auf „Buhn“ reimen. Dieser wunderschöne Glaube,
837 2886 2550 2959 der in den bedeutendsten Köpfen aller Zeiten und Zonen mit einer guten und ruhigen Flamme
849 2937 2537 3001 gebrannt hat, mag seine unbedingte Schönheit und Richtigkeit haben. Man kann ihn sogar be¬
851 2986 2549 3038 weisen. Aber dann wird man das Gefäß wählen müssen, das dem Inhalt entspricht und die
847 3031 2545 3098 Absichten des Demonstrators fördert. Wer einen Wassertropfen sichtbar machen will, fange ihn
845 3076 2550 3127 in einer Phiole oder in einem gläsernen Fingerhute auf und lasse den Apparat mit seinem
848 3132 2537 3196 glitzernden Objekt von einem putzigen Zwerg an den Leuten vorübertragen. Wer darlegen will,
850 3188 2537 3246 daß selbst im Tröpflein Gott wirksam ist, wird sich also zu einem Gedicht oder zu einem nach¬
842 3221 2551 3287 denklichen Märchen oder zu einer knappen Novelle oder zu einer theoretischen Abhandlung be¬
842 3279 2540 3347 quemen müssen. Wer aber dramatische Triebe fühlt und die gewaltige Resonanz der Bühne als
848 3327 2550 3386 schöpferisches Mittel benutzt, wird die allgegenwärtige Gottheit nicht in der beschränkten Existenz
850 3391 2546 3446 eines Wassertropfens suchen und aufzeigen dürfen. Er wird vielmehr jenes letzte und größte
839 3428 2552 3486 Ausdehnungsstadium des Wassertropfens, das wir „Meer“ oder „Ozean“ nennen, in Betracht zu
848 3487 2548 3544 ziehen haben. Denn wenn die Gottheit in jedem Tröpflein schläft oder lautlos tobt, dann schläft
848 3523 2544 3589 und tobt sie in jedem Meer oder Ozean nicht minder — und es ist wahrhaftig nicht einzusehen,
837 3574 2550 3623 warum wir uns für den Gott im Wassertropfen mehr und öfter interessieren sollen als für den
837 3624 2544 3697 Gott im Weitmeer, den uns nur die wenigsten und nur die erlesensten Geister begreiflich zu
840 3675 2546 3737 machen wissen, weil das Große im Großen viel schwerer bewältigt werden kann als das Große
840 3728 2559 3786 im Kleinen, dem auch die schwächlichsten Köpfe bisweilen recht glimpflich beikommen, wenn sie
839 3772 2565 3851 mit Fleiß, Geduld und Talent zu „liebevoller Betrachtung“ ausgerüstet sind. Daß selbst im
2577 1186 2662 1303 K
