3436 4448
890 244 952 297 G
1406 223 1858 323 box 23/1
246 226 1262 337 18. Der einsane Neg
2340 557 2764 696 8e222
2284 638 2356 696 —
2611 637 2802 714 3228
1867 628 2038 728 C
2211 659 2370 726 376
1314 630 1740 741 DIN
612 589 1202 766 S
1144 658 1214 715 72
1650 701 1726 753 8
1218 678 1286 746 722
2222 689 2437 757 S
1526 686 1664 763 1
1725 675 2768 855 B
1518 720 1592 792 2
1935 748 2193 819 S
1512 723 1901 837 S
1226 740 1524 817 SO
1089 775 1223 848 2
1741 800 1943 858 0
1039 801 1129 876 2
982 785 1049 872 225
2742 781 3001 907 824
2105 819 2413 913 2
1043 829 1286 895 KR
502 875 2935 952 Ss
536 960 1710 1033 Aber es führen Stufen, glänzend wie Opale, in die Tiefe.
527 1024 1701 1088 Aus diesem dramatisch verfehlten Gedicht spricht laut und
2104 1006 2640 1109 Die Silbergrube.
441 1063 1709 1135 vernehmlich der Dichter. Nicht nur deshalb, weil fast überall
2494 1089 2679 1184 (Schluß)
442 1128 1715 1176 der Dialog feinschwingende Stimmungen loslöst, weil man all
437 1163 1708 1224 diese Menschen in ihren vielfältigen Schicksalen von innen heraus
1927 1141 2108 1250 7
2096 1159 3016 1239 un machte sich der Pfarrer mit ein paar
427 1207 1707 1284 kennen lernt, es eröffnen sich auch nicht alltägliche Lebens¬
2181 1234 3013 1306 Erzproben in der Tasche auf den Weg.
432 1252 1721 1318 perspektiven. Der Dichter, der hier gestaltet, ist zugleich ein
2185 1274 3020 1334 Er war ebenso froh, reich zu werden,
431 1311 793 1389 Schicksalsdeuter.
2185 1317 3018 1384 wie irgend einer der andern. Er dachte
545 1338 1714 1423 Einer geht den einsamen Weg erhobenen Hauptes bis
2180 1372 3015 1435 daran, daß er den Pfarrhof umbauen
440 1399 1717 1483 zu Ende, das ist dieser Herr von Sala, dem sich das junge
2178 1409 3019 1478 wollte, der jetzt um nichts besser war als
441 1461 1709 1514 Mädchen hingegeben und den sie sterbend nach sich zieht. Auch er
2190 1467 3014 1522 eine Bauernhütte; und dann wollte er
444 1491 1709 1562 lebt nur sich selber, aber er bedarf der andern nicht. Er pflückt
2183 1512 3027 1580 sich mit einer Probsttocher verheiraten,
446 1547 1726 1607 die Blumen an seinem Pfade, läßt sie welken und schreitet
2186 1558 3021 1620 der er gut war. Bis dahin hatte er
444 1582 1709 1656 weiter. Er ist der Künstler — die Erinnerung an die „Leben¬
1797 1575 2164 1680 +7 Mn.
2187 1597 3025 1675 gedacht, daß er lange auf sie warten
442 1636 1723 1690 digen Stunden“ wacht auf, — dem gerade die, die seinem
2193 1636 3022 1706 müßte. Er war arm und unbekannt, er
431 1678 1723 1736 Herzen am nächsten stehen, den lebendigen Stoff für seine
1736 1688 3016 1751 wußte, daß es lange währen würde, bis er eine Stelle bekäme,
441 1724 1715 1788 Kunst abgeben müssen; er saugt sie aus. Auch in den eigenen
1751 1737 2728 1821 die es ihm möglich machen könnte, zu heiraten.
433 1773 1729 1841 Leiden findet er die Wonneschauer des Seelenrausches, die letzten
1858 1755 3027 1854 „Der Pfarrer fuhr zwei Tage lang nach Falun, und einen
439 1819 1716 1891 Stunden seines Lebens sogar begehrt er bewußt als Sterbe¬
1748 1828 3010 1891 Tag mußte er dort umhergehen und warten, weil der Berg¬
439 1861 1713 1951 stunden auszukosten. Und andererseits: „Gibt es einen anstän¬
1742 1878 3013 1945 hauptmann verreist war, und an jemand andern wagte er sich
437 1903 1718 1971 digen Menschen“, fragt er einmal, „der in irgend einer guten
1756 1929 3014 1983 nicht zu wenden. Endlich konnte er ihn sprechen und zeigte
441 1960 1718 2036 Stunde in tiefste. Seele an etwas anderes (als das Sterben)
1749 1977 3023 2037 ihm die Erzstücke. Der Berghauptmann nahm sie in die Hand.
438 2003 1724 2060 denkt?“ Ihn schreckt Einsamkeit nicht, sie wiegt ihn. Er muß
1762 2032 2564 2087 Er sah zuerst sie an, dann den Pfarrer.
451 2044 1722 2117 aus innerem Drange heraus beruflos sein, und ist sich doch des
1846 2069 3015 2144 Der Pfarrer erzählte, daß er sie in seinem heimatlichen
445 2103 1716 2155 Segens geregelter Arbeit bewußt. Da er erfährt, daß Krank¬
1742 2118 3019 2183 Kirchspiel in einem Felsen gefunden habe und meinte, ob es
447 2133 1718 2212 heit ihm das Ziel gesteckt hat, da er sein Leben auch sonst
1759 2158 2222 2236 nicht Blei sein könne.
453 2186 1718 2246 verwirkt weiß, geht er selbst hin, ein Ende zu machen. Frei
1853 2194 2902 2284 „Nein, Blei ist es nicht, sagte der Berghauptmann.
453 2229 1725 2299 auch da, wo er dem Zwange unterliegt. Er ist der Lebens¬
1868 2250 2857 2315 „Also ist es vielleicht Zink? fragte der Pfarrer.
445 2275 1485 2344 künstler, der sich sein Dasein zum Kunstwerk macht.
1858 2291 2904 2356 „Zink ist es auch nicht, sagte der Berghauptmann.
567 2331 1712 2402 Es gehörte Reichtum dazu, diesen Reichen so zu gestalten,
1859 2311 3019 2392 Dem Pfarrer war, als ob all seine Hoffnung zu Boden
1755 2386 3026 2466 sänke, so mutlos hatte er sich so manchen lieben Tag nicht
445 2382 1734 2452 wie Schnitzler es getan. Und diese Gestalt, in der viel von
453 2423 1727 2505 ihres Dichters eigenem Wesen schlummert und die auch
1748 2438 1945 2516 gefühlt.
1861 2455 3032 2557 Habt ihr viel solche Steine in eurem Kirchspiel? fragte
455 2470 1729 2550 uns befreundet, wächst im Kontrast — in jenem leichten,
1523 2521 1723 2583 zu einer
1754 2512 2198 2597 der Berghauptmann.
453 2509 1538 2585 spielenden, verschwimmenden Schnitzlerschen Kontrast —
1869 2548 2903 2630 „Wir haben einen ganzen Berg, sagte der Pfarrer.
458 2565 1732 2645 anderen Person des Dramas, jenem gealterten Mialer, der das
1870 2581 3021 2689 Da ging der Berghauptmann auf ihn zu und klopfte ihm
449 2608 1735 2685 bißchen Daterherz in sich so spät entdeckt hat. Auch er hat
458 2650 1729 2726 dem Genuß gelebt, dem frevlen Freiheitsrausch, den kecken
1744 2665 2340 2741 auf die Schulter und sagte:
1863 2681 3025 2765 „Dann seht zu, daß ihr einen solchen Gebrauch davon
448 2700 1731 2763 Augenblicksfreuden. Ihm aber sind Kunst und Leben darüber
1757 2737 3023 2812 macht, daß es euch selbst und dem Lande zum Nutzen gereicht,
447 2742 1728 2817 zerronnen. Auf dem einsamen Wege bricht er zusammen, da
453 2802 1727 2874 die Zeit der Jugendsiege vorüber. Und überaus fein deckt
1749 2802 2200 2881 denn dies ist Silber!“
1862 2824 3034 2930 „Ja so, stammelte der Pfarrer ganz verwirrt. „Ja so, es
449 2861 1717 2941 Schnitzler auf, wie in diesem einst „vielversprechenden“
458 2888 1723 2957 „genialen“ Künstler nur eben eine Obilisterseele steckt. Denn
1752 2885 2007 2969 ist Silber.
1866 2909 3029 3001 Der Berghau, mann sing an, ihm zu erklären, was er
452 2933 1723 3020 es gibt auch eine Emanzipation aus Philistrosität, ein Ueber¬
1761 2976 3029 3043 zu tun hätte, um sich ein gesetzliches Recht auf die Grube zu
448 2977 1725 3066 menschentum aus innerer Leere, eine Jugendseligkeit, die das
1767 3030 3035 3094 verschaffen und gab ihm viele gute Ratschläge, aber der Pfarrer
448 3035 861 3113 Alter Lügen straft.
1761 3079 3026 3141 stand, ganz wirr im Kopfe, da und hörte nicht zu, was er sagte.
565 3079 1740 3155 Man sieht, wie fein die Rüancen, wie groß der Reichtum
1774 3115 3027 3175 Er dachte, wie unglaublich dies sei, daß daheim in seinem
941 3138 1215 3209 an Gehalt.
456 3131 911 3215 an Beobachtung und
1771 3159 3030 3241 armen Kirchspiel ein ganzer Berg mit Silbererzen läge und auf
570 3160 1736 3256 Soll man hingehen und Schnitzler die Armut predigen?
1770 3221 2041 3290 ihn wartete.“
455 3229 1732 3316 Abgesehen von dem mangelnden Willen zur Konzentration, ab¬
1875 3233 3032 3326 Der König erhob so heftig den Kopf, daß der Pastor sich
465 3280 1733 3360 gesehen von der Unfähigkeit zu dramatischer Architektonik ist
1756 3297 2020 3371 unterbrach.
462 3316 1736 3402 etwas in Schnitzlers ureigenem Wesen, das die dramatische
1889 3318 3028 3412 „Es nahm wohl den Verlauf,“ sagte der König, „daß als
463 3373 1735 3447 Form zersetzt, und dies Etwas ist ein künstlerisch Gutes. Letzt
1760 3388 3034 3451 er nach Hause kam und anfing, die Grube zu bearbeiten, er
454 3415 1744 3493 aller letzt wird Schnitzler nur in epischer Stoffgestaltung sich
1769 3441 3034 3515 merkte, daß der Berghauptmann seinen Spaß mit ihm ge¬
466 3471 1743 3551 ganz als den zu geben vermögen, der er ist. Es müßte alles
1756 3493 2096 3567 trieben hatte.“
466 3506 1740 3589 täuschen, sollte der Weg, der ihm künstlerisch vorgezeichnet ist,
1890 3518 3038 3594 „Ach nein, der Berghauptmann hatte ihn durchaus nicht
462 3560 1746 3626 ein einsamer sein. Aber dieser Weg wird für ihn und
1769 3572 2551 3668 zum Besten gehabt,“ sagte der Pastor.
463 3604 1374 3698 viele der Besten abführen — vom Theater.
1895 3610 3031 3697 „Er kann fortfahren,“ sagte der König und setzte sich
1773 3677 2384 3745 wieder zurecht, um zuzuhören.
1889 3707 3034 3793 „Als der Pfarrer endlich zu Hause war und durch sein
1229 3721 1641 3814 Ernst Heilborn.
1760 3756 3037 3826 heimatliches Kirchspiel fuhr, hob der Pastor wieder an, „war
1774 3811 3033 3885 er sich klar, daß er vor allem seine Kameraden von dem Funde
1770 3871 2254 3946 benachrichtigen müßte.!“
1893 3887 2987 3980 „Er wollte wohl ihr Glück sehen,“ fiel der König ein.
1886 3931 3045 4022 „Ja, das wollte er, und da er an des Gastwirts Sten
1773 3988 3038 4074 Stensons Haus vorüberfuhr, beabsichtigte er bei ihm einzukehren
1762 4039 3047 4107 und ihm zu erzählen, daß das, was sie gefunden hatten, Silber
1773 4084 3044 4153 sei. Aber als er vor dem Tore Halt machte, sah er, daß
