3436 4256
783 273 825 348 I
255 257 1882 381 18. Der einsane Neg box 23/3
1037 895 1382 997 Telephon 12.801.
510 976 1229 1157 „OBSERVER‘
333 1114 1448 1222 I. österr. behördl. konz. Unternehmen für Zeitungs-Ausschaltte
538 1166 1284 1266 Wier I., Concordiaplatz 4.“
744 1234 1071 1307 Vertretungen
350 1266 1469 1358 in Berlin, Basel, Budapest, Chicago, Cleveland, Christiania,
353 1322 1447 1386 Genf, Kopenhagen, London, Madrid, Mailand, Minneapolis,
360 1363 1445 1438 New-Vork, Paris, Rom, San Francisco, Stockholm, St. Peters¬
743 1407 1065 1467 burg, Toronto.
670 1417 1446 1519 (Quellenangabe ohne Gewähr. 18 6 7900
346 1508 1601 1600 Ausschnitt aus Wienor Deutsches Tagblatt, Wien
346 1620 544 1684 vom:
538 1679 1571 1763 — Theater an der Wien. Von Artur Schuihler
478 1753 1550 1813 spielten gestern die Berliner Gäste ein traurig Stück:
478 1796 1549 1874 das fünfaktige Geduldspiel „Der einsame Weg“.
485 1843 1559 1916 In Berlin war es abgelehnt worden, weshalb man sich
476 1892 1559 1965 in Wien verpflichtet fühlte, ihm eine Ehrenrettung zu be¬
488 1943 1560 2010 reiten. Sie war aber uur ein frommer Selbstbetrug,
474 1986 1563 2052 ein Akt bewunderungswürdiger Solidarität, der den
476 2032 1564 2099 auf dem Schottenring über das russische Staats¬
475 2074 1566 2150 anlehen zutage getretenen Meinungszwiespalt wie mit
486 2129 1560 2205 einem Schwamm fortwischte. Man jubelte Schnitzler
479 2180 1567 2255 nach den Aktschlüssen wider seine Ueberzeugung vor die
482 2226 1574 2295 Rampe und klatschte sich die Langeweile mit Todesver¬
478 2279 1568 2352 Nachtung aus dem gelähmten Gehirn, aus den gelämmerten
490 2323 1571 2406 „Sinnen. Und dennoch täte man Unrecht, über das inner¬
494 2374 1560 2432 lich=und äußerlich mißglückte Schauspiel kaltlächelnd zur
465 2417 1571 2507 „Tagesordnung überzugehen. Es ist jedenfalls das Tiefste
481 2470 1567 2554 und Ernsteste, was Schnitzler je angestrebt hat,
485 2517 1566 2580 es ist aber auch zugleich die tiefste und weiteste
486 2575 1573 2653 Kluft, die sich je zwischen Wollen und Können
495 2611 1574 2679 aufgetan hat. Man wandelt eben nicht ungestraft die
498 2663 1573 2726 Bahnen Ibsens, wenn man nichts, aber auch gar nichts
486 2712 1574 2770 von Ibsen hat, und so wenig sich das alte Testament mit
494 2750 1575 2836 der altindischen Weltanschauung unter einen Hut bringen
504 2801 1573 2885 läßt, so wenig geben Ibsen und Schnitzler eine Pro¬
503 2852 1572 2925 portion. Es war das Trauerspiel eines Zwangsverhält¬
491 2899 1572 2969 nisses, das man gestern erlebte, das Trauerspiel eines
495 2951 1574 3015 künstlerischen Irrtums, der sich vom Ideellen auf das
497 2993 1582 3058 Technische mit handgreiflicher Deutlichkeit übertrug. Ein
508 3042 1567 3118 solch wirres Durcheinand von Kommen und Gehen, ein
509 3076 1586 3162 so unnützes Verschwenden von Geist und feinen Dichter¬
497 3146 1575 3211 worten an einen Dialog, in dem die Sprecher nichts
495 3194 1574 3268 anderes zu tun haben, als sich die Würmer aus der
502 3237 1585 3302 Nase zu ziehen, ward kaum noch geschehen. Dazu
513 3274 1581 3371 sind drei Handlungen derart ineinandergeschachtelt, daß
503 3349 1580 3416 man Mühe hat, den tragischen Kern loszuschälen, der
513 3390 1588 3448 darin besteht, daß ein egoistischer Junggeselle, der zu spät
515 3434 1589 3510 seine Vatergefühle entdeckt, schließlich von seinem eigenen
516 3480 1586 3556 Fleisch und Blut zurückgewiesen wird. Was sonst noch
502 3532 1579 3594 mit- und nebenher läuft, entzieht sich der Schilderung eines
504 3579 1589 3635 kurzen Nachtberichtes. Es genügt zu konstatieren, daß selbst
514 3627 1590 3693 so gewiegte Menschendarsteller wie Oskar Sauer,
518 3671 1593 3747 Emanuel: Reicher, Albert Bassermann, Irene
505 3745 1594 3798 Triesch und Else Lehmann mit ihren Rollen
520 3762 1596 3849 nichts anzufangen wußten und durch ihre Hilflosigkeit
511 3824 1598 3885 eher Mitleid als künstlerische Freude erweckten. Es war
521 3861 1588 3940 ein Jammer, ein Katzenjammer der Berliner Nüchternheit,
517 3922 1598 3995 des preußischen Schulmeisters, der uns Ibsen wohl ver¬
516 3966 1593 4052 ständlich zu machen, nicht aber Schnitzlers Ibsen=Imitation
526 4022 1134 4102 seelisch nahe zu bringen versteht.
2558 1190 2900 1288 Telephon 12.801.
2024 1275 2766 1433 „OBSERVER“
1853 1385 2956 1489 I. österr. behördl. konz. Unternehmen für Zeitungs-Ausschaltte
2038 1465 2777 1533 Wien, I., Concordiaplatz 4.
2252 1519 2571 1585 Vertretungen
1867 1543 2968 1626 in Berlin, Basel, Budapest, Chicago, Cleveland, Christiania,
1874 1609 2949 1659 Genf, Kopenhagen, London, Madrid, Mailand, Minneapolis,
1862 1652 2953 1710 New-Vork, Paris, Rom, San Francisco, Stockholm, St. Peters¬
2256 1695 2559 1746 burg, Toronto.
2174 1723 2631 1791 (Quellenangabe ohne Gewähr,
1856 1790 2322 1869 Ausschnitt aus:
2169 1817 2879 1920 18 Pneie Presse, Wie
1862 1895 2390 1996 vom:
1873 1970 2985 2061 [Gastspiel des Berliner Lessing=Thea¬
1790 2030 2979 2110 ters im Theater an der Wien.] Der Eindruck, den
1796 2082 2965 2141 unsere Berliner Gäste heute auf das Wiener Publikum durch
1792 2125 2977 2202 die Aufführung von Arthur Schnitzlers „Der einsame
1801 2160 2961 2233 Weg“ ausübten, war ein startet und ein echt künstlerischer.
1804 2204 2968 2284 Man ha###ein wirkungsvolles, effektreiches Drama kennen ge¬
1806 2256 2983 2327 lernt, kaum ein technisch einwandfreies, mit sonderlichem
1796 2289 2970 2368 Rassinement gezimmertes Theaterstück; aber es weht eine
1808 2325 2978 2411 reine, ozonhältige Luft durch die Dichtung. Man fühlt sich
1806 2376 2981 2459 wohl in dieser Atmosphäre verfeinerten Verständnisses von
1793 2457 2971 2553 Leben und Menschen. Zwar ist die Wiener Note, die der
1807 2491 2975 2584 Dichter für sein Werk in Anspruch nimmt, indem er es in
1812 2530 2978 2632 Wien spielen läßt, ein wenig gekünstelt und unglaubhaft, und
1806 2582 2978 2667 die Gestalten, die uns Schnitzler vorführt, muten alles eher
1800 2613 2984 2707 denn bodenständig wienerisch an. Das ein wenig blasse
1809 2667 2979 2748 Blut, das in ihren Adern fließt, ist nicht Blut vom Wiener
1810 2705 2972 2788 Blute, die Empfindungen, die sie beseelen, die Gedanken, die
1814 2725 3044 2834 sie aussprechen, verweisen ihren Ursprung vielmehr nach dem #
1812 2792 2981 2875 Norden, nach dem hohen Ibsenschen Norden sogar. Der ein¬
1822 2828 2982 2921 same Weg ist jener, den die Menschen wandeln, die allein
1818 2878 2992 2966 dem eigenen Ich zu opfern wissen, die rücksichtslosen Ge¬
1822 2926 2984 3005 nießer und Auskoster des Lebens. Anläßlich der Berliner
1814 2958 3011 3046 Aufführung ist der Inhalt des Werkes eingehend dargelegt
2028 2997 3000 3085 Es sei für heute nur daran erinnert, daß im
1814 3043 2013 3089 worden.
1817 3034 3010 3136 Mittelpunkt der Handlung jene Schuld steht, die ein Künstler
1822 3079 2998 3177 auf sich geladen, indem er ein Mädchen geliebt, verführt und
1823 3126 3001 3207 dann verlassen hat. Diese Schuld rächt der Sohn, der aus
1824 3173 2999 3259 diesem Verhältnis entsprossen ist, indem er, nachdem er alles
1825 3209 3002 3301 erfahren hat, seinen wirklichen Vater den einsamen Weg gehen
1825 3252 3001 3344 läßt und sich noch inniger an den anderen schließt, der seine
1828 3291 2996 3386 Mutter heimgeführt hat, als dessen vermeintlicher Sohn er
1828 3334 2998 3426 herangewachsen ist. Die Darstellung des Werkes durch Bas¬
1842 3376 3000 3465 sermann und Sauer, Else Lehmann und Irene
2843 3419 3010 3474 Herr
2421 3421 2841 3502 meisterhafte. Nur
2276 3442 2385 3495 eine
2133 3453 2244 3504 war
2238 3457 2276 3488 8
1829 3455 2091 3515 Triesch
1838 3462 3002 3545 Reicher, dem die Aufgabe zugefallen war, jenen
1831 3503 3001 3592 dämonischen verführerischen Lebenskünstler und großen Ge¬
1839 3542 3015 3639 nießer darzustellen, verzeichnete diese Figur, indem er sie leider
1835 3588 3011 3680 allzustark ins Banale und Triviale hinabzerrte. Mit den
1846 3635 3025 3718 Künstlern erschien der Dichter nach allen Aktschlüssen, um sich
1842 3690 2639 3769 für den rauschenden Beifall zu bedanken.
