3436 4256
261 235 1269 337 18. Der einsane Neg
3039 591 3282 661 Nr. 134.
2384 592 2741 672 16. Mai 1906.
1594 598 2218 671 Fremden-Siatt.
1060 604 1443 679 Wien, Mittwoch
523 611 795 682 Seite 16.
1919 688 3318 744 sucht durch einen Revolverschuß schwer verletzt hatte. Das Gericht gewährte
499 692 1893 753 schwerlich die richtige Partnerin. Die Glänzenden des Abends
1917 745 3311 792 ihm damals einen Strafaufschub. Anstatt nun im Hause Frieden zu halten,
498 748 1891 801 waren Herr Bassermann und Frau Else Lehmann.
1920 764 3319 833 quälte Zöchmann, seine junge Frau fortwährend mit unbegründeten Eifer¬
490 787 1895 845 Herr Bassermann gab den Herrn v. Sala mit einer Meister¬
1913 807 3317 882 suchtsszenen. Eines Nachts kehrte er angeheitert heim. Gegen 2 Uhr früh
485 832 1900 893 schaft zurückhaltender Charakteristik und dabei mit einem Stich
1908 849 3310 913 wurden die Kässierinnen Marie Löffelmann, Agnes Takacs und
499 871 1903 929 in ein besonderes Etwas von Personnage, daß man ihn in die
1906 907 3310 952 die Köchin Justine Schmidt durch großen Lärm aus dem Schlafe ge¬
485 931 1892 988 vorderste Reihe jetziger Charakterdarsteller, oder vielmehr Spezialisten,
1914 929 3311 1002 schreckt. Sie eilten aus dem Dienstbotenzimmer in das Vorzimmer und
491 971 1895 1027 stellen muß. Nebenbei war er auch ergreifend und das wurde ja
1910 976 3307 1042 vernahmen durch die versperrte Wohnungstüre die scheltenden Stimmen der
1907 1028 3305 1096 Ehegarken. Im Verlause des Wortwechsels bedrohte Zöchmann seine Frau
492 1022 1898 1085 zuletzt die Hauptsache. Frau Lehmann aber spielte eine ältere
1911 1059 3308 1131 mit dem Erschießen und mißhandelte sie schließlich mit einer Hundspeitsche.
500 1083 1893 1125 Flamme der im Stücke beschäftigten Junggesellen, natürlich Ex¬
1917 1093 3315 1171 Dies veranlaßte die Kassierin Agnes Takacs zum Einschreiten. Sie klopfte
498 1120 1900 1173 Schauspielerin, mit einem Fonds von Naturell und Gemüt, daß
1913 1146 3305 1206 ast die Türe und begehrte Einlaß. Zöchmann öffnete, herrschte die Kassierin
501 1170 1894 1224 einem ganz charmant zumute wurde. Auch sie ist eine, die in Wien
1906 1175 3320 1240 An und versetzte ihr nach kurzem Streite eine derart heftige Ohrfeige, daß
498 1203 1896 1257 tapfer ihren Berliner Kurs behauptet. Für solche Naturen gibt es
1905 1220 3311 1309 (das Mädchen eine Zerreißung des linken Trommelfells erlitt. Frau Zöch¬
493 1252 1897 1303 keine geographischen Grenzen. Von den übrigen Mitwirkenden ist
1918 1262 3312 1340 mann benützte den allgemeinen Wirrwarr zur Flucht und hielt sich die
502 1316 1813 1380 kaum etwas zu melden. Zu einem Niveau trugen sie nichts bei.
1919 1308 3314 1379 ganze Nacht über im Keller verborgen. Agnes Takacs war infolge der
1632 1326 1886 1408 L. H—I
1916 1347 3317 1420 Mißhandlung mehrere Wochen krank und mußte sich auch einer schmerz¬
1920 1396 3320 1465 haften Operation unterziehen. Der Casetier wurde am 30. Jänner wiede
842 1436 1573 1517 Aus dem Gerichtssaale.
1921 1457 2097 1525 verhaftet.
2041 1455 3317 1532 Gestern stand Eduard Zöchmann vor einem Erkenntnissenate, dem
1487 1476 1875 1560 Wien, 16, Mai.
1915 1513 3311 1582 Landesgerichtsrat Hanusch präsidierte, wegen gefährlicher Drohung und
660 1532 1906 1603 — (Eine Ehrenbeleidigungsklage des Bürgermeif'ers.) Die
1920 1564 3322 1626 schwerer körperlicher Beschädigung. Der Angeklagte war geständig. Zu Tät¬
499 1591 1902 1652 gestrige Nummer des offiziellen Organes der Fleischhauergenossenschaft
1919 1593 3309 1670 lichkeiten gegen seine Frau habe er sich hinreißen lassen, weil er empört
498 1642 1898 1684 „Fleischhauer= und Fleischselcher=Zeitung“ enthielt einen Artikel, welcher
1920 1640 3311 1712 darüber war, daß sie mit Gästen zechte und scherzte. — Präs.: Aber
498 1668 1896 1716 von heitigen Angriffen gegen den Bürgermeister Dr. Lueger erfüllt ist.
1912 1675 3312 1761 das bringt doch ihr Beruf mit sich. — Ang.: Nein, zur Unterhaltung
501 1719 1908 1776 Der Bürgermeister hat sogleich gegen den verantwortlichen Redakteur des
1927 1722 3316 1802 sind Animiermädchen da, für eine Geschäftsfrau schickt sich so was nicht. —
498 1772 1768 1830 Blattes die Ehrenbeleidigungsklage beim Landesgerichte überreicht.
1930 1764 3316 1838 Der Verteidiger konstatiert gelegentlich, daß Frau Zöchmann vor einigen
1927 1834 2743 1897 Wochen von ihrem Gatten geschieden wurde.
694 1810 1896 1884 (Ein edles Brüderpaar.) Eines Tages hatte der 15jährige
2045 1831 3320 1927 Der Gerichtshof erkannte Eduard Zöchmann schuldig und verurteilte
508 1867 1902 1928 Bäckerlehrling Franz Benesch im Auftrage seines Meisters Alois Feik
1922 1890 3324 1957 ihn zu acht Monaten schweren Kerkers, sowie zur Zahlung
508 1904 1903 1985 in Schwechat der Kohlenhändlerin Marie Heider 152 Kronen auszu¬
1934 1930 3332 2008 von 600 Kronen Schmerzensgeld und Ersatz von 240 Kronen für Heilungs¬
495 1954 1903 2008 bezahlen. Wenige Stunden später erschien Franz Benesch wieder bei Frau
1796 1992 1906 2052 eben
1917 1991 2516 2069 kosten an die Kassierin Takacs.
497 1996 1796 2051 Heider und sagte, sein Meister lasse sie ersuchen, sie möge ihm die
1801 2037 1907 2089 ent¬
495 2055 1796 2099 bezahlten 152 Kronen für einige Tage leihen. Er erhielt das Geld,
1796 2077 1905 2133 Hier
2064 2081 3316 2140 — (Beleidigte Studentinnen.) Die Schwestern Anna und
500 2092 1792 2134 wendete seinem Meister einen Winterrock und flüchtete nach Wien.
1926 2120 3317 2183 Josefine Schärf, zwei hübsche Studentinnen der Medizin, traten gestern
503 2116 1906 2173 traf er mit seinem Gruder, dem 18jährigen arbeitslosen Fleischhauerlehrling
1919 2159 3323 2234 beim Bezirksgericht Josefstadt als Klägerinnen gegen ihren Zimmer¬
511 2167 1915 2219 Rudolf Benesch zusammen. Die Brüder schrieben unter dem Namen ihrer
1926 2201 3331 2275 nachbarn, den Pharmazeuten Julius Roda auf, weil er sie mit Miß¬
509 2200 1908 2271 früheren Meister an zahlreiche Personen Briefe um Darlehen, der Schwindel
1919 2233 3332 2311 handlungen bedroht und beschimpft hatte. Der Angeklagte erklärte, die
505 2263 1907 2300 mißglückte jedoch. Am 2. April lockte Rudolf Benesch dem Gehilfen des
1927 2277 3329 2361 Klägerinnen seien sehr temperamentvolle Damen; sie pflegen bis spät in
502 2293 1908 2344 Fleischhauermeisters Karl Berndl das Einschreibebüchel der Fleischhauer¬
1925 2312 3329 2401 die Nacht hinein sehr laut in ihrem Zimmer zu konversieren, stören ihn in
515 2330 1907 2389 vereinigung für Häute, Knochen und Leder heraus und behob auf Grund
1927 2359 3327 2459 seiner Nachtruhe. Ueber diese Rücksichtslosigkeit war er daher ungemein auf¬
509 2373 1906 2443 des Buches bei der Kasse der Vereinigung 400 Kronen. Das Geld wurde
1933 2400 3334 2490 gebracht. Als sie noch dazu eine ihm nahestehende Dame beleidigten, habe
497 2427 1086 2484 von den Brüdern vergeudet.
1929 2448 3325 2529 er sich zu den inkriminierten Aeußerungen hinreißen lassen. Der Richter
633 2456 1909 2520 Gestern hatten sich beide vor dem Schwurgerichte unter dem Vorsitze
1930 2487 3330 2556 Gerichtssekretär Dr. Wessely verurteilte den Angeklagten zu fünfzig
513 2496 1901 2564 des Vizepräsidenten Hofrat Dr. Feigl wegen Betruges, Diebstahls und
501 2549 1910 2607 Vagabondage zu verantworten. Sie gestanden die Betrugereien mit den
1935 2550 2351 2618 Kronen Geldstrafe.
509 2583 1914 2651 gefälschten Darlehensbriefen zu und schützten Notlage vor. Den Betrug bei
511 2631 1909 2685 der Fleischhauervereinigung leugnete Rudolf Benesch. Ein Unbekannter habe
518 2663 1924 2725 ihn beauftragt, das Geld zu beheben, er hrelt diesen Mann für den Herrn
512 2728 1671 2772 Berndl und nahm keinen Anstand, den Auftrag auszuführen.
647 2742 1920 2819 Franz Benesch wurde wegen Betrug, Diebstahl und Vagabondage
3136 2771 3260 2857 79062
2182 2756 3019 2863 Mit wan puizen Sie Uhre Schuhe
515 2801 1916 2864 zu fünfzehn Monaten, Rudolf Benesch wegen Betrug und Vaga¬
2892 2824 3029 2888 e
2211 2834 2908 2909 dale dieselben oc ochön?
509 2841 1925 2910 bondage zu achtzehn Monaten schweren Kerkers und beide
2905 2865 3045 2956 3
501 2878 1479 2951 zur Abgabe in eine Zwangsarbeitsanstalt verurteilt.
2224 2880 2789 2973 Ich putze nur mit
2788 2887 2924 2972 8
673 2920 1926 3006 — (Die Krida des Minderjährigen.) Der Kassationshof unter
2776 2943 3058 3032 s#
3035 2984 3090 3040 E
511 2992 1917 3043 dem Vorsitze des Hofrates Roskoschny hatte vorgestern die Frage zu
2888 2990 3060 3068 ge
2185 2992 2947 3100 Schmenzas
521 3041 1921 3087 erörtern, ob ein Minderjähriger das Vergehen der Krida begehen könne.
2889 3054 3010 3118 N
522 3087 1919 3141 Der noch nicht 24jährige Retlamebureau=Inhaber Julius Brüll war vom
2991 3061 3065 3143 0
2207 3070 2849 3158 dem beoten derautigen 41
2845 3093 3024 3174 Pe
510 3126 1919 3183 Wiener Landesgerichte wegen Krida unter Annahme eines Defizits von
2201 3121 2881 3213 Fabrikate-
3027 3127 3085 3219 1
518 3155 1918 3213 5500 Kronen zu acht Tagen strengen Arrests verurteilt worden. Gegen
2587 3177 2718 3240 Aeeeern
508 3203 1924 3263 dieses Urteil brachte Dr. Friedrich Elbogen die Nichtigkeitsbeschwerde
2192 3197 3092 3267 Aabenengm a pipa daal
511 3241 1917 3294 ein, in der er ausführte, daß der Minderjährige nur über einVermögen
519 3277 1929 3358 frei verfügen könne, welches er durch seinen Fleiß erwirbt. Aber der
511 3324 1919 3395 Minderjährige darf sich nicht rechtsgiltig verpflichten für die Güter die er
520 3370 1918 3435 erst künftig erwirbt. Völlig unrichtig ist der Schuldspruch in der Richtung,
523 3408 1925 3479 daß der Angeklagte seine Einkünfte zur Zahlung von Schulden benützt
519 3470 1925 3525 habe. Dafür gebühre ihm Lob, nicht der Fluch des Strafgesetzparagraphen.
2474 3458 2816 3529 Erste k. k. priv.
512 3517 1916 3566 Dr. Elbogen bat um Aufhebung des Urteils und sofortige Freisprechung.
2001 3485 3271 3592 Donau-Dampfschiffahrts-Gesellschaft.
649 3537 1929 3602 Der Kassationshof hob das verurteilende Erkenntnis des Wiener
515 3580 1919 3644 Landesgerichtes auf und ordnete eine neue Verhandlung zur Feststellung
2019 3602 3266 3685 Sonderfahrten Wien (Weißgärber)—Pozsony (Preßburg)
521 3621 1916 3691 des Verhältnisses zwischen Brüll und seinem Kompagnon an. Prinzipiell
2508 3655 2782 3725 und retour.
515 3662 1925 3741 vertrete jedoch der Oberste Gerichtshof den Standpunkt, daß auch ein
2183 3697 3004 3770 Donnerstag den 17. Mai um 900 Uhr früh
520 3715 1572 3796 Minderjähriger da Vergehen der Krida begehen könne.
1941 3713 3351 3814 und jeden Sonn- und Feiertag, dann jeden Dienstag, Donnerstag und Samstag
708 3757 1917 3846 (Der hinausgeschobene Tanzkurs.) Der Kaufmann August
1953 3793 3346 3849 um 9 00 früh finden Sonderfahrten von Wien (Weißgärber) unter Berührung sämt¬
1937 3815 3090 3903 licher Zwischenstationen bis Pozsony (Preßburg) und retour statt.
524 3819 1925 3877 Blühdorn hatte durch seinen Rechtsfreund Dr. Grann gegen die
2055 3845 3349 3925 Die Rückfahrt von Pozsony (Preßburg) erfolgt um 8 00 nachmittags, An¬
520 3861 1913 3944 Inhaberin einer Tanzschule im ersten Bezirk Marie Sotlschegg eine
1944 3902 2750 3973 kunft in Wien (Weißgärber) um S 20 abends.
519 3910 1921 3971 eigenartige Betrugsanzeige erstatten lassen. Sein Töchterchen sollte nämlich
2060 3904 3350 3998 Für Ausflügler von Wien bestehen besonders ermäßigte Schiffs-Hin- und
525 3941 1919 4021 an einem am 15. Oktober 1905 beginnenden Kinderkurse in der Tanz¬
1937 3972 3345 4047 -Rückfahrkarten, mit welchen in der Talfahrt auch das Postschiff, welches um
519 3981 1923 4061 schule teilnehmen. Der Kurs verzögerte sich jedoch von Monat zu Monat
1957 4031 2838 4076 700 früh von Wien abgeht, benützt werden kann.
518 4029 1920 4088 und Herr Blühdorn, der für einen Monat das Honorar von zwanzig
2059 4054 3350 4112 Die kombinierten Tour- und Retourkarten Wien—Deutsch-Altenburg—
1278 4067 1924 4130 gegen Frau Sotlschegg die
534 4068 1277 4139 Kronen vorausgezahlt hatte, erstattete
1938 4076 3346 4146 Wien, Wien—Hainburg—Wien, Wien—Pozsony (Preßburg)—Wien gelten auch
529 4110 1921 4174 Betrugsanzeige. Bei der gestern vor dem Gerichtssekretär Dr. Stolz
2205 4118 3352 4181 ung des Sonderschiffes von Wien für die bezeichneten Schiffstrecken.
