3392 4256
873 230 935 292 (
778 242 851 294 S
246 231 1231 335 18. DerNeg
994 563 1275 637 WENEVT
349 613 1395 688 IAdr. télégr.: Coupure-Genève — Tél. Stand 40.05,
352 700 1387 776 (Bureau International de coupures de journaux
515 755 1245 800 Traductions de et en toutes langues
370 793 622 839 N ARtaramrEDE
385 872 1373 923 Correspondants daas teutes les grandes villes
366 997 787 1058 Eatratt du Journal:
372 1090 580 1161 Adresse:
351 1004 1174 1268 en 2
737 1069 1145 1264 er dus 6000
784 1294 1185 1399 16.A0O. 1928
492 1485 1102 1598 Der einsame Weg
1204 1546 1347 1613 pure
405 1585 1342 1650 Gastspiel Albert und Else Bassermann, 30.—
674 1625 946 1695 Käthe Haack
1251 1643 1416 1700 67.50
375 1679 1364 1721 Albert und Else Bassermann hat man bereits130.—
336 1723 1351 1764 bei ihrem letztjährigen Gastspiel in Schnitzlers'50.—
344 1761 1274 1825 Einsamem Weg gesehen. Wir können uns allo
1283 1771 1376 1852 ###
349 1798 1268 1850 mit der Feststellung begnügen, daß die Kunst
334 1842 1267 1892 Bassermanns als Stefan von Sala wieder ihre
1287 1852 1361 1924 9
337 1872 1271 1922 feine, vollkommene Kontur und zartei Tiefs ge¬
348 1917 1275 1976 zeigt hat, daß Frau Bassermann, in ihren Gren¬
340 1947 1271 1995 zen, eine vortreffliche, scharf gesehene Gestalt
1272 1924 1344 2021 1
339 1990 1274 2052 (Irene Herms) gelungen ist. Neu in der Mon¬
349 2017 1262 2071 tag=Aufführung ist Käthe Haack gewesen.
1262 2019 1345 2085 3
345 2066 1262 2117 Man bedauert. diese bedeutende Darstellerin,
334 2099 1261 2148 bei der sich bewußte Arbeit und vollwertiges
1276 2112 1337 2148 3
333 2145 1270 2182 menschliches Sein zu so harmonischem Weben
339 2183 1275 2237 und Wesen durchdrungen haben, nicht öfter in
333 2218 1272 2283 München zu sehen, wo wir so arm an wirklich
1278 2236 1339 2288 v
340 2261 1272 2288 begabten jüngeren Kräften sind. Hier war ein
332 2300 1264 2339 echtes Mädchen, (Johanna Wegrath), eine Gestalt,
341 2335 1271 2389 um die uns Zeit und Mode beinahe gebracht
334 2370 1274 2434 haben! Die Inszenierung Stoeckels traf wohl
336 2407 1269 2472 den Ton, die vibrierende Luft des Stückes. Die
347 2453 1141 2515 Hauptdarsteller wurden lebhaft gefeiert.
1053 2476 1317 2545 W. v. S. 4
501 2652 1436 2809 La Soiréed Anvers
877 2793 1047 2860 ——
602 2801 720 2882 10
738 2802 1374 2919 TAEATNE FLAMAuo
1222 2869 1338 2933 2
761 2891 1223 2953 . De Eenzame Weg .
539 2930 1410 2983 Mélancolie- de vieillir, de sentir un 4 un les
527 2979 1415 3037 jours s’en aller, aver les bribes anées-d’un
523 3009 1415 3066 passé souriant. Solitude. C’est tout cela que
527 3046 1409 3105 l’on trouve, infiniment poétisé, détaillé avec
451 3093 501 3145 6
527 3081 1413 3138 un fin soucides nuances, dans les quatre ac¬
515 3119 1414 3172 #tes de e De Eenzame Wegr. (Le Chemin Soli¬
521 3157 1245 3207 taire), du Vienneis Arthur Schnitzler.
456 3166 512 3208 56
549 3184 1413 3246 Trois amis, Stephan von Sala, le poête; Ju¬
514 3228 1412 3275 lian Fichtner et Wegrath, peintres, ont suivi
522 3275 1413 3316 des destinées différentes. A l’automne de sa
525 3314 1409 3356 vie, von Sala croit encore à l'amour, à la
531 3351 1413 3390 beauté, à la jeunesse, II fait sa maitresse de
523 3375 1380 3424 la fille de Wegrath, la romanesque Jegnne.
561 3406 1412 3473 Wegrath a un fils, Félix. Mais ce fils est en
525 3447 1405 3512 réalité celui de son ami Julian, étrange ar¬
524 3478 1415 3535 tiste aventürler qui.a voulu vivre une existen.
527 3526 937 3589 ce libre, sans liens.
555 3541 1418 3611 Al’äge impitoyable, les trois amis se retrou¬
532 3585 1414 3639 vent. Von Sala veut tenter une dernière aven¬
446 3598 525 3645 nt
458 3635 1412 3681 unsture — un long voyage en Asie. Quant à Ju¬
536 3662 1416 3718 lian, i1 révéle à Félix, dont la mère est morte,
531 3702 1416 3750 lidylle de jadis. Tout le drame est dans cet
539 3731 1416 3788 aven. Lartiste vieilli espère voir revivre sa
539 3774 1411 3827 jeunesse dans son fils. Mais Félix ne voit en
529 3807 1420 3868 Julian qu'un ami. Cest Wegrath qulil aime
534 3849 875 3902 comme un père.,
557 3866 1413 3940 Le dénouement est brusque, Jeanne, la
545 3928 1428 3966 fille romanesque, se tur parce qu'elle salt que
543 3955 1411 4003 von Sala est tres malade et qu’il va mourirt.
463 3968 496 4004 1
530 3993 1408 4050 A son tour von Sala déeide de mettre fin 3
533 4026 1414 4077 ses jnurs. Cest alors que Khnitz les a vonlu
466 4040 521 4080 S-
520 4058 1412 4126 Imettre un peu d’espoir dans ce sombre recit:
1411 219 1855 305 box 23/5
2124 521 2175 597 t
2131 1259 2183 1306 z1)
2135 1301 2167 1343 1#
2121 1360 2187 1410 ni.
2124 1416 2190 1491 en
2195 124 2683 195 CIRIO-TOMATE, nagemaant,
2959 169 3045 214 8025
2216 235 2358 318 R
2356 236 2495 304 0
2498 235 2805 311 OONEEL
2194 272 2355 358 4242
2208 312 3060 394 KoninkfilkeNederlandsche Schouwburg
2342 383 2905 452 De eenzame Weg
2221 444 3053 486 Als ge een en ander van Arthur Schnitzler
2194 483 3051 535 kent, en ge zijt in zaligen dommel geraakt
2201 526 3054 567 onder het zieke gezeur van een heel cerste
2191 553 3052 598 en een half tweede bedriff in dit stuk, dan
2186 596 3058 633 zult ge waarschijnlijk wel met cen zeker ge¬
2196 634 3066 668 voel van verwondering uw ooren spitsen,wan¬
2201 662 3060 710 neer ge eensklaps voor een situatie wordt ge¬
2198 684 3083 746 plaatst, die wezenlijk theatrale verdiensten
2203 735 3074 777 heeft. Maar, als ge evenveel afweet van Jean
2198 770 3080 810 Richepin als van Schnitzler, dan zult ge u
2204 796 3077 852 dadelijk afvragen: Wat bliksem, waar heb ik
2196 832 3074 881 deze situatie nög ohtmoet? Wie steekt er onder
2196 878 3077 914 de fluweelen jas van dezen ouden kunstschil¬
2205 920 3078 957 der, Julien Fichter, die ecn kwart ceuw gele¬
2201 941 3084 989 den van de galiefde, die zich aan hem gaf,
2198 993 3077 1031 gaan loopen is als ecn dief, en die zich hier
2196 1019 3074 1079 aan ziin zoon komt openbaren en dezes kin¬
2204 1052 2603 1100 derliefde opeischen?
2233 1064 3088 1122 Wie anders dan „de Chemineau! Hier is
2201 1121 3083 1177 geen sprake van toevalligheid. De aan ideeen
2199 1155 3073 1212 en vooral aan verbeelding doodarine Oosten¬
2203 1191 3081 1239 rijker heeft dit personage weiens en willens
2204 1224 3091 1292 aan den overrijken Franschman ontleend. En
2190 1256 3085 1312 hij moge ook al den Zwerver vin Richepin
2198 1293 3094 1350 nög z00 zorgvuldig lichamelijk genlaskerd heb¬
2202 1332 3095 1386 ben, daar waar hij dezen z'n’ ziel moet laten)
2202 1374 3084 1420 blootleggen, hooren we niets anders dan sen
2207 1409 3091 1459 met echt Germaansche gewichtigdoenerij uit¬
2204 1459 3092 1497 gesponnen commentaar van het karakter van
2200 1487 3091 1527 den Chemineau, dat in het stuk van Riche¬
2194 1507 3089 1572 pin voor jeder zonneklaar nit de handeling¬
2206 1551 3113 1604 zelve blijkt, — zooals het trouwens hoort
2217 1585 2510 1642 op het tooneel.
2228 1599 3120 1672 Dit ge.,leend personage en ziin geval zin¬
2202 1635 3111 1701 het eenige interessante in dit stuk. Het ver¬
2207 1682 3089 1744 loop heeft Schnitzler andersom gemaakt, iets
2200 1723 3095 1779 waarvoor 6ók slechts ecn minimum van ima¬
2203 1762 3099 1815 ginatie noodig was: Onder de openbaring van
2207 1796 3094 1852 zijn werkelijken vader bliift Toinet hier on¬
2197 1836 3082 1892 bewogen. Hij blifft er niet minder om Henden
2202 1878 3093 1929 van -Vader Freneniss, die hem als ziin eigen
2202 1911 3081 1957 kind heeft opgevoed en hefgelad. En daar
2211 1939 3091 1998 Schnitzler, in ziin pastichegvan den Chemi¬
2203 1974 3079 2028 neau, Toinette in de eerste#tr'acte reeds om¬
2211 2011 3081 2064 hals brengt, zo0 blifft er###n boetvaardigen
2207 2039 3080 2105 Zwerver hier niets anders över dan.,, den
2208 2086 2735 2134 eenzamen weg in te stäan.
2230 2114 3084 2164 Dat kon allemaal in éen bedriff worden
2209 2150 3085 2202 afgewerkt. Om er vijf vänrte maken heeft de
2200 2186 3090 2238 Oostenrijksche zageman, het géval door#een
2202 2236 3077 2276 half dozijn andere personages doen aanlengen
2201 2249 3140 2315 met een dunne stroop van pessimistische psy-1.
3086 2286 3151 2327 □
2206 2288 3083 2346 chologie en filosofie uit de dertiende hand. In
2211 2328 3078 2383 verstaanbaar der Vlaamsch gezegd: zieken
2207 2352 3162 2413 zeever. Ge woont geen stuk bij; ge hoort drie##
3087 2401 3203 2447 M
2202 2402 3077 2450 lange uren na-boomen over het stuk, dat
2211 2446 3080 2497 Schnitzler niét geschreven heeft. En zulks al¬
2205 2459 3171 2527 weer in een mengelmoes van het onmogelijk-Pen¬
2203 2496 3232 2570 ste, pedantste Vlaamsch en het onverdrang-Ival
3081 2533 3177 2587 he
2196 2543 3082 2602 lijkst Hollandsch. Als een staaltje van des
3081 2576 3128 2618 D4
2205 2584 3076 2633 heeren Van Veens Nederlandsch moge gelden:
3085 2609 3199 2650 de
2211 2623 3074 2668 „Dat weurd heeft se beteekenis feleures. En
3095 2643 3195 2691 m
2212 2656 3067 2712 dan hebben we den heer Rienk Brouwer reeds
3090 2676 3188 2725 01
2200 2693 2853 2747 over esjiniejens hooren spreken.
3091 2717 3185 2772 H
2236 2722 3072 2774 De regie van den heer Van Veen is., zuiver
3092 2756 3181 2805 F
2209 2761 3071 2823 Duitsche en Hollandsche schmiere. Als norm
2200 2802 3076 2858 voor zijn tooneelschikking schifnt deze heer
2197 2836 3075 2904 de kermistent te nemen. Het is een morsige
2207 2880 2457 2928 voddenboel.
2230 2891 3109 2956 Blijkbaar is er hard geblokt op dit stuk.
2204 2953 3125 2988 Allen schier getuigdenlvan cen merkwaardigeh
2206 2989 3108 3042 en overtuigde inspanning om zooveel mogelijk
2204 3014 3088 3075 arcenten verkeerd te leggen.De heer De Gruy¬
2204 3044 3082 3099 ter had gemeend, dat er voor de rol van dezen
2211 3080 3078 3133 Esatz-Chemineau niemand aan 't gezelschap
2214 3105 3097 3169 beter geschikt was dan hijzelf en misschien
2206 3150 3097 3220 had hij geen ongelijk. De tooneel met ziin
2202 3207 3089 3259 zoon heeft hij uitstekend gespeeld, met mees¬
2207 3226 3084 3293 terlijk-gedoseerde soberheid, en ware 't niet
2211 3259 3074 3309 van dezes onduldbaar Haagsch,dan zöuden we
2215 3297 3080 3358 hier ook met genoegen naar de even moole
2204 3332 3083 3395 soberheid van den heer Van Veen geluisterd
2202 3373 2382 3439 hebben
2246 3392 3086 3458 Goede verschifningen in dit stuk waren nog
2208 3437 3082 3499 mevr. De Gruyter, die ons wel degelisk haar
2215 3485 3081 3529 naderend einde deed vöörgevoelen, de heer
2211 3499 3096 3576 Van Thillo, de „père François“ in dit geval,
2216 3547 3112 3606 welke zich een zeer aannemelijke figuur van
2218 3589 3090 3642 „directeur général des beaux arts“ had ge¬
2211 3611 3097 3669 maakt, en mej. De Coen, dieß zonder eenige
2217 3663 3099 3716 merkbare inspanning, een type van aftand¬
2208 3695 2732 3744 sche actrice daarneerzette.
2235 3710 3098 3772 De heer Angenot mislukte, als altijd, in
2204 3769 3081 3815 zlin pogingen om een rijpen lady-killer te
2210 3797 3081 3842 zijn en mej. Van Santvoort, die een scort Re¬
2220 3823 3088 3884 becca West uit „Rosmersholm“ te spelen had,
2219 3859 3096 3923 wandelde den heelen avond op het tooneel
2211 3903 3083 3977 rond, alsof ze ’nen reuzenkater had van gis¬
2951 3940 3056 3991 RIP.
2214 3952 2343 4003 teren.
2237 4015 3080 4073 Maandag 16 Januari om 8 uur „De Eenzame Wegy,
2216 4062 3085 4112 het prachtige tooneelspel door Arthur Schnitzler.
2237 4083 3081 4122 Woensdag a.s., om 8 nur, laatste voorstelling van
2209 4113 2592 4155 „De Eenzame Wege.
2816 4107 3115 4169 ins tocheelspel
3063 182 3173 240 2001
3062 227 3167 273 veel
3069 264 3164 308 gevr
3063 299 3159 345 lée“
3064 332 3168 381 8 gr
3089 365 3175 414 In
3063 404 3164 450 star
3070 440 3168 495 vori
3090 475 3170 515 In
3069 509 3168 555 aan
3069 547 3154 588 feti
3082 572 3163 633 WO
