3484 4256
1337 100 1923 189 box 23/3
303 119 1290 211 18. Der einsane Neg
1156 845 1526 928 Telephon 12801.
1204 928 1377 1012 95
607 953 1332 1054 „USSEMER
452 1040 1554 1128 I. österr. behördi. konz. Unternehmen für Zeitungs-Aussohnitte
636 1083 1369 1173 Wien, I., Concordiaplatz 4.
853 1152 1156 1224 Vertretungen
453 1207 1535 1267 In Berlin, Budapest, Chicago, Christiania, Genf, Kopenhagen,
445 1248 1537 1310 London, Madrid, Mailand, Minneapolis, New-York, Paris, Rom,
609 1293 1378 1341 San Francisco, Stockholm, St. Petersburg.
786 1332 1204 1395 (Quellenangabe ohne Gewäbe.)
446 1392 858 1461 Ausschnitt aus:
435 1446 587 1510 17 5.
454 1507 609 1549 vom:
669 1454 1534 1599 Wiener -Alleemeine Zeitung, Wien
410 1606 1546 1752 Theater, Kunst und Literatur.
1145 1727 1503 1792 Wien, 16. Mai.
485 1793 1545 1839 (Gastspiel des Lessing=Theaters.) Zum
405 1822 1538 1892 etstenmal: „Der einsame Weg“, eine Melancholie in
408 1874 1547 1942 fünf Akten von Arthur Schnitzler (Ueber die noch aus¬
400 1923 1538 1989 führlicher zu berichten sein wird.) Herr Bassermann ist
406 1968 1544 2052 außerordentlich. Seine Ruhe, seine Noblesse, seine stille Inten¬
403 2019 1547 2077 sität wirken sehr. Er macht alles in sich ab; in die Stimme
412 2068 1552 2123 dringt nur der letzte Hauch innerer Stürme, die Augen um¬
404 2109 1552 2172 flackert höchstens noch ein leises Wetterleuchten innerer Gewitter.
411 2159 1546 2230 Einer, der seine Art nur sorgfältig filtriert durchläßt. Man kann
408 2223 1557 2274 sich in arlieulo mortis nicht appetitlicher benehmen, als Herr
410 2269 1552 2325 Bassermann; „der sterbende Gentleman“. Sein gepflegter
401 2317 1559 2370 Intellekt hebt sich so „schön“ vom dunklen Fond der Todes¬
405 2356 1550 2414 Gewißheit ab, wie eine soignierte weiße Hand von
405 2399 1550 2475 einer schwarzen Hose. Nun, es wirkt ein bißchen kokett.
406 2474 1555 2516 Seine Stirne ist ganz licht von den Helligkeiten da¬
409 2498 1560 2559 hinter; und bewundernswert ist die schöne, schwankungslose
416 2559 1560 2615 Balance, in der Herr Bassermann auf dem gefährlichen Platz
417 2599 1558 2672 steht, den der Dichter für ihn ausgesucht: über der Situation.
419 2648 1566 2714 Herr Sauer, später undeutlich, ist in der Szene des Wieder¬
417 2707 1562 2773 sehens mit dem Jugendfreund von schönster Einfachheit und
417 2744 1558 2812 Junigkeit. Else Lehmann ist erfrischend. Die Fenster scheinen
419 2802 1559 2856 offen, wenn sie da ist, und der Weisheitsdunst der Komödie zieht
423 2840 1574 2912 ein wenig davon. Herr Stieler nimmt sich viel Mühe.
412 2879 1595 2974 (Einen faszinierenden, ehemals zumindest faszinierenden Künstler,
428 3020 1578 3071 soll Herr Reicher spielen. Es war unerträglich. Er spielte einen
435 3064 1577 3117 salbungsvollen Antiquitätenhändler in einer vom Jargon sanft ge¬
434 3100 1568 3170 wellten Spzache. Die hochgezogenen Augenbrauen und das schmerzliche
433 3160 1575 3209 „Ach, di mein Gott!“=Gesicht der Frau Triesch verlieren
443 3196 1566 3258 allmäßlich an Interesse. Am besten sind ihre kurzen Gefühls¬
432 3241 1571 3297 exylösionen, sozusagen ihre „konzentrierten Momente“. Es war
427 3307 1566 3376 ein guter Augenblick des Abends, als Frau Triesch sagte: „Ich
440 3348 1583 3410 liebe Dich!“ Die Schnitzlerschen Frauen haben noch manchmal
438 3410 1583 3451 den Mut zur Unbedenklichkeit. Es ist eine Erquickung. Sie sagen
427 3437 1579 3499 doch noch, will's der Moment: „Ich liebe Dich!“ während die
426 3483 1575 3545 Männer wehmütig lächelnd nur sprechen: „Ich (o, was will das
439 3529 1594 3601 sagen: Ich?) liebe (Ach, was heißt nun dies Wort: Liebe?)“
433 3584 1289 3663 Dich (hélas, wer ist das eigentlich: „Du“ 21?).
1294 3628 1561 3685 „
2494 1130 2888 1219 Telephon 12801.
2615 1203 2758 1287 55
2016 1251 2694 1342 „UBSERVEN
1825 1305 2931 1405 I. österr. behördi. konz. Unternehmen für Zeitungs-Ausschnitte
2022 1375 2742 1470 Wien, I., Concordiaplatz 4.
2242 1449 2547 1506 Vertretungen
1838 1464 2934 1558 in Berlin, Budapest, Chiengo, Christienia, Genf, Kopenhagen,
1833 1523 2947 1608 London, Madrid, Mailand, Minneapolis, New York„Paris, Rom,
2015 1573 2759 1639 San Francisco, Stockholm, St. Petersburg.
2179 1616 2595 1678 (Guelisnangabe ohne Gewähr.)
1847 1696 2281 1788 Ausschnitt aus:
2217 1744 3013 1840 leugkoits Weltblatt, Wien
2075 1801 2244 1864 17. 5.
1846 1827 2007 1875 vom:
1886 1875 2865 1952 Theater an der Wien. Es ist nicht gut, wenn ein
1849 1925 2900 1992 Autor, der uns als feinsinniger Dichter gilt und dessen
1855 1970 2879 2036 heimlichen Stimmungswegen wir gerne folgen möchten,
1845 2011 2960 2085 auf Pfade führt, die wir früher mit einem Größeren ###
1847 2046 2866 2116 begangen. Das verwirrt, das trübt den objektiven Blick,
1856 2088 2869 2145 den wir für seine Weise so gerne haben möchten und —
1849 2141 2876 2175 wir werden des Spazierganges nicht froh. „Der ein¬
2885 2159 2943 2204 5
1862 2161 2872 2223 same Weg“, den uns Schnißler gestern mit dem
1856 2194 2876 2255 Ensemble des Lessing=Theäiers führte, folgte Ibsens
1852 2231 2867 2294 Spuren. Er ist ein Nachempfinder, sagten seine Feinde
2883 2243 2943 2294 9
2883 2290 2933 2326 2.
1857 2273 2869 2329 und Neider. Und doch, mich dünkt, er habe trotz allem
2881 2320 2946 2356 —
1863 2310 2874 2366 in diesem Werke mehr seines dichterischen Könnens
1855 2345 2874 2408 gezeigt als sonstwo. Die einsamen Wege, welche all die¬
2893 2351 2957 2421 8
1849 2382 2873 2458 jenigen gehen müssen, die immer nur Liebe genommen,
1857 2419 2886 2477 ohne je Liebe zu geben, haben keinen besseren Schilderer
1860 2456 2888 2518 noch gefunden. Die großen Egoisten, die echten Lebens¬
1863 2507 2882 2558 künstler, die den Tag nützen, weil ihnen nur der Tag
1858 2524 2896 2592 gilt, rechnen nicht mit dem Morgen, legen kein Kapital
1866 2572 2891 2630 Liebe für die Zukunft an, dessen Zinsen ihr Alter ver¬
1859 2606 2883 2671 süßen soll. Nicht Weib noch Kind begleiten auf dem
1859 2647 2885 2703 Wege in die Zeit der Erinnerungen und vergeblich
1865 2682 2887 2743 hascht das müde, halb resignierte Wollen nach weichen
1869 2720 2890 2787 Händen, die liebkosen sollen, sehnt ein noch immer liebe¬
1873 2758 2890 2818 verlangendes Herz sich nach einem Herzen, das kindliche
1874 2789 2899 2856 Liebe gibt. An einem feuergeistigen, verbummelten
1869 2837 2887 2892 Künstler, an einem kühlüberlegenden, feingeistigen Genuß¬
1865 2872 2901 2943 menschen zeigt dies der Dichter auf. In den Händen
1868 2907 2886 2976 Riechers wurde die Rolle des bummeligen Künstlers,
1873 2951 2894 3007 der sich nach der Liebe seines Sohnes sehnt, dessen Vater
1877 2987 2896 3044 er vor der Welt nicht ist, nur undeutlich geformt. Besser
1878 3025 2901 3086 gab Bassermann den Lebenskünstler v. Sala, dem
1879 3066 2902 3123 noch im letzten Augenblick ein Glück an die Brust fliegt,
1881 3098 2906 3149 das er nicht mehr zu genießen vermag. Dieses Glück
1866 3134 2902 3188 war Irene Triesch — eine echt Ibsensche Figur voll
1882 3187 2904 3234 Lebensdrang, Genußsucht und Selbstopferungsfähigkeit.
1882 3211 2903 3277 Die feinen nervösen Beziehungen, die der Dichter spinnt.
2819 3240 2904 3292 Er
1875 3249 2817 3318 waren für ein Drama aber zu wenig grobfädig.
2822 3283 2900 3339 als
1878 3287 2820 3345 wurde wiederholt gerufen. Vielleicht zu stürmisch,
1871 3325 2901 3376 daß es für spontanen Ausbruch des Beifalls hätte ge¬
1877 3360 2898 3409 nommen werden können. — Neben Irene Triesch stand
1878 3387 2915 3471 die ursprüngliche Natur der Lehmann wie die einer
1883 3432 2903 3492 anderen Niese, mit beiden Füßen in der Wirklichkeit.
1881 3476 2917 3528 Nur eine Episodenrolle spielte sie, wie sie selbst eine
1886 3513 2903 3565 Episode im Leben des verbummelten Künstlers gewesen,
1887 3541 2913 3625 aber sie holte sich den größten Beifall. Dieser Beifall
2624 3582 2889 3638 X. v. 6—g.
1871 3599 2082 3660 war echt!
