3392 4384
152 283 1182 375 heiten, Verrücktheiten und Nöten. Wir verstehen
150 332 1163 430 sie nicht, sie rühren uns nicht, sie vermögen uns
143 393 1175 488 kaum zu interessieren. Sie ergehen sich in klugen,
150 452 1180 543 bilderreichen Reden, sie seufzen viel und bemühen
152 512 1179 603 sich umständlich um unsere Teilnahme. Sie be¬
151 569 1177 672 slagen sich über unerreichbares Glück und tun
150 617 1177 725 hlles, um unglücklich zu sein. Sie treiben Miß¬
141 685 1179 793 rauch mit den Worten Liebe, Vater, Mutter,
154 758 1200 848 Sohn. Und sie leben nicht lange und es ergeht
159 815 773 910 hnen nicht wohl auf Erden.
219 850 1187 962 Diese Menschen sind nicht von unserem Fleisch
157 921 1203 1014 und Blut. Um diese Menschen zu erklären, bedarf
159 973 1196 1067 ich nur eines Wortes: Es sind jüdische Menschen.
162 1039 1200 1131 Sie sind die Kreaturen eines Dichters, der glaubt,
161 1091 1205 1186 das uralte Erbteil seiner Rasse: ihre Unstetheil,
160 1149 1195 1249 ihren zersetzenden Zweifel an allen lebensbejahen¬
155 1197 1200 1298 den Werten als dramatischen Atem verwerten zu
156 1266 1204 1379 skönnen. Es gibt kaum ein Schnitzlersches Stück,
164 1323 1199 1422 an dem sich dies nicht nachweisen ließe. Viele
163 1381 1208 1475 von Ihnen haben wienerischen Glanz und Duft.
164 1438 1216 1540 Wie himmelweit aber liegen sie ferne von unse¬
166 1508 1217 1595 rem Wesen und Denken. Denn ihr Wienertum
160 1569 1208 1663 fist nur Anstrich, nur Fassade. Wie absolut wesens¬
171 1617 1217 1720 ffremd uns die Art doch ist, im Gespräch unsere
174 1676 1215 1783 Gefühle zu zerfasern, sie mit glänzenden Worten
165 1753 1210 1845 vor dem anderen auszubreiten, ihm unsere Träume
170 1806 1200 1924 sund Vorstellungen aufzudrängen, wie es so viele
1188 1716 2248 1933 enstune den Senche dn Zischenstun den
162 1876 1191 1987 her Schnitzlerschen Menschen kun. Wie sehr es
1192 1919 1431 2010 Theaters.
167 1930 1198 2042 doch gegen unsere Natur ist, hinter allen, auch
1294 1934 2239 2046 Der einsame Weg führt in unermeßliche
166 1985 1185 2100 hinter den klarsten Dingen, Anlässe zu quälend
1202 2007 2248 2101 Trostlosigkeit. Laster und Gemeinheit sind als
173 2053 1188 2151 fiefsinnigen Grüblereien aufzuspüren! Dieser ein¬
1203 2063 2249 2162 Wegweiser an seinen Rändern aufgestellt und
170 2110 1198 2207 ame Weg spielt sich ab in ein paar Herbstlagen,
1215 2134 1940 2227 kein Sonnenstrahl vergoldet ihn.
164 2172 1200 2277 Deren Schönheit oft beieuert wird, niemals aber
1295 2179 2248 2276 Anruf und Frage an das Hofburgtheater:
174 2237 1207 2340 bhne einen Seufzer, wie ich mich denn überhaupt
1212 2246 2261 2364 Wodurch sah sich diese Hofbühne veranlaßt, dieses
169 2304 1206 2398 nicht entsinne, während des ganzen Stückes auch
1212 2297 2260 2413 alte, nokorisch schlechte, anderweilig längst durch¬
172 2345 1203 2449 ur ein einziges Mal lachen gehört zu haben.
1214 2359 2271 2485 gefallene, ja bei der Première am Deutschen
181 2404 1206 2501 Wie gründlich verkennt dieser Dichter, dessen
1225 2414 2268 2523 Theater in Berlin laut und rücksichtslos ver¬
173 2466 1203 2569 wienerische Note man oft rühmen gehört hat, das
1222 2485 1889 2587 lachte Stück aufzuführen!?“
172 2521 1208 2650 Wiener Wesen und die Wiener Landschaft, die
1319 2536 2275 2635 Und dieses Machwerk wird von der „Neuen
176 2585 1212 2689 sauch dann noch heiler sind, wenn sie wehmütig
1234 2600 2270 2698 Freien Presse“ wie zum frechen Hohn in einem
183 2646 1221 2748 sind. Welch ein Nutznießer ist er am Blute dieser
1222 2659 2055 2791 Sspaltigen Feuilleton also gepriesen:“
188 2701 1219 2803 Stadt, der man einreden will, sie habe ihm als
1331 2681 2278 2822 „Vor Jahren wurde „Der einsame Weg“,
189 2764 1232 2871 ihrem Dichter zu danken. Auch heute wieder slogen
1230 2742 2289 2878 von Berliner Gästen einige Male aufgeführt, doch
187 2817 1235 2923 uns unausgesetzt Worte, wie: Dornbach, schöner
1225 2831 2295 2928 1 mit den Schauspielern verschwand auch das Schau¬
188 2890 1223 2983 Weg bei Salmannsdorf, Türkenschanze um die
1244 2888 2285 3002 spiel. Für das Burgtheater ist es ganz neu. Un¬
191 2937 1227 3032 Ohren, daß wir wohl meinen solllen, weiß Gott
1245 2959 2291 3059 streitig gehört es zu Arlur Schnitzlers feinsten
183 2997 1233 3127 wie wienerisch doch dieses Stück sein müsse. Allein
1252 3004 2302 3119 dramatischen Dichlungen; wir sagen nicht zu seinen
194 3070 1241 3160 mir ist nicht bange. Denn die Erkenntnis, daß
1248 3060 2305 3164 besten. Jedenfalls kann man sich kein zarleres
191 3122 1237 3217 auch der herrlichste Herbstwald von Dornbach nur
1249 3127 2290 3238 Gewebe denken. Das Stück almet eine Melan¬
204 3176 1242 3277 so lange schön ist, so lange Schnitzlersche Menschen
1263 3194 2297 3292 cholie, die uns wie ein süßes Gift beläubt, und
198 3231 1241 3339 dort keine Villa haben, und diesen Landschafts¬
1255 3240 2302 3346 ganz eingetaucht ist es in jene Zwielichtstimmung,
197 3294 1246 3394 zauber nicht als Hintergrund für ihre unsauberen
1265 3304 2312 3406 die Formen und Farben der Dinge noch erkennen
195 3366 1251 3449 dramatischen Geschäfte mißbrauchen, diese Erkennt¬
1260 3381 2310 3468 läßt, alles Stoffliche aber mit einem Schleier um¬
208 3413 1257 3506 nis muß sich als viel, viel stärker erweisen, als
1265 3427 2314 3533 hüllt und greifbare Gestalten in hineingehauchte
201 3481 1256 3564 die Bemühungen sämtlicher Feuilleionisten, die
1270 3474 2316 3582 Traumgebilde aufzulösen scheint. Mit ungewöhn¬
204 3534 1261 3635 uns Schnitzler immer als den feinsten Kenner
1272 3535 2324 3652 licher Kunst wird dieser Grundton durch das
216 3587 1255 3694 der Wiener Seele und Wiener Landschaft anpreisen.
1267 3612 2316 3708 ganze Stück hin festgehalten. Man muß eigent¬
300 3657 1259 3755 Ganz und gar unbeschenkt, wie wir selten
1275 3653 2323 3772 lich von zwei Stücken sprechen, wovon das eine
209 3705 1264 3793 noch das Theater verließen, entläßt uns diese
1274 3729 2326 3819 mit dem dritten Akt endigt, das andere aus den
220 3765 1261 3866 Komödie. Sie bedeutet in keiner Hinsicht einen
1284 3783 2326 3892 elwas lose angehängten letzten zwei Akten besteht
226 3820 1267 3917 Gewinn, kann aber unter Umständen sehr wohl
1278 3831 2320 3952 Zwischen beiden Teilen fehlt der organische Zu¬
219 3881 1265 3978 Verluste bringen. Denn Schnitzlers Art, so ziem¬
1284 3890 2338 4004 sammenhang, sie sind nicht Früchte desselber
218 3938 1266 4058 lich alle Gefühle zu verhöhnen und zu verleug¬
1284 3958 2330 4051 Baumes, und man würde dieses zwiespältige
226 4002 1271 4102 nen, die nach unseren Begriffen den wertvollsten
232 4012 2342 4162 ethischen Besitzstand unseres Volkes bilden, be¬ Wesen des Schauspiels als schweren Fehler emp¬
2256 1766 3304 1892 finden, wenn nicht jene durchlaufende Grund¬
2253 1831 3300 1949 stimmung das eine mit dem andern verbände.
2254 1893 3308 2006 Die Einheitlichkeit des Werkes liegt in der Ton¬
2253 1949 3310 2067 art, in diesem modus minor, der wehmütig
2257 2025 3072 2117 lächelnd durch alle fünf Akte waltet.“
2353 2035 3318 2181 Wer das Recht hal, Herr Brecka, der frei
2263 2127 3313 2236 und unabhängig nur mit den Maßstäben der
2272 2170 3319 2302 Kunst, der Ethik und Asthetik mißt, oder der
2265 2244 3323 2347 ungenannte Feuillekonist des Hauptjudenblattes,
2280 2303 3321 2416 dessen nationaler Beruf und bezahlte Pflicht es
2282 2363 3326 2469 ist, den Stammesgenossen in den Himmel zu er¬
2281 2428 3324 2523 heben und über Schiller, Goethe und Grillparzer
2330 2474 3336 2595 u stellen, das werden unsere Leser wohl selbst
3123 2545 3249 2615 ert.—
2287 2572 2705 2673 teurteilen können.
