3484 4352
299 393 1303 496 18. Der einsane Nes
1462 368 1915 467 box 23/5
1192 1300 2039 1455 „OBSERVER
1303 1429 1995 1501 I. österr. behördl. konzessioniertes
1259 1472 2034 1562 Unternehmen für Zeitungs-Ausschnitte
1336 1534 1954 1620 WIEN, I., WOLLZELLE 11
1403 1594 1885 1663 TELEPHON R-23-0-43
1223 1730 1604 1815 Ausschnitt aus:
1573 1796 2151 1881 ##Freie Presse, Wien
1635 1863 1972 1948 Auendblatt
1637 1925 1733 2010 8.
1232 1968 1379 2024 vom:
1343 2094 2426 2183 (Vorlesung Gertrud Klastersky=Kolar.) In der Urania
1254 2170 2409 2220 veranstaltete kürzlich Gertrud Klastersky=Kolar unter
1265 2210 2417 2255 Mitwirkung von Marianne Mislap=Kapper einen den
1264 2241 2417 2297 Manen Rilkes, Schnitzlers, Trakls und Hofmannsthals gewid¬
1260 2279 2413 2344 meten Dichterabend. In einer einleitenden Conférence wies Trudl
1272 2326 2410 2381 Glogau auf das Gemeinsame dieser vier Heimgegangenen, doch
1253 2375 2415 2423 Unvergeßlichen hin, die alle Dichter der Jahrhundertwende waren
1267 2406 2423 2463 und alle Dichter der Empsindjamkeit. Indem sie das künstlerische
1273 2453 2422 2509 Prosil jedes einzelnen von ihnen sehr glücklich umriß, gelangte sie
1271 2492 2423 2550 bei Rilke zu dem Schluß: er verlor sich in der Fülle der Welt und
1264 2549 2427 2594 blieb doch Individualist. Weniger bekannt als Rilke, Schnitzler
1262 2589 2428 2632 und Hofmannsthal ist Trakl, wie Hölderlin gekennzeichnet durch
1267 2620 2426 2681 eine tiefgründige Melancholie. Während Hölderlin jedoch aus der
1266 2656 2422 2722 Antike schöpft, ist Trakl der Dichter des österreichischen Berg¬
1270 2716 2416 2757 landes. Sein Leben glich einer Flamme, die sich selbst verzehrt;
1279 2742 2426 2811 siebenund zwanzigjährig, starb er an den scelischen Erschütterungen
1271 2782 2417 2837 des Weltkrieges. Nach dieser von Trudl Glogau hübsch gesprochenen
1269 2816 2437 2873 essayistischen Einführung brachte Gertrud Klastersky=Kolar zunächst
1275 2865 2435 2922 eine Auswahl von Gedichten von Rainer Maria Rilke zum Vor¬
1440 2922 2428 2970 Bekanntes und minder Bekanntes, Verse, zart wie
1272 2923 1438 2975 trag —
1280 2962 2422 3006 Blüten im Frühlingswind, durchdustet von verseinerter Geistig¬
1274 2990 2429 3048 keit, getragen und beschwingt von einer wundersamen Musik der
1275 3021 2437 3085 Secle. Auch in den Gedichten Hosmannsthals und Trahls erwies
1286 3075 2435 3126 Gertrud Klastersky=Kolar sich als seinsinnige und geschmackvolle
1285 3117 2429 3175 Interpretin, doch erreichte sie ihre höchste Ausdruckskraft in den
1282 3161 2425 3219 dramatischen Szenen aus „Die Frau am Fenster“ von Hugo
1275 3203 2186 3271 v. Hofmannsthal und „Der einsame Weg“ von Arth
1280 3229 2432 3294 die sie mit seiner Eindringlichkeit und plastischer Gestaltung zu
1277 3291 2425 3347 packender Wirkung brachte. Marianne Mislap=Kapper sang, von
1282 3337 2425 3381 Franz Mittler am Klavier begleitet, sehr anmutig Lieder
1286 3368 2434 3426 von Rilke, Trakl und Hofmannsthal in der Verlonung von Franz
1278 3410 2427 3458 Mittler und Wilhelm Grosz und durfte sich mit Gertrud Klastersky
1274 3450 2439 3510 in die Ehren des Abends und in den reichen und herzlichen Beifall
2222 3496 2408 3564 ——.
1267 3500 1685 3572 des Publikums teilen.
