3484 4256
1073 325 1167 395 W
1426 326 1889 422 box 23/1
258 318 1001 433 18. Der einsan
924 336 1435 435 ne neg
444 961 1302 1142 Dr. Max Goldschmidt
668 1122 1057 1219 Bureau für
613 1188 1158 1283 Zeitungsausschnitte
368 1249 1390 1343 verbunden mit direktem Nachrichtendienst durch
609 1320 1150 1392 eigene Korrespondenten.
1418 1306 3275 1398 Stückes. Der erstgeborene Felix, Offizier, ist die worden, nicht verlassen darf in seinem herzzer¬
1441 1364 3249 1433 Frucht der sündhaften Liebe Gabrieles und reißenden Jammer. Da kommt es zwischen Felix
902 1361 1342 1446 Telephon: III, 3051.
405 1370 814 1448 Berlin N. 24.
476 1401 1331 1498 ——
1421 1424 3250 1484 Fichtners; aber er hat natürlich keine Ahnung und Sala zu einer Auseinandersetzung, aus deren
1417 1461 3252 1518 von seiner Herkunft. Er sieht in Fichmer ledig= Verlauf dem Bruder der ganze Zusammenhang
2339 1500 3259 1558 klar wird. Der Bruder wird den Schimpf an
639 1480 1119 1576 Ausschnitt aus
1424 1515 2333 1573 lich den Freund seines Vaters und seiner Mutter.
2328 1543 3258 1608 dem Verräter rächen. Sala jedoch zieht es vor,
1424 1554 2333 1618 Außer ihm lebt die Schwester Johanna, neu¬
2327 1578 3253 1667 sich selbst aus der Reihe der Lebenden zu
1417 1581 2340 1656 rasthenisch geworden in ihren Empfindungen und
2334 1616 3258 1690 streichen. Drei Tote hat das Stück gefordert.
1424 1641 2334 1703 in ihrem Handeln. Fichtner hat auf seiner
2328 1670 3255 1739 Herr Schnitzler aber hat diese Toten alle auf
1425 1686 2335 1740 Rückreiie nach Wien den jungen Offizier in
634 1611 1293 1751 Magdeburgische Zeitung
2327 1709 3257 1770 seinem Gewissen. Es waren nutzlose Opfer.
1423 1723 2343 1788 seiner Garnison besucht. Sein Vatergefühl er¬
2332 1759 3266 1814 Gäbe es ein Standesamtsregister für dramatische
1428 1769 2337 1841 wacht übermächtig in ihm. In einer groß —
2330 1800 3256 1857 Leichen, dann müßte auf dem Totenzeitel für
1423 1811 2343 1874 das heißt breit — angelegten Szene zwischen
2331 1840 3269 1925 diese Leichen eingezeichnet stehen: Todesursachen
1432 1843 2335 1915 ihm und Felix wird das Geheimnis seiner Ge¬
803 1874 1101 1972 16. 2.54
1433 1890 3262 1958 burt, sein Anblick jenes Porträts seiner Mutter nicht zu ermitteln. Herr Schnitzler hat mit den
1425 1928 3254 1996 ossenbar. Der junge Offizier will indessen von willkürlichen Erzeugnissen seiner dichterilchen
1424 1972 3260 2052 seinem „Erzeuger“ nichts wissen. Wegrath ist] Laune nichts anzufangen gewußt, deshalb hat:
2337 2016 3264 2076 er ihnen, einem nach dem anderen, einfach das
570 1981 1382 2109 Berliner Theaterbrief.
1428 2032 2342 2081 ihm in Wahrheit sein Vater; Fichtner hat kein
2343 2064 3257 2124 Lebenslichtlein ausgeblasen. Fichtner mag seiber
1430 2074 2346 2138 Aurecht auf ihn. Felix hält sich tapfer und er
703 2077 1235 2166 „Der einsame Weg“.
2331 2105 3258 2175 zusehen, wie er sich in seinem Dasein nach dem
1433 2121 2339 2177 verrät sich seinem Vater mit keiner Miene.
2345 2150 3255 2212 Stücke zurechtfindet. Vermutlich wird er sich
605 2144 1368 2236 Schauspiel von Athur Schnitzler.
1410 2157 2347 2232 #### Kkx und Fichtner weiß nur Einer noch
2332 2175 3269 2260 mit einer ausrangierten Schauspielerin namens
1439 2204 2335 2263 um das Geheimnis, ein Herr v. Sala; so eine
560 2189 1429 2278 Der von so vielen Bühnenerselen Felrächene
2342 2241 3266 2298 Irene Herms zusammentun, mit der er schon
1448 2247 2344 2309 Art von Salon=Mephisto. Er ist reich, unab¬
521 2248 1441 2314 Wiener Sittenschilderer hat sich gestern mit
2337 2279 3270 2345 früher eine Liaison unterhalten hatte. Diese
1432 2292 2349 2365 hängig, bar und ledig von jeder Pflicht, alle it
520 2301 1443 2360 seinem neuen, sehr ernst gemeinten fünsaktigen
2339 2321 3258 2384 Person, ein verwienertes Stück von einer Philine,
1436 2336 2332 2411 bereit, sich in irgend ein Abenteuer zu stürzen,
533 2346 1442 2409 Schauspiel in des Wortes eigenster Bedeuung
2336 2362 3263 2429 ist eine alte gute Bekannte aus Schnitzlers
1432 2376 2335 2442 gleichviel in eine Liebelei oder in eine wissen¬
535 2398 1431 2446 auf einem ganz einsamen Wege besunden, auf
2332 2414 3266 2482 „Anatol=Zyklus“. In dieser einzigen Figur ist
1435 2418 2345 2482 schaftliche Expedition nach Bakterien. Er ent¬
530 2428 1437 2493 welchem ihm die sonst so willige Zuhörerschaft
2335 2458 3258 2529 wenigstens ein Stück Kreatürlichkeit vorhanden
1441 2467 2344 2539 schließt sich zu letzterer. So nebenbei sordert
519 2480 1439 2549 nicht folgen konnte. Zwischen der Welt im Stücke
2341 2499 3264 2551 Echtes Schnitzler=Bühnenblut. Alle übrigen
1435 2510 2355 2571 er auch den jungen Wegrath zur Mitbeteiligung
527 2522 1437 2573 und der Schuld der leidenden Hauptperson
2337 2549 3264 2605 Personen sind aus widrigen Elementen in der
1444 2542 2350 2620 auf. Die Sache läßt sich wie ein Spaß an; sie
523 2557 1443 2624 liegen dreiundzwanzig Jahre. Damals war der
2344 2590 3274 2650 Feuilletonretorte zusammengegossen. Es fehlen
1438 2599 2344 2663 wird aber Ernst. Alles ist im besten Zuge.
519 2613 1445 2664 1 Maler Zichtner jung und ein Künstler, auf den
2338 2637 3275 2689 ihnen zu allermeist jedwede Vorbedingungen zu
1438 2620 2348 2700 Felix hat seinen Urlaub erbeten und erhalten.
521 2653 1444 2713 die Bezeichnung „vielversprechend“ mit bestem
2339 2670 3269 2739 einem wirklichen Dasein. Felix und der alte
1438 2683 2355 2743 Es geht nur noch an ein Abschiednehmen. Da
532 2696 1444 2751 Jug angewendet werden konnte. Damals war
2339 2694 3279 2792 Wegrath vor allem hätten aber wirklich ein
1448 2729 2358 2794 ist aber noch Johanna auf der Welt. Zum Mit¬
528 2747 1448 2795 Gabriele, die spätere Gemahlin des Alademie¬
2792 2755 3283 2822 Sie haben nichts ver¬
2339 2767 2793 2822 besseres Los verdient.
1444 2759 2350 2831 leid hat sie gar keine Anlage. Dem trauernden
531 2784 1444 2841 direklors Wegrath und Mutter zweier in der
2342 2802 3276 2862 brochen und müssen trotzdem ein so namenloses
537 2821 2349 2884 Ehe geborener Kinder, ebenfalls jung und wunder= Vater steht sie eine innerlich Fremde gegenüber,
3034 2839 3283 2905 Schnitzler
2343 2853 3007 2910 Elend mit sich herumschleppen.
533 2856 2348 2933 herrlich erblüht. Der Liebestraum der beiden Aber für den Herrn v. Sala hat sie Etwas
2354 2872 3277 2952 sollie klüglich den einsamen Weg für die Zu¬
1434 2909 2347 2978 übrig, und Sala besinnt sich keinen Augenblick,
533 2919 1446 2991 jungen Leute war lurz. Unmittelbar vor der
2352 2936 3278 2996 kunft vorsichtig meiden und lieber wieder zu
527 2948 2356 3021 Trauung verläßt der Geliebte sein angebetetes] auf den Liebeshandel einzugehen. Johanna
2345 2972 3265 3030 seinen witzigen Einaktern von früher zurückkehren.
519 2984 2362 3056 Mädchen: ohne Grund trennt er sich von ihr,1 kann ja ebenfalls die Expedition nach
2347 3000 3277 3079 Dann wird man ihm wieder gern bei seinen
1440 3031 2349 3101 Bakterien mitmachen — aber als seine Frau.
528 3047 1451 3105 ohne Reue, wie er selbst sagt, geht er von
2344 3068 3270 3136 dialogischen Zierlichkeiten zusehen und über
1446 3078 2359 3136 Indessen macht Johanna diesem Plaue einen
525 3090 1461 3154 dannen und führt ein Nomadenleben in der
2357 3093 3274 3170 manche geglückte Wendung lächeln. Fünf Akte
1434 3132 2357 3178 dicken Querstrich. Sie springt in den Teich, der
520 3123 1454 3203 Kunst wie in der Liebe. Gabriele aber heiratet,
1446 3153 3278 3229 sich im Schloßgarten Salas befindet. Er hat hindurch endlose Zwiegespräche mit anhören zu
537 3170 1457 3240 wie schon gesagt, den Male Wegrath, den
1455 3193 3284 3263 sonst gar keine andere Bestimmung. Alles istmüssen, ist jedoch eine allzu harte Zümutung.
528 3215 1455 3282 Freund ihres Verführers und Verräters. Man
1445 3244 3274 3302 in der änfersten Bestürzung. Der Vater Weg= Hätte die Zuhörerschaft Herrn Schnitzler nicht
529 3250 1449 3335 hatte lange Zeit nichts von ihm in seinen Wiener
1440 3280 3276 3362 rath ist ganz zerknirscht, ganz zermalmt. Felix von seinen früheren feinzisilierten dramatischen
523 3300 1446 3375 Freundeskreisen erfahren. In dem Augenblicke,
1442 3333 3284 3410 weiß sich keinen Rat. Nur eines steht fest, daß] Nippfachen her noch in freundlicher und dank¬
521 3354 1440 3412 wo die Bühnenhandlung einsetzt, erscheint er un¬
1436 3371 3279 3435 er den urmen Mann, der jein ganzes Leben hin= bater Erfmerung, es wäre ihm gestein sicherlich
523 3380 1439 3447 Overmmet auf der Bildfläche. Gabriete ist auf
526 3449 3285 3524 #n Tod klant und sirbt schen zu Anfang desi durch von allen auf das Schändlichste beirogeng ein sehr hartes Verditt zuerkannt worden. So
2345 3458 3265 3519 aber würden ihm unter der sicheren Voraus¬
2357 3484 3273 3564 setzung, daß er von dem eingeschlagenen falschen
2341 3547 3267 3606 1 Wege in Zukunft abkommen werde, mildernde
2344 3595 3267 3666 Umstände zugebilligt. Er möge indessen be¬
2352 3625 3279 3691 denken, daß „der einsame Weg“ einen Rückfall
2353 3661 3276 3739 bedeutet; denn „der Schleier der Berenice“
2348 3717 3275 3785 war schon ein arger Verstoß. Also, Vorsicht
2347 3773 2956 3837 wird nunmehr doppelte Pflicht.
2378 3800 2958 3880 Berlin, den 14. Februar.
