<?xml version="1.0" encoding="UTF-8" standalone="yes"?>
<PcGts xmlns="http://schema.primaresearch.org/PAGE/gts/pagecontent/2013-07-15" xmlns:xsi="http://www.w3.org/2001/XMLSchema-instance" xsi:schemaLocation="http://schema.primaresearch.org/PAGE/gts/pagecontent/2013-07-15 http://schema.primaresearch.org/PAGE/gts/pagecontent/2013-07-15/pagecontent.xsd">
    <Metadata>
        <Creator>prov=University of Rostock/Institute of Mathematics/CITlab/Gundram Leifert/gundram.leifert@uni-rostock.de:name=ONB_Newseye_GT_M1+(htr_id=10810)::::v=2.4.2
prov=University of Rostock/Institute of Mathematics/CITlab/Tobias Gruening/tobias.gruening@uni-rostock.de:name=de.uros.citlab.module.baseline2polygon.B2PSeamMultiOriented:v=2.4.2
prov=University of Rostock/Institute of Mathematics/CITlab/Tobias Gruening/tobias.gruening@uni-rostock.de:name=/mnt/transkribus/LA/DEA/URO/LA_news_onb_att.pb:de.uros.citlab.segmentation.CITlab_LA_ML:v=2.4.2
Transkribus</Creator>
        <Created>2019-10-07T11:30:48.582+02:00</Created>
        <LastChange>2019-10-08T13:28:08.385+02:00</LastChange>
        <TranskribusMetadata docId="223970" pageId="9501708" pageNr="522" tsid="16581881" status="IN_PROGRESS" userId="40391" imgUrl="https://files.transkribus.eu/Get?id=NGWZUDVNWEIOPCJLIYWMBVRT&amp;fileType=view" xmlUrl="https://files.transkribus.eu/Get?id=BISTYZHLJIZDLAOYKDZTLVWM" imageId="6191930"/>
    </Metadata>
    <Page imageFilename="223970_0522.jpeg" imageWidth="3436" imageHeight="4384">
        <ReadingOrder>
            <OrderedGroup id="ro_1711450898708" caption="Regions reading order">
                <RegionRefIndexed index="0" regionRef="r1"/>
            </OrderedGroup>
        </ReadingOrder>
        <TextRegion orientation="0.0" id="r1" custom="readingOrder {index:0;}">
            <Coords points="236,395 236,3240 3053,3240 3053,395"/>
            <TextLine id="r1l1" custom="readingOrder {index:0;}">
                <Coords points="1048,427 1059,426 1068,431 1085,428 1074,363 1062,365 1055,375 1040,375"/>
                <Baseline points="1058,420 1072,418"/>
                <TextEquiv>
                    <Unicode></Unicode>
                </TextEquiv>
            </TextLine>
            <TextLine id="r1l2" custom="readingOrder {index:1;}">
                <Coords points="1374,428 1640,426 1677,443 1702,425 1778,431 1801,418 1841,434 1840,379 1800,358 1625,363 1594,395 1559,370 1509,384 1420,364 1374,377"/>
                <Baseline points="1385,423 1411,422 1437,422 1463,421 1489,421 1516,420 1542,420 1568,420 1594,420 1621,419 1647,419 1673,419 1699,419 1726,418 1752,417 1778,417 1804,416 1831,415"/>
                <TextEquiv>
                    <Unicode>box 23/5</Unicode>
                </TextEquiv>
            </TextLine>
            <TextLine id="r1l3" custom="readingOrder {index:2;}">
                <Coords points="225,455 1232,467 1232,389 1192,376 1125,427 958,379 723,378 631,414 478,378 392,404 225,383"/>
                <Baseline points="236,437 285,441 334,443 383,445 433,446 482,447 531,448 580,448 630,447 679,446 728,445 777,445 827,444 876,443 925,442 974,441 1024,441 1073,441 1122,441 1171,442 1221,443"/>
                <TextEquiv>
                    <Unicode>18. Der einsane</Unicode>
                </TextEquiv>
            </TextLine>
            <TextLine id="r1l4" custom="readingOrder {index:3;}">
                <Coords points="1864,1248 2748,1239 2778,1234 2777,1164 1863,1182"/>
                <Baseline points="1873,1225 1917,1226 1962,1227 2007,1227 2052,1228 2096,1228 2141,1228 2186,1228 2231,1227 2275,1227 2320,1227 2365,1226 2410,1225 2454,1225 2499,1224 2544,1223 2589,1223 2633,1222 2678,1221 2723,1221 2768,1220"/>
                <TextEquiv>
                    <Unicode> </Unicode>
                </TextEquiv>
            </TextLine>
            <TextLine id="r1l5" custom="readingOrder {index:4;}">
                <Coords points="1613,1255 1640,1244 1670,1248 1679,1256 1708,1256 1714,1249 1744,1255 1761,1244 1782,1248 1781,1179 1751,1179 1739,1190 1720,1190 1694,1178 1676,1189 1642,1177 1612,1185"/>
                <Baseline points="1623,1225 1652,1228 1682,1228 1712,1227 1742,1226 1772,1224"/>
                <TextEquiv>
                    <Unicode></Unicode>
                </TextEquiv>
            </TextLine>
            <TextLine id="r1l6" custom="readingOrder {index:5;}">
                <Coords points="596,1250 1314,1255 1314,1190 1278,1175 1185,1192 907,1175 835,1202 759,1202 715,1174 596,1187"/>
                <Baseline points="607,1235 641,1234 676,1233 711,1233 746,1232 781,1232 816,1232 850,1232 885,1232 920,1232 955,1233 990,1233 1025,1233 1060,1233 1094,1233 1129,1234 1164,1234 1199,1234 1234,1233 1269,1233 1304,1233"/>
                <TextEquiv>
                    <Unicode></Unicode>
                </TextEquiv>
            </TextLine>
            <TextLine id="r1l7" custom="readingOrder {index:6;}">
                <Coords points="1831,1297 3018,1272 3017,1230 1831,1259"/>
                <Baseline points="1842,1290 1900,1290 1958,1290 2016,1290 2074,1290 2133,1289 2191,1289 2249,1289 2307,1288 2365,1287 2424,1287 2482,1286 2540,1285 2598,1285 2656,1284 2715,1283 2773,1283 2831,1283 2889,1282 2947,1282 3006,1282"/>
                <TextEquiv>
                    <Unicode>kein Vaterrecht erworben hat, wenn er für sein Kind weiter nichts</Unicode>
                </TextEquiv>
            </TextLine>
            <TextLine id="r1l8" custom="readingOrder {index:7;}">
                <Coords points="1834,1335 2810,1342 2987,1328 3023,1292 1834,1305"/>
                <Baseline points="1844,1330 1902,1330 1960,1330 2019,1331 2077,1330 2136,1330 2194,1330 2253,1330 2311,1330 2370,1329 2428,1329 2486,1328 2545,1328 2603,1327 2662,1326 2720,1326 2779,1325 2837,1324 2896,1323 2954,1322 3013,1321"/>
                <TextEquiv>
                    <Unicode>tat, als daß er es in die Welt setzte. Zu einer Begegnung mit</Unicode>
                </TextEquiv>
            </TextLine>
            <TextLine id="r1l9" custom="readingOrder {index:8;}">
                <Coords points="584,1367 1026,1382 1328,1347 1554,1377 1634,1367 1635,1284 1005,1287 879,1235 585,1262"/>
                <Baseline points="595,1351 646,1352 697,1352 749,1353 800,1354 852,1354 903,1355 955,1355 1006,1356 1058,1356 1109,1356 1160,1357 1212,1357 1263,1358 1315,1358 1366,1359 1418,1359 1469,1360 1521,1360 1572,1361 1624,1362"/>
                <TextEquiv>
                    <Unicode>10 Theater und Musik.</Unicode>
                </TextEquiv>
            </TextLine>
            <TextLine id="r1l10" custom="readingOrder {index:9;}">
                <Coords points="1833,1367 3020,1370 3005,1316 1833,1331"/>
                <Baseline points="1844,1368 1902,1369 1960,1369 2018,1369 2077,1369 2135,1368 2193,1368 2252,1367 2310,1366 2368,1365 2427,1364 2485,1363 2543,1362 2601,1361 2660,1361 2718,1360 2776,1360 2835,1360 2893,1361 2951,1361 3010,1362"/>
                <TextEquiv>
                    <Unicode>der Mutter seines Sohnes kommt Fichtner, den Carl Wagner</Unicode>
                </TextEquiv>
            </TextLine>
            <TextLine id="r1l11" custom="readingOrder {index:10;}">
                <Coords points="517,1406 530,1404 544,1388 558,1392 574,1377 593,1374 575,1265 565,1267 554,1280 542,1273 534,1274 511,1291 498,1291"/>
                <Baseline points="522,1376 552,1376 582,1366"/>
                <TextEquiv>
                    <Unicode>00</Unicode>
                </TextEquiv>
            </TextLine>
            <TextLine id="r1l12" custom="readingOrder {index:11;}">
                <Coords points="1832,1418 2890,1414 3014,1368 1831,1367"/>
                <Baseline points="1843,1408 1901,1408 1959,1408 2017,1408 2075,1408 2133,1407 2191,1406 2249,1406 2307,1405 2365,1404 2423,1404 2481,1403 2539,1403 2597,1402 2655,1401 2713,1401 2771,1400 2829,1399 2887,1399 2945,1399 3004,1398"/>
                <TextEquiv>
                    <Unicode>ganz ausgezeichnet in einer wehleidig angehauchten Eleganz dar¬</Unicode>
                </TextEquiv>
            </TextLine>
            <TextLine id="r1l13" custom="readingOrder {index:12;}">
                <Coords points="1827,1446 3027,1437 3026,1390 1827,1406"/>
                <Baseline points="1837,1444 1899,1445 1961,1445 2023,1445 2085,1445 2147,1445 2209,1445 2271,1445 2333,1444 2395,1444 2457,1443 2519,1442 2581,1441 2643,1440 2705,1440 2767,1439 2829,1438 2891,1438 2953,1437 3016,1437"/>
                <TextEquiv>
                    <Unicode>stellt, nicht mehr. Denn Frau Gabriele Wegrath ist schon gleich</Unicode>
                </TextEquiv>
            </TextLine>
            <TextLine id="r1l14" custom="readingOrder {index:13;}">
                <Coords points="892,1441 978,1472 1151,1448 1206,1469 1263,1451 1405,1465 1504,1443 1504,1418 1453,1397 1278,1394 1252,1413 1164,1393 1008,1413 953,1399 891,1420"/>
                <Baseline points="903,1445 932,1446 962,1447 991,1448 1021,1448 1050,1448 1080,1449 1109,1448 1139,1448 1168,1448 1198,1447 1228,1447 1257,1447 1287,1446 1316,1445 1346,1445 1375,1444 1405,1444 1434,1444 1464,1443 1494,1443"/>
                <TextEquiv>
                    <Unicode>Deutsches Schauspielhaus.</Unicode>
                </TextEquiv>
            </TextLine>
            <TextLine id="r1l15" custom="readingOrder {index:14;}">
                <Coords points="1831,1482 3012,1480 3011,1438 1831,1449"/>
                <Baseline points="1843,1482 1900,1483 1958,1484 2016,1484 2074,1485 2132,1485 2190,1485 2247,1484 2305,1484 2363,1483 2421,1482 2479,1482 2537,1481 2595,1480 2652,1479 2710,1478 2768,1477 2826,1476 2884,1476 2942,1475 3000,1475"/>
                <TextEquiv>
                    <Unicode>nach dem ersten Akt, wo sie von Fichtners Ankunft hörte, ge¬</Unicode>
                </TextEquiv>
            </TextLine>
            <TextLine id="r1l16" custom="readingOrder {index:15;}">
                <Coords points="670,1496 1757,1504 1799,1491 1799,1440 670,1454"/>
                <Baseline points="680,1493 735,1494 790,1495 846,1496 901,1497 957,1497 1012,1498 1068,1498 1123,1498 1179,1498 1234,1498 1289,1498 1345,1497 1400,1496 1456,1495 1511,1495 1567,1494 1622,1492 1678,1491 1733,1490 1789,1488"/>
                <TextEquiv>
                    <Unicode>Arthur Schnitzlet, der Dichter der Liebeleien, die, vom</Unicode>
                </TextEquiv>
            </TextLine>
            <TextLine id="r1l17" custom="readingOrder {index:16;}">
                <Coords points="1826,1517 2872,1530 3019,1510 3019,1470 1826,1483"/>
                <Baseline points="1837,1523 1895,1524 1954,1524 2012,1524 2071,1524 2129,1523 2188,1523 2246,1523 2305,1523 2363,1522 2422,1522 2481,1521 2539,1520 2598,1520 2656,1519 2715,1518 2773,1517 2832,1516 2890,1515 2949,1513 3008,1512"/>
                <TextEquiv>
                    <Unicode>storben. Sie hat den Trost ihres Hausargtes, der ihr Geheimnis</Unicode>
                </TextEquiv>
            </TextLine>
            <TextLine id="r1l18" custom="readingOrder {index:17;}">
                <Coords points="603,1547 1672,1550 1802,1538 1802,1490 603,1513"/>
                <Baseline points="613,1535 671,1536 730,1536 789,1536 848,1536 907,1536 966,1536 1025,1536 1084,1536 1143,1536 1202,1536 1260,1536 1319,1536 1378,1535 1437,1535 1496,1534 1555,1533 1614,1532 1673,1531 1732,1529 1791,1528"/>
                <TextEquiv>
                    <Unicode>heißblütigen Leichtsinn der Jugend getragen, ins Nichts vergingen,</Unicode>
                </TextEquiv>
            </TextLine>
            <TextLine id="r1l19" custom="readingOrder {index:18;}">
                <Coords points="1831,1573 3016,1568 3015,1513 1831,1518"/>
                <Baseline points="1841,1559 1899,1559 1957,1560 2015,1560 2074,1560 2132,1560 2190,1560 2248,1560 2307,1560 2365,1560 2423,1560 2481,1559 2540,1559 2598,1558 2656,1557 2714,1557 2773,1556 2831,1555 2889,1554 2947,1553 3006,1552"/>
                <TextEquiv>
                    <Unicode>kannte, mit ins Grab genommen: eine Lüge, die so fest gebaut</Unicode>
                </TextEquiv>
            </TextLine>
            <TextLine id="r1l20" custom="readingOrder {index:19;}">
                <Coords points="594,1588 1804,1581 1766,1532 594,1533"/>
                <Baseline points="604,1575 663,1575 722,1576 782,1576 841,1577 901,1577 960,1577 1020,1577 1079,1577 1139,1577 1198,1576 1257,1576 1317,1575 1376,1575 1436,1574 1495,1573 1555,1572 1614,1570 1674,1569 1733,1567 1793,1565"/>
                <TextEquiv>
                    <Unicode>wenn sie ausgekostet waren, ist in seinem neuesten Stück „Der</Unicode>
                </TextEquiv>
            </TextLine>
            <TextLine id="r1l21" custom="readingOrder {index:20;}">
                <Coords points="1827,1606 3025,1593 2980,1555 1827,1568"/>
                <Baseline points="1837,1597 1895,1598 1954,1599 2013,1599 2072,1599 2131,1599 2190,1599 2248,1599 2307,1598 2366,1598 2425,1597 2484,1596 2543,1596 2602,1595 2660,1594 2719,1593 2778,1593 2837,1592 2896,1592 2955,1592 3014,1592"/>
                <TextEquiv>
                    <Unicode>war, daß sie den Frieden eines Hauses beinahe fünfundzwanzig</Unicode>
                </TextEquiv>
            </TextLine>
            <TextLine id="r1l22" custom="readingOrder {index:21;}">
                <Coords points="596,1620 1757,1620 1799,1582 596,1586"/>
                <Baseline points="607,1613 666,1614 725,1614 784,1615 843,1615 902,1616 961,1616 1020,1616 1079,1616 1138,1615 1197,1615 1256,1615 1315,1614 1374,1613 1433,1612 1492,1611 1551,1611 1610,1609 1669,1608 1728,1607 1788,1606"/>
                <TextEquiv>
                    <Unicode>einsame Wea“ merklich älter und kühler geworden. Er geht</Unicode>
                </TextEquiv>
            </TextLine>
            <TextLine id="r1l23" custom="readingOrder {index:22;}">
                <Coords points="1822,1654 3034,1638 3034,1596 1822,1605"/>
                <Baseline points="1833,1638 1892,1639 1952,1639 2011,1639 2071,1639 2130,1639 2190,1639 2249,1638 2309,1638 2368,1638 2428,1637 2487,1636 2547,1636 2606,1635 2666,1634 2725,1634 2785,1633 2844,1632 2904,1632 2963,1631 3023,1631"/>
                <TextEquiv>
                    <Unicode>Jahre getragen, muß doch besser sein als eine Wahrheit, die im</Unicode>
                </TextEquiv>
            </TextLine>
            <TextLine id="r1l24" custom="readingOrder {index:23;}">
                <Coords points="598,1658 1789,1662 1808,1615 598,1620"/>
                <Baseline points="609,1655 668,1655 727,1655 787,1655 846,1655 906,1654 965,1654 1025,1654 1084,1653 1144,1653 1203,1653 1262,1652 1322,1651 1381,1650 1441,1650 1500,1649 1560,1648 1619,1647 1679,1646 1738,1645 1798,1643"/>
                <TextEquiv>
                    <Unicode>nun selber der Frage nach, über die er früher mit der sorglos</Unicode>
                </TextEquiv>
            </TextLine>
            <TextLine id="r1l25" custom="readingOrder {index:24;}">
                <Coords points="1829,1677 3024,1684 3004,1630 1828,1643"/>
                <Baseline points="1839,1675 1897,1676 1956,1676 2014,1676 2073,1676 2132,1676 2190,1676 2249,1676 2308,1676 2366,1675 2425,1675 2484,1674 2542,1674 2601,1673 2660,1673 2718,1672 2777,1671 2836,1671 2894,1670 2953,1669 3012,1669"/>
                <TextEquiv>
                    <Unicode>besten Falle den Frieden dieses Hauses zerstörte. Zu dieser Auf¬</Unicode>
                </TextEquiv>
            </TextLine>
            <TextLine id="r1l26" custom="readingOrder {index:25;}">
                <Coords points="604,1699 1799,1686 1754,1648 604,1653"/>
                <Baseline points="614,1695 672,1694 731,1693 790,1693 848,1692 907,1692 966,1692 1024,1691 1083,1691 1142,1691 1201,1690 1259,1690 1318,1690 1377,1689 1435,1689 1494,1688 1553,1688 1611,1687 1670,1686 1729,1685 1788,1684"/>
                <TextEquiv>
                    <Unicode>heiteren Geste seiner anatolischen Lebemänner hinwegzugleiten</Unicode>
                </TextEquiv>
            </TextLine>
            <TextLine id="r1l27" custom="readingOrder {index:26;}">
                <Coords points="1831,1721 3022,1710 2992,1674 1831,1681"/>
                <Baseline points="1841,1716 1899,1716 1958,1716 2016,1716 2075,1715 2133,1715 2192,1715 2250,1714 2309,1714 2367,1713 2426,1713 2485,1712 2543,1712 2602,1711 2660,1711 2719,1710 2777,1710 2836,1709 2894,1709 2953,1708 3012,1708"/>
                <TextEquiv>
                    <Unicode>fassung bekennt sich auch der Sohn, als ihm — ein wenig un¬</Unicode>
                </TextEquiv>
            </TextLine>
            <TextLine id="r1l28" custom="readingOrder {index:27;}">
                <Coords points="607,1735 1713,1737 1800,1721 1800,1685 607,1697"/>
                <Baseline points="618,1732 676,1731 735,1731 793,1730 852,1729 911,1729 969,1729 1028,1728 1086,1728 1145,1728 1204,1728 1262,1727 1321,1727 1379,1726 1438,1726 1497,1725 1555,1725 1614,1724 1672,1723 1731,1722 1790,1720"/>
                <TextEquiv>
                    <Unicode>pfelgte und die doch stets als peinlicher Rest nach unbekümmert</Unicode>
                </TextEquiv>
            </TextLine>
            <TextLine id="r1l29" custom="readingOrder {index:28;}">
                <Coords points="1825,1753 3023,1753 3022,1710 2720,1704 1825,1730"/>
                <Baseline points="1835,1752 1893,1752 1952,1752 2011,1753 2070,1753 2129,1753 2188,1753 2246,1754 2305,1754 2364,1754 2423,1754 2482,1754 2541,1753 2600,1753 2658,1752 2717,1751 2776,1750 2835,1749 2894,1747 2953,1745 3012,1742"/>
                <TextEquiv>
                    <Unicode>vermittelt — aus allerlei Anzeichen das Geheimnis seiner Ge¬</Unicode>
                </TextEquiv>
            </TextLine>
            <TextLine id="r1l30" custom="readingOrder {index:29;}">
                <Coords points="596,1782 1810,1783 1784,1724 596,1729"/>
                <Baseline points="606,1769 665,1769 725,1768 784,1768 844,1768 904,1768 963,1768 1023,1768 1083,1767 1142,1767 1202,1767 1262,1766 1321,1766 1381,1765 1441,1765 1500,1764 1560,1763 1620,1762 1679,1761 1739,1760 1799,1759"/>
                <TextEquiv>
                    <Unicode>schwelgerischem Genießen zurückblieb; die Frage: was wird, wenn</Unicode>
                </TextEquiv>
            </TextLine>
            <TextLine id="r1l31" custom="readingOrder {index:30;}">
                <Coords points="1836,1801 2902,1799 3029,1783 3029,1754 1836,1757"/>
                <Baseline points="1846,1790 1904,1789 1963,1789 2021,1789 2080,1789 2139,1790 2197,1790 2256,1790 2315,1791 2373,1791 2432,1791 2491,1791 2549,1791 2608,1791 2667,1790 2725,1789 2784,1788 2843,1787 2901,1785 2960,1782 3019,1779"/>
                <TextEquiv>
                    <Unicode>burt klar wird. Er will von dem Herrn Fichtner, der sich ihm als</Unicode>
                </TextEquiv>
            </TextLine>
            <TextLine id="r1l32" custom="readingOrder {index:31;}">
                <Coords points="594,1809 1567,1821 1776,1809 1795,1764 594,1782"/>
                <Baseline points="605,1807 667,1808 729,1808 791,1808 853,1808 915,1808 977,1808 1039,1808 1101,1807 1163,1807 1225,1806 1287,1806 1349,1805 1411,1805 1473,1804 1535,1803 1597,1802 1659,1801 1721,1800 1784,1799"/>
                <TextEquiv>
                    <Unicode>aus dem flüchtigen Rausch einiger glücklicher Stunden, die mit</Unicode>
                </TextEquiv>
            </TextLine>
            <TextLine id="r1l33" custom="readingOrder {index:32;}">
                <Coords points="1829,1836 2952,1837 3020,1826 3020,1788 1829,1800"/>
                <Baseline points="1839,1833 1897,1831 1956,1829 2014,1829 2073,1828 2131,1828 2190,1828 2248,1829 2307,1829 2365,1830 2424,1831 2482,1831 2541,1831 2599,1831 2658,1831 2716,1831 2775,1830 2833,1828 2892,1826 2950,1824 3009,1820"/>
                <TextEquiv>
                    <Unicode>sein wahrer Vater bekennt, gar nichts wissen, er hat ihn vorher</Unicode>
                </TextEquiv>
            </TextLine>
            <TextLine id="r1l34" custom="readingOrder {index:33;}">
                <Coords points="600,1856 1804,1832 1803,1796 600,1812"/>
                <Baseline points="611,1845 670,1846 729,1846 788,1846 847,1846 906,1846 965,1846 1025,1846 1084,1846 1143,1846 1202,1846 1261,1845 1320,1845 1379,1844 1439,1844 1498,1843 1557,1842 1616,1841 1675,1840 1734,1839 1794,1837"/>
                <TextEquiv>
                    <Unicode>Scheiden und Meiden auf Nimmerwiedersehen enden, ein Kind</Unicode>
                </TextEquiv>
            </TextLine>
            <TextLine id="r1l35" custom="readingOrder {index:34;}">
                <Coords points="1824,1867 2801,1879 2991,1872 3014,1830 1824,1833"/>
                <Baseline points="1835,1867 1893,1867 1951,1868 2010,1868 2068,1869 2127,1869 2185,1870 2243,1870 2302,1871 2360,1871 2419,1871 2477,1871 2535,1871 2594,1871 2652,1871 2711,1870 2769,1869 2827,1868 2886,1867 2944,1865 3003,1863"/>
                <TextEquiv>
                    <Unicode>als väterlichen Freund verehrt, jetzt aber fühlt er sich ihm ganz</Unicode>
                </TextEquiv>
            </TextLine>
            <TextLine id="r1l36" custom="readingOrder {index:35;}">
                <Coords points="607,1903 1796,1891 1795,1837 607,1852"/>
                <Baseline points="618,1888 676,1887 734,1887 793,1887 851,1887 910,1887 968,1886 1026,1886 1085,1885 1143,1885 1202,1884 1260,1883 1318,1883 1377,1882 1435,1881 1494,1881 1552,1880 1610,1879 1669,1878 1727,1878 1786,1877"/>
                <TextEquiv>
                    <Unicode>entsteht? Es gibt in dem neuen Stück einen vierten Akt, der in</Unicode>
                </TextEquiv>
            </TextLine>
            <TextLine id="r1l37" custom="readingOrder {index:36;}">
                <Coords points="1832,1911 2934,1915 3025,1898 3025,1862 1832,1863"/>
                <Baseline points="1842,1906 1900,1906 1959,1905 2017,1905 2076,1905 2135,1905 2193,1906 2252,1906 2311,1906 2369,1907 2428,1907 2487,1907 2545,1907 2604,1908 2663,1907 2721,1907 2780,1906 2839,1905 2897,1904 2956,1903 3015,1901"/>
                <TextEquiv>
                    <Unicode>entfremdet und schließt sich nur um so enger an den betrogenen</Unicode>
                </TextEquiv>
            </TextLine>
            <TextLine id="r1l38" custom="readingOrder {index:37;}">
                <Coords points="610,1931 1604,1937 1798,1887 610,1897"/>
                <Baseline points="620,1928 678,1927 736,1926 795,1925 853,1925 912,1924 970,1924 1028,1923 1087,1923 1145,1922 1204,1922 1262,1922 1320,1921 1379,1921 1437,1920 1496,1920 1554,1919 1612,1919 1671,1918 1729,1917 1788,1916"/>
                <TextEquiv>
                    <Unicode>einem (vom künstlerischen Leiter unseres Schauspielhauses un¬</Unicode>
                </TextEquiv>
            </TextLine>
            <TextLine id="r1l39" custom="readingOrder {index:38;}">
                <Coords points="1832,1952 2964,1965 3025,1906 1832,1910"/>
                <Baseline points="1843,1945 1901,1946 1960,1946 2018,1946 2077,1946 2135,1946 2194,1946 2252,1946 2311,1945 2369,1945 2428,1945 2487,1944 2545,1944 2604,1943 2662,1943 2721,1942 2779,1942 2838,1942 2896,1941 2955,1941 3014,1941"/>
                <TextEquiv>
                    <Unicode>Mann seiner toten Mutter an, der wirkliche Vaterpflichten an</Unicode>
                </TextEquiv>
            </TextLine>
            <TextLine id="r1l40" custom="readingOrder {index:39;}">
                <Coords points="612,1968 1790,1966 1802,1915 611,1930"/>
                <Baseline points="622,1968 680,1966 739,1965 797,1964 856,1963 914,1962 973,1962 1031,1962 1090,1962 1148,1961 1207,1961 1265,1961 1324,1961 1382,1960 1441,1960 1499,1959 1558,1959 1616,1957 1675,1956 1733,1954 1792,1952"/>
                <TextEquiv>
                    <Unicode>sagbar schön inszenierten) Waldpark bei Wien spielt. Da sitzen</Unicode>
                </TextEquiv>
            </TextLine>
            <TextLine id="r1l41" custom="readingOrder {index:40;}">
                <Coords points="1843,1999 1868,1993 1902,2008 1934,1985 1959,1985 1978,2004 1995,1991 2035,2002 2050,1987 2082,1998 2098,1987 2162,1994 2162,1954 2132,1960 2099,1943 1991,1955 1974,1942 1944,1959 1843,1948"/>
                <Baseline points="1854,1981 1881,1982 1908,1983 1935,1983 1962,1983 1989,1983 2016,1983 2043,1983 2070,1983 2097,1983 2124,1983 2152,1983"/>
                <TextEquiv>
                    <Unicode>ihm erfüllt hat.</Unicode>
                </TextEquiv>
            </TextLine>
            <TextLine id="r1l42" custom="readingOrder {index:41;}">
                <Coords points="606,2003 1791,2005 1790,1963 1681,1955 606,1969"/>
                <Baseline points="618,2005 676,2004 734,2003 792,2002 850,2002 908,2001 966,2001 1024,2001 1082,2001 1140,2000 1199,2000 1257,2000 1315,2000 1373,1999 1431,1999 1489,1998 1547,1997 1605,1996 1663,1995 1721,1993 1780,1991"/>
                <TextEquiv>
                    <Unicode>inmitten der sterbenskranken Farbenpracht des herbstlichen Waldes</Unicode>
                </TextEquiv>
            </TextLine>
            <TextLine id="r1l43" custom="readingOrder {index:42;}">
                <Coords points="1905,2035 3014,2020 3013,1968 2961,1964 1905,1993"/>
                <Baseline points="1916,2026 1970,2028 2024,2029 2079,2031 2133,2032 2187,2033 2242,2033 2296,2034 2350,2034 2405,2034 2459,2033 2513,2033 2568,2032 2622,2032 2676,2031 2731,2029 2785,2028 2839,2026 2894,2025 2948,2023 3003,2020"/>
                <TextEquiv>
                    <Unicode>Einsame Wege sind schließlich alle Menschen in diesem Stück</Unicode>
                </TextEquiv>
            </TextLine>
            <TextLine id="r1l44" custom="readingOrder {index:43;}">
                <Coords points="608,2049 1807,2030 1806,2002 1646,1993 607,2011"/>
                <Baseline points="617,2043 676,2042 735,2042 794,2041 853,2041 912,2040 971,2040 1030,2040 1089,2040 1148,2040 1207,2039 1266,2039 1325,2039 1384,2038 1443,2037 1502,2037 1561,2036 1620,2034 1679,2033 1738,2031 1797,2029"/>
                <TextEquiv>
                    <Unicode>zwei jener Lebemänner, wie wir sie aus Schnitzlers früheren</Unicode>
                </TextEquiv>
            </TextLine>
            <TextLine id="r1l45" custom="readingOrder {index:44;}">
                <Coords points="1831,2082 3018,2081 3018,2020 1831,2027"/>
                <Baseline points="1841,2071 1899,2071 1957,2071 2016,2071 2074,2071 2132,2071 2191,2072 2249,2072 2307,2072 2366,2073 2424,2073 2482,2073 2541,2072 2599,2072 2657,2072 2716,2071 2774,2070 2832,2068 2891,2066 2949,2064 3008,2062"/>
                <TextEquiv>
                    <Unicode>gegangen: nicht nur die beiden Lebemänner, die stets nur aufs</Unicode>
                </TextEquiv>
            </TextLine>
            <TextLine id="r1l46" custom="readingOrder {index:45;}">
                <Coords points="609,2082 1808,2073 1743,2036 609,2050"/>
                <Baseline points="620,2081 678,2081 737,2081 796,2081 855,2080 914,2080 973,2079 1032,2078 1091,2078 1150,2077 1209,2076 1267,2075 1326,2075 1385,2074 1444,2073 1503,2072 1562,2072 1621,2071 1680,2071 1739,2071 1798,2071"/>
                <TextEquiv>
                    <Unicode>Werken, namentlich aus seinen „Anatol“=Abenteuern kennen.</Unicode>
                </TextEquiv>
            </TextLine>
            <TextLine id="r1l47" custom="readingOrder {index:46;}">
                <Coords points="1834,2105 2930,2116 3031,2075 1834,2078"/>
                <Baseline points="1845,2107 1903,2108 1962,2108 2021,2108 2080,2109 2138,2109 2197,2110 2256,2110 2315,2110 2373,2110 2432,2110 2491,2110 2550,2110 2608,2109 2667,2109 2726,2107 2785,2106 2843,2105 2902,2102 2961,2100 3020,2098"/>
                <TextEquiv>
                    <Unicode>eigene Wohlbefinden bedacht waren, auch der pflichttreue Pro¬</Unicode>
                </TextEquiv>
            </TextLine>
            <TextLine id="r1l48" custom="readingOrder {index:47;}">
                <Coords points="596,2116 1692,2128 1801,2116 1801,2070 595,2081"/>
                <Baseline points="607,2120 666,2119 725,2118 784,2118 843,2117 902,2117 961,2117 1021,2116 1080,2116 1139,2116 1198,2116 1257,2115 1316,2115 1375,2114 1435,2114 1494,2113 1553,2112 1612,2111 1671,2109 1730,2108 1790,2106"/>
                <TextEquiv>
                    <Unicode>Sie philosophieren darüber, daß nun auch ihres Lebens Herbst</Unicode>
                </TextEquiv>
            </TextLine>
            <TextLine id="r1l49" custom="readingOrder {index:48;}">
                <Coords points="1846,2154 2971,2150 3032,2145 3032,2103 1846,2112"/>
                <Baseline points="1857,2145 1915,2146 1973,2147 2031,2147 2090,2147 2148,2148 2206,2148 2264,2149 2323,2149 2381,2149 2439,2149 2497,2149 2556,2149 2614,2148 2672,2148 2730,2147 2789,2145 2847,2144 2905,2142 2963,2141 3022,2138"/>
                <TextEquiv>
                    <Unicode>fessor, der die Frau mit der verheimlichten Jugendsünde an</Unicode>
                </TextEquiv>
            </TextLine>
            <TextLine id="r1l50" custom="readingOrder {index:49;}">
                <Coords points="603,2158 1783,2161 1806,2107 603,2124"/>
                <Baseline points="613,2160 672,2159 731,2158 790,2158 849,2157 908,2156 967,2156 1027,2156 1086,2156 1145,2155 1204,2155 1263,2155 1322,2155 1381,2154 1441,2153 1500,2152 1559,2151 1618,2150 1677,2148 1736,2146 1796,2144"/>
                <TextEquiv>
                    <Unicode>gekommen ist. Der eine heißt Herr von Sala, der andere Herr</Unicode>
                </TextEquiv>
            </TextLine>
            <TextLine id="r1l51" custom="readingOrder {index:50;}">
                <Coords points="1832,2188 2993,2194 3021,2141 1832,2145"/>
                <Baseline points="1843,2186 1901,2186 1959,2186 2018,2186 2076,2186 2135,2186 2193,2186 2251,2186 2310,2186 2368,2186 2427,2186 2485,2185 2543,2185 2602,2184 2660,2184 2719,2183 2777,2182 2835,2182 2894,2181 2952,2180 3011,2178"/>
                <TextEquiv>
                    <Unicode>seiner Seite ebenso wenig gekannt hat wie die beiden Kinder,</Unicode>
                </TextEquiv>
            </TextLine>
            <TextLine id="r1l52" custom="readingOrder {index:51;}">
                <Coords points="604,2205 1801,2195 1779,2155 1485,2144 603,2157"/>
                <Baseline points="615,2201 673,2199 732,2198 791,2197 849,2196 908,2195 967,2195 1025,2194 1084,2194 1143,2194 1202,2193 1260,2193 1319,2193 1378,2192 1436,2191 1495,2190 1554,2189 1612,2188 1671,2186 1730,2184 1789,2181"/>
                <TextEquiv>
                    <Unicode>Fichtner. Der eine hat seine Frau durch frühen Tod verloren</Unicode>
                </TextEquiv>
            </TextLine>
            <TextLine id="r1l53" custom="readingOrder {index:52;}">
                <Coords points="1838,2232 2940,2235 3024,2212 3024,2178 1838,2198"/>
                <Baseline points="1849,2222 1907,2223 1965,2223 2023,2224 2082,2224 2140,2224 2198,2224 2256,2224 2315,2224 2373,2223 2431,2223 2489,2222 2548,2222 2606,2221 2664,2220 2722,2219 2781,2218 2839,2217 2897,2216 2955,2215 3014,2213"/>
                <TextEquiv>
                    <Unicode>von denen das jüngste, das Mädchen Johanna, nach iener Liebes¬</Unicode>
                </TextEquiv>
            </TextLine>
            <TextLine id="r1l54" custom="readingOrder {index:53;}">
                <Coords points="600,2243 1759,2236 1812,2195 600,2213"/>
                <Baseline points="611,2235 670,2235 730,2234 789,2234 849,2233 908,2233 968,2233 1027,2233 1087,2233 1146,2232 1206,2232 1265,2232 1325,2231 1384,2230 1444,2230 1503,2229 1563,2228 1622,2226 1682,2225 1741,2223 1801,2220"/>
                <TextEquiv>
                    <Unicode>und ist seitdem einsam seinen Weg gegangen als bewußter, etwas</Unicode>
                </TextEquiv>
            </TextLine>
            <TextLine id="r1l55" custom="readingOrder {index:54;}">
                <Coords points="1843,2268 3030,2263 3029,2206 1843,2228"/>
                <Baseline points="1853,2262 1911,2262 1969,2262 2027,2262 2086,2262 2144,2261 2202,2261 2261,2261 2319,2261 2377,2261 2436,2260 2494,2260 2552,2260 2610,2259 2669,2259 2727,2258 2785,2258 2844,2257 2902,2257 2960,2256 3019,2255"/>
                <TextEquiv>
                    <Unicode>stunde mit dem vom Tode gezeichneten Herrn von Sala, sich im</Unicode>
                </TextEquiv>
            </TextLine>
            <TextLine id="r1l56" custom="readingOrder {index:55;}">
                <Coords points="610,2272 1786,2277 1805,2234 610,2253"/>
                <Baseline points="621,2275 679,2274 738,2273 796,2272 855,2272 914,2271 972,2271 1031,2270 1090,2270 1148,2270 1207,2269 1266,2269 1324,2269 1383,2268 1442,2267 1500,2267 1559,2266 1618,2264 1676,2263 1735,2262 1794,2260"/>
                <TextEquiv>
                    <Unicode>allzu selbstsicherer Egoist. Da Robert Nhil ihn spielt, hat</Unicode>
                </TextEquiv>
            </TextLine>
            <TextLine id="r1l57" custom="readingOrder {index:56;}">
                <Coords points="1832,2303 2964,2306 3025,2262 1832,2273"/>
                <Baseline points="1842,2301 1900,2300 1959,2300 2017,2300 2076,2299 2135,2299 2193,2299 2252,2299 2311,2299 2369,2298 2428,2298 2487,2298 2545,2297 2604,2297 2663,2297 2721,2296 2780,2296 2839,2295 2897,2294 2956,2293 3015,2292"/>
                <TextEquiv>
                    <Unicode>Parkteich ertränkte, ohne daß jemand ahnt, warum sie es tat.</Unicode>
                </TextEquiv>
            </TextLine>
            <TextLine id="r1l58" custom="readingOrder {index:57;}">
                <Coords points="604,2310 1639,2322 1783,2308 1814,2265 604,2270"/>
                <Baseline points="616,2312 675,2311 734,2310 794,2309 853,2309 913,2309 972,2308 1031,2308 1091,2308 1150,2308 1210,2308 1269,2308 1328,2307 1388,2307 1447,2306 1507,2305 1566,2304 1625,2303 1685,2301 1744,2298 1804,2296"/>
                <TextEquiv>
                    <Unicode>er außer weltmännischen Manieren einen Zug von mephistophe¬</Unicode>
                </TextEquiv>
            </TextLine>
            <TextLine id="r1l59" custom="readingOrder {index:58;}">
                <Coords points="1831,2345 3033,2331 3016,2291 1831,2307"/>
                <Baseline points="1841,2339 1900,2339 1959,2338 2018,2338 2077,2337 2136,2337 2195,2337 2254,2337 2313,2336 2372,2336 2431,2336 2490,2336 2549,2336 2608,2336 2667,2336 2726,2335 2785,2335 2844,2335 2903,2334 2962,2334 3022,2333"/>
                <TextEquiv>
                    <Unicode>Es ist übrigens die poetisch schönste Stelle im ganzen Stück, wenn</Unicode>
                </TextEquiv>
            </TextLine>
            <TextLine id="r1l60" custom="readingOrder {index:59;}">
                <Coords points="617,2352 1772,2358 1803,2298 616,2323"/>
                <Baseline points="628,2353 686,2352 744,2351 802,2350 860,2350 919,2349 977,2349 1035,2348 1093,2348 1151,2347 1210,2347 1268,2346 1326,2346 1384,2345 1442,2345 1501,2344 1559,2343 1617,2342 1675,2342 1733,2341 1792,2340"/>
                <TextEquiv>
                    <Unicode>lischer Ironie in seinem Wesen, was aber nicht hindert, daß sich</Unicode>
                </TextEquiv>
            </TextLine>
            <TextLine id="r1l61" custom="readingOrder {index:60;}">
                <Coords points="1840,2382 2980,2381 3037,2336 1840,2340"/>
                <Baseline points="1851,2378 1909,2378 1968,2377 2027,2377 2086,2377 2145,2376 2203,2376 2262,2376 2321,2376 2380,2375 2439,2375 2497,2375 2556,2374 2615,2374 2674,2374 2733,2373 2791,2372 2850,2372 2909,2371 2968,2370 3027,2369"/>
                <TextEquiv>
                    <Unicode>dieses junge Mädchen, von Hilde Knoth in schlichter Innig¬</Unicode>
                </TextEquiv>
            </TextLine>
            <TextLine id="r1l62" custom="readingOrder {index:61;}">
                <Coords points="604,2395 1814,2391 1813,2351 1725,2339 604,2353"/>
                <Baseline points="615,2394 674,2392 733,2390 793,2388 852,2387 912,2387 971,2386 1031,2386 1090,2385 1150,2385 1209,2385 1268,2385 1328,2385 1387,2385 1447,2384 1506,2384 1566,2383 1625,2382 1685,2380 1744,2378 1804,2376"/>
                <TextEquiv>
                    <Unicode>ihm noch in seinen alten Tagen das Gretchen dieser Schnitzler¬</Unicode>
                </TextEquiv>
            </TextLine>
            <TextLine id="r1l63" custom="readingOrder {index:62;}">
                <Coords points="1824,2434 3019,2424 3019,2377 1824,2384"/>
                <Baseline points="1835,2416 1893,2416 1952,2415 2011,2415 2069,2414 2128,2414 2187,2414 2245,2414 2304,2413 2363,2413 2422,2413 2480,2413 2539,2412 2598,2412 2656,2411 2715,2411 2774,2410 2832,2410 2891,2409 2950,2407 3009,2406"/>
                <TextEquiv>
                    <Unicode>keit verkörpert, sich in einer stummen Szene vom Leben löst; dem</Unicode>
                </TextEquiv>
            </TextLine>
            <TextLine id="r1l64" custom="readingOrder {index:63;}">
                <Coords points="604,2437 1708,2438 1813,2418 1813,2384 603,2401"/>
                <Baseline points="615,2432 674,2430 733,2429 793,2427 852,2426 912,2425 971,2425 1030,2425 1090,2424 1149,2424 1209,2424 1268,2424 1327,2424 1387,2423 1446,2423 1506,2422 1565,2421 1624,2420 1684,2418 1743,2416 1803,2414"/>
                <TextEquiv>
                    <Unicode>schen Tragödie, die Kunstprofessorstochter Johanna Wegrath, in</Unicode>
                </TextEquiv>
            </TextLine>
            <TextLine id="r1l65" custom="readingOrder {index:64;}">
                <Coords points="1838,2463 3018,2466 3017,2407 1837,2429"/>
                <Baseline points="1849,2456 1906,2455 1964,2454 2022,2453 2080,2453 2138,2453 2196,2452 2254,2452 2312,2452 2370,2452 2428,2452 2485,2452 2543,2452 2601,2452 2659,2451 2717,2451 2775,2450 2833,2449 2891,2448 2949,2446 3007,2445"/>
                <TextEquiv>
                    <Unicode>eigenen Spiegelbild im dunklen Wasser zugeneigt, tut sie den</Unicode>
                </TextEquiv>
            </TextLine>
            <TextLine id="r1l66" custom="readingOrder {index:65;}">
                <Coords points="609,2476 1815,2466 1815,2432 1747,2424 609,2432"/>
                <Baseline points="619,2471 678,2469 737,2468 796,2466 856,2465 915,2464 974,2464 1033,2464 1093,2464 1152,2463 1211,2463 1270,2463 1330,2463 1389,2462 1448,2462 1507,2461 1567,2460 1626,2459 1685,2457 1744,2454 1804,2452"/>
                <TextEquiv>
                    <Unicode>schwärmerischer Hingabe geopfert hat. Der andere war nie ver¬</Unicode>
                </TextEquiv>
            </TextLine>
            <TextLine id="r1l67" custom="readingOrder {index:66;}">
                <Coords points="1838,2505 2991,2493 3031,2448 1838,2463"/>
                <Baseline points="1848,2494 1906,2494 1965,2494 2023,2493 2082,2493 2141,2492 2199,2492 2258,2491 2316,2491 2375,2490 2434,2489 2492,2489 2551,2488 2609,2488 2668,2487 2727,2487 2785,2487 2844,2487 2902,2487 2961,2487 3020,2488"/>
                <TextEquiv>
                    <Unicode>letzten Schritt auf ihrem einsamen Weg. — Was dann noch in</Unicode>
                </TextEquiv>
            </TextLine>
            <TextLine id="r1l68" custom="readingOrder {index:67;}">
                <Coords points="613,2518 1814,2493 1781,2456 612,2476"/>
                <Baseline points="623,2509 682,2508 741,2507 800,2507 859,2506 918,2505 977,2505 1036,2504 1095,2504 1154,2503 1213,2503 1272,2502 1331,2502 1390,2501 1449,2500 1508,2499 1567,2498 1626,2497 1685,2496 1744,2495 1804,2493"/>
                <TextEquiv>
                    <Unicode>heiratet. Er hat in jungen Jahren die Braut seines Studien¬</Unicode>
                </TextEquiv>
            </TextLine>
            <TextLine id="r1l69" custom="readingOrder {index:68;}">
                <Coords points="1838,2527 3040,2548 3039,2474 1838,2508"/>
                <Baseline points="1848,2532 1907,2531 1966,2530 2025,2530 2084,2530 2143,2529 2202,2529 2261,2529 2320,2529 2379,2529 2438,2529 2497,2529 2556,2529 2615,2529 2674,2528 2733,2527 2792,2526 2851,2525 2910,2523 2969,2521 3028,2519"/>
                <TextEquiv>
                    <Unicode>einem fünften Akt folgt, ist, wie das Voraufgegangene, geistvolle</Unicode>
                </TextEquiv>
            </TextLine>
            <TextLine id="r1l70" custom="readingOrder {index:69;}">
                <Coords points="607,2537 1811,2532 1795,2490 607,2516"/>
                <Baseline points="617,2549 676,2547 735,2545 794,2543 853,2542 913,2541 972,2541 1031,2540 1090,2540 1149,2540 1209,2540 1268,2539 1327,2539 1386,2539 1445,2539 1505,2538 1564,2538 1623,2537 1682,2536 1741,2535 1801,2534"/>
                <TextEquiv>
                    <Unicode>freundes, eben jenes Kunstprofessors, verführt und sie gleich</Unicode>
                </TextEquiv>
            </TextLine>
            <TextLine id="r1l71" custom="readingOrder {index:70;}">
                <Coords points="1838,2570 2896,2577 3030,2531 1837,2530"/>
                <Baseline points="1848,2570 1906,2570 1965,2570 2023,2570 2082,2570 2141,2570 2199,2570 2258,2569 2316,2569 2375,2569 2434,2569 2492,2568 2551,2568 2609,2567 2668,2566 2727,2566 2785,2565 2844,2564 2902,2563 2961,2561 3020,2560"/>
                <TextEquiv>
                    <Unicode>Plauderei, nichts weniger und nichts mehr. Hermann</Unicode>
                </TextEquiv>
            </TextLine>
            <TextLine id="r1l72" custom="readingOrder {index:71;}">
                <Coords points="601,2576 1663,2587 1815,2569 1815,2541 601,2555"/>
                <Baseline points="611,2586 670,2584 730,2583 790,2582 849,2581 909,2581 969,2580 1028,2580 1088,2579 1148,2579 1208,2579 1267,2579 1327,2579 1387,2578 1446,2578 1506,2577 1566,2576 1625,2575 1685,2573 1745,2572 1805,2569"/>
                <TextEquiv>
                    <Unicode>darauf verlassen, weil er nach genossenem Glück zu der Erkennt¬</Unicode>
                </TextEquiv>
            </TextLine>
            <TextLine id="r1l73" custom="readingOrder {index:72;}">
                <Coords points="1832,2618 3034,2616 3020,2549 1832,2578"/>
                <Baseline points="1843,2609 1905,2608 1967,2608 2029,2607 2091,2607 2153,2607 2215,2607 2277,2606 2339,2606 2401,2606 2463,2605 2525,2605 2587,2604 2649,2604 2711,2602 2773,2601 2835,2600 2897,2598 2959,2596 3022,2594"/>
                <TextEquiv>
                    <Unicode>Wlach hat darin eine Rolle als Hausarzt, in der er sich höchst</Unicode>
                </TextEquiv>
            </TextLine>
            <TextLine id="r1l74" custom="readingOrder {index:73;}">
                <Coords points="607,2639 1813,2614 1779,2573 607,2587"/>
                <Baseline points="617,2623 676,2622 735,2621 794,2621 854,2620 913,2619 972,2619 1031,2618 1091,2618 1150,2617 1209,2617 1268,2616 1328,2615 1387,2615 1446,2614 1505,2614 1565,2613 1624,2612 1683,2612 1742,2611 1802,2610"/>
                <TextEquiv>
                    <Unicode>nis „erwacht“ war, daß er für eine dauernde Verbindung nicht</Unicode>
                </TextEquiv>
            </TextLine>
            <TextLine id="r1l75" custom="readingOrder {index:74;}">
                <Coords points="1842,2649 3033,2661 3032,2623 2903,2601 1841,2611"/>
                <Baseline points="1853,2648 1911,2648 1969,2648 2028,2648 2086,2648 2145,2647 2203,2647 2261,2647 2320,2646 2378,2646 2437,2645 2495,2645 2553,2644 2612,2644 2670,2643 2729,2642 2787,2642 2845,2641 2904,2640 2962,2640 3021,2639"/>
                <TextEquiv>
                    <Unicode>unbehaglich zu fühlen scheint, Julius Kobler macht aus dem</Unicode>
                </TextEquiv>
            </TextLine>
            <TextLine id="r1l76" custom="readingOrder {index:75;}">
                <Coords points="600,2692 667,2663 1803,2659 1803,2611 599,2637"/>
                <Baseline points="611,2668 670,2665 729,2663 788,2660 847,2658 906,2657 965,2656 1024,2655 1083,2655 1142,2655 1201,2654 1260,2654 1319,2654 1378,2654 1437,2654 1496,2654 1555,2653 1614,2653 1673,2651 1732,2650 1792,2648"/>
                <TextEquiv>
                    <Unicode>geschaffen sei. Die verlassene Gabrtele ist dann ohne Reu und</Unicode>
                </TextEquiv>
            </TextLine>
            <TextLine id="r1l77" custom="readingOrder {index:76;}">
                <Coords points="1837,2692 3022,2696 3021,2639 1837,2658"/>
                <Baseline points="1849,2688 1907,2688 1965,2687 2023,2687 2081,2686 2139,2686 2197,2686 2256,2685 2314,2685 2372,2684 2430,2684 2488,2683 2546,2683 2604,2682 2663,2682 2721,2681 2779,2680 2837,2679 2895,2677 2953,2676 3012,2674"/>
                <TextEquiv>
                    <Unicode>Professor eine sympathische Figur, während Reinhold Lüt¬</Unicode>
                </TextEquiv>
            </TextLine>
            <TextLine id="r1l78" custom="readingOrder {index:77;}">
                <Coords points="606,2698 1558,2711 1786,2698 1815,2649 605,2664"/>
                <Baseline points="617,2705 676,2702 735,2700 795,2698 854,2697 914,2696 973,2695 1032,2694 1092,2694 1151,2694 1211,2694 1270,2694 1329,2694 1389,2693 1448,2693 1508,2692 1567,2692 1626,2691 1686,2689 1745,2687 1805,2685"/>
                <TextEquiv>
                    <Unicode>ohne Schen die Frau des Kunstprofessors Wegrath geworden und</Unicode>
                </TextEquiv>
            </TextLine>
            <TextLine id="r1l79" custom="readingOrder {index:78;}">
                <Coords points="1837,2737 2984,2729 3019,2697 1837,2702"/>
                <Baseline points="1847,2731 1905,2729 1963,2728 2021,2726 2079,2726 2137,2725 2195,2724 2253,2723 2311,2723 2369,2723 2428,2722 2486,2722 2544,2721 2602,2721 2660,2721 2718,2720 2776,2719 2834,2719 2892,2717 2950,2716 3009,2715"/>
                <TextEquiv>
                    <Unicode>johann mit dem Sohn auch nicht allzu viel anzufangen weiß,</Unicode>
                </TextEquiv>
            </TextLine>
            <TextLine id="r1l80" custom="readingOrder {index:79;}">
                <Coords points="605,2746 1753,2738 1812,2687 604,2695"/>
                <Baseline points="616,2740 675,2738 734,2737 793,2736 853,2735 912,2734 971,2734 1030,2733 1090,2733 1149,2733 1208,2733 1267,2733 1327,2733 1386,2732 1445,2732 1504,2732 1564,2731 1623,2730 1682,2728 1741,2726 1801,2724"/>
                <TextEquiv>
                    <Unicode>hat ihm als Erstgeborenen einen Jungen geschenkt, von dem sie</Unicode>
                </TextEquiv>
            </TextLine>
            <TextLine id="r1l81" custom="readingOrder {index:80;}">
                <Coords points="1843,2771 2926,2769 3035,2743 3035,2711 1842,2735"/>
                <Baseline points="1854,2767 1912,2766 1971,2764 2029,2763 2088,2763 2146,2762 2205,2761 2263,2761 2322,2761 2380,2760 2439,2760 2497,2759 2556,2759 2614,2759 2673,2758 2731,2758 2790,2757 2848,2756 2907,2755 2965,2754 3024,2753"/>
                <TextEquiv>
                    <Unicode>er spielt ihn liebenswürdig, aber keineswegs auf österreichische</Unicode>
                </TextEquiv>
            </TextLine>
            <TextLine id="r1l82" custom="readingOrder {index:81;}">
                <Coords points="616,2779 1805,2767 1804,2726 616,2746"/>
                <Baseline points="626,2777 684,2776 742,2775 801,2774 859,2774 918,2774 976,2773 1035,2773 1093,2773 1152,2773 1210,2773 1268,2772 1327,2772 1385,2772 1444,2771 1502,2770 1561,2769 1619,2768 1678,2766 1736,2765 1795,2762"/>
                <TextEquiv>
                    <Unicode>nur allzu genau wußte, daß er nicht dem Ehebett, sondern jener</Unicode>
                </TextEquiv>
            </TextLine>
            <TextLine id="r1l83" custom="readingOrder {index:82;}">
                <Coords points="1833,2803 2942,2806 3030,2759 1833,2771"/>
                <Baseline points="1844,2804 1902,2803 1961,2801 2020,2800 2079,2800 2138,2799 2196,2798 2255,2798 2314,2797 2373,2797 2432,2797 2490,2796 2549,2796 2608,2795 2667,2795 2726,2794 2784,2793 2843,2792 2902,2791 2961,2790 3020,2788"/>
                <TextEquiv>
                    <Unicode>Manier, die seiner norddeutschen Art wohl auch unerreichbar fern</Unicode>
                </TextEquiv>
            </TextLine>
            <TextLine id="r1l84" custom="readingOrder {index:83;}">
                <Coords points="608,2815 1793,2817 1807,2769 608,2788"/>
                <Baseline points="619,2816 677,2815 736,2814 795,2813 854,2812 913,2812 972,2811 1030,2811 1089,2810 1148,2810 1207,2810 1266,2809 1325,2809 1384,2809 1442,2808 1501,2808 1560,2807 1619,2806 1678,2805 1737,2804 1796,2803"/>
                <TextEquiv>
                    <Unicode>flüchtigen Liebelei mit dem anderen entsprossen war. Der ist</Unicode>
                </TextEquiv>
            </TextLine>
            <TextLine id="r1l85" custom="readingOrder {index:84;}">
                <Coords points="1840,2842 2969,2842 3032,2834 3032,2787 1839,2810"/>
                <Baseline points="1850,2839 1908,2838 1967,2838 2025,2838 2084,2838 2143,2838 2201,2837 2260,2837 2318,2837 2377,2836 2436,2836 2494,2836 2553,2835 2611,2835 2670,2834 2729,2834 2787,2833 2846,2832 2904,2832 2963,2831 3022,2830"/>
                <TextEquiv>
                    <Unicode>liegt. Die Rolle der Frau Gabriele gibt der neuen Heroine</Unicode>
                </TextEquiv>
            </TextLine>
            <TextLine id="r1l86" custom="readingOrder {index:85;}">
                <Coords points="616,2859 1680,2859 1815,2815 615,2819"/>
                <Baseline points="626,2859 684,2857 743,2856 802,2854 861,2852 920,2851 979,2851 1038,2850 1097,2850 1156,2849 1215,2849 1273,2849 1332,2848 1391,2848 1450,2847 1509,2846 1568,2845 1627,2844 1686,2842 1745,2839 1804,2837"/>
                <TextEquiv>
                    <Unicode>nach mancher Irrfahrt schließlich auch wieder einmal zurück¬</Unicode>
                </TextEquiv>
            </TextLine>
            <TextLine id="r1l87" custom="readingOrder {index:86;}">
                <Coords points="1841,2896 3030,2877 3006,2830 1841,2843"/>
                <Baseline points="1851,2873 1909,2874 1967,2875 2026,2875 2084,2876 2143,2876 2201,2876 2260,2876 2318,2875 2377,2875 2435,2875 2493,2874 2552,2873 2610,2873 2669,2872 2727,2871 2786,2870 2844,2869 2903,2868 2961,2867 3020,2866"/>
                <TextEquiv>
                    <Unicode>Gertiud Arnold nur wenige bedeutungsvolle Momente, da¬</Unicode>
                </TextEquiv>
            </TextLine>
            <TextLine id="r1l88" custom="readingOrder {index:87;}">
                <Coords points="609,2915 1766,2893 1814,2879 1813,2835 608,2871"/>
                <Baseline points="619,2895 678,2895 737,2894 796,2893 856,2892 915,2891 974,2890 1033,2889 1093,2888 1152,2887 1211,2886 1270,2885 1330,2884 1389,2883 1448,2882 1507,2881 1567,2881 1626,2880 1685,2879 1744,2879 1804,2878"/>
                <TextEquiv>
                    <Unicode>gekommen und sieht nun seinen Sprößling als legitimen Sohn</Unicode>
                </TextEquiv>
            </TextLine>
            <TextLine id="r1l89" custom="readingOrder {index:88;}">
                <Coords points="1837,2923 2992,2917 3024,2874 1837,2883"/>
                <Baseline points="1847,2919 1905,2918 1963,2917 2021,2916 2080,2915 2138,2915 2196,2914 2255,2914 2313,2913 2371,2913 2430,2913 2488,2913 2546,2912 2604,2912 2663,2912 2721,2911 2779,2911 2838,2910 2896,2910 2954,2909 3013,2909"/>
                <TextEquiv>
                    <Unicode>negen weiß Julia Serda aus der gewesenen Schauspielerin</Unicode>
                </TextEquiv>
            </TextLine>
            <TextLine id="r1l90" custom="readingOrder {index:89;}">
                <Coords points="604,2932 1806,2934 1820,2879 604,2917"/>
                <Baseline points="615,2931 674,2930 734,2930 794,2929 853,2929 913,2929 973,2928 1032,2928 1092,2927 1152,2927 1212,2926 1271,2925 1331,2925 1391,2924 1450,2923 1510,2922 1570,2921 1629,2919 1689,2918 1749,2916 1809,2915"/>
                <TextEquiv>
                    <Unicode>Wegraths. Er möchte gern sein Vatenrecht auf den schmucken</Unicode>
                </TextEquiv>
            </TextLine>
            <TextLine id="r1l91" custom="readingOrder {index:90;}">
                <Coords points="1842,2942 2647,2980 3063,2945 3041,2899 1842,2923"/>
                <Baseline points="1852,2959 1912,2958 1972,2957 2032,2955 2092,2954 2152,2954 2212,2953 2272,2952 2332,2952 2392,2952 2452,2951 2512,2951 2572,2951 2632,2951 2692,2950 2752,2950 2812,2950 2872,2950 2932,2951 2992,2951 3053,2951"/>
                <TextEquiv>
                    <Unicode>Irene Herms eine kleine Kabinettsleistung von erheiternder</Unicode>
                </TextEquiv>
            </TextLine>
            <TextLine id="r1l92" custom="readingOrder {index:91;}">
                <Coords points="619,2961 748,2989 1821,2967 1805,2911 619,2938"/>
                <Baseline points="629,2971 688,2971 747,2970 806,2970 865,2970 924,2969 983,2969 1042,2969 1101,2968 1160,2968 1220,2967 1279,2967 1338,2966 1397,2965 1456,2964 1515,2963 1574,2962 1633,2960 1692,2958 1751,2957 1811,2955"/>
                <TextEquiv>
                    <Unicode>Jüngling geltend machen, wird aber durch den ungemein klugen</Unicode>
                </TextEquiv>
            </TextLine>
            <TextLine id="r1l93" custom="readingOrder {index:92;}">
                <Coords points="624,3039 2332,2998 1970,2943 623,2958"/>
                <Baseline points="634,3013 718,3012 802,3011 887,3009 971,3008 1056,3007 1140,3005 1224,3004 1309,3003 1393,3002 1478,3001 1562,3000 1646,2999 1731,2998 1815,2997 1900,2996 1984,2995 2068,2994 2153,2993 2237,2992 2322,2991"/>
                <TextEquiv>
                    <Unicode>Herrn von Sala darüber belehrt, daß ein Mann sich noch lange Rührseligkeit zu machen.</Unicode>
                </TextEquiv>
            </TextLine>
            <TextLine id="r1l94" custom="readingOrder {index:93;}">
                <Coords points="1943,3201 1964,3204 1981,3185 1988,3185 1997,3192 2005,3187 2016,3195 2033,3193 2027,3122 2010,3123 2004,3130 2000,3129 1965,3166 1954,3164 1940,3168"/>
                <Baseline points="1951,3185 1986,3184 2021,3179"/>
                <TextEquiv>
                    <Unicode></Unicode>
                </TextEquiv>
            </TextLine>
            <TextLine id="r1l95" custom="readingOrder {index:94;}">
                <Coords points="913,3191 966,3179 1085,3255 1178,3220 1406,3247 1505,3201 1784,3234 1876,3173 1939,3193 1936,3029 1819,3082 1763,3042 1616,3043 1517,3083 1335,3057 1194,3101 1086,3046 911,3096"/>
                <Baseline points="924,3230 974,3228 1024,3226 1074,3224 1125,3222 1175,3221 1225,3219 1276,3218 1326,3217 1376,3216 1427,3215 1477,3214 1527,3213 1577,3212 1628,3212 1678,3212 1728,3211 1779,3211 1829,3211 1879,3212 1930,3212"/>
                <TextEquiv>
                    <Unicode>aunke Gelte</Unicode>
                </TextEquiv>
            </TextLine>
            <TextLine id="r1l96" custom="readingOrder {index:95;}">
                <Coords points="2007,3238 2067,3250 2104,3227 2136,3224 2149,3232 2186,3215 2218,3233 2253,3210 2252,3172 2239,3173 2224,3159 2195,3181 2188,3175 2178,3184 2159,3174 2145,3187 2136,3179 2111,3202 2057,3168 2027,3195 2006,3196"/>
                <Baseline points="2017,3226 2042,3224 2067,3222 2092,3221 2117,3220 2142,3219 2167,3218 2192,3217 2217,3217 2242,3215"/>
                <TextEquiv>
                    <Unicode>PUF</Unicode>
                </TextEquiv>
            </TextLine>
            <TextEquiv>
                <Unicode>
box 23/5
18. Der einsane
 


kein Vaterrecht erworben hat, wenn er für sein Kind weiter nichts
tat, als daß er es in die Welt setzte. Zu einer Begegnung mit
10 Theater und Musik.
der Mutter seines Sohnes kommt Fichtner, den Carl Wagner
00
ganz ausgezeichnet in einer wehleidig angehauchten Eleganz dar¬
stellt, nicht mehr. Denn Frau Gabriele Wegrath ist schon gleich
Deutsches Schauspielhaus.
nach dem ersten Akt, wo sie von Fichtners Ankunft hörte, ge¬
Arthur Schnitzlet, der Dichter der Liebeleien, die, vom
storben. Sie hat den Trost ihres Hausargtes, der ihr Geheimnis
heißblütigen Leichtsinn der Jugend getragen, ins Nichts vergingen,
kannte, mit ins Grab genommen: eine Lüge, die so fest gebaut
wenn sie ausgekostet waren, ist in seinem neuesten Stück „Der
war, daß sie den Frieden eines Hauses beinahe fünfundzwanzig
einsame Wea“ merklich älter und kühler geworden. Er geht
Jahre getragen, muß doch besser sein als eine Wahrheit, die im
nun selber der Frage nach, über die er früher mit der sorglos
besten Falle den Frieden dieses Hauses zerstörte. Zu dieser Auf¬
heiteren Geste seiner anatolischen Lebemänner hinwegzugleiten
fassung bekennt sich auch der Sohn, als ihm — ein wenig un¬
pfelgte und die doch stets als peinlicher Rest nach unbekümmert
vermittelt — aus allerlei Anzeichen das Geheimnis seiner Ge¬
schwelgerischem Genießen zurückblieb; die Frage: was wird, wenn
burt klar wird. Er will von dem Herrn Fichtner, der sich ihm als
aus dem flüchtigen Rausch einiger glücklicher Stunden, die mit
sein wahrer Vater bekennt, gar nichts wissen, er hat ihn vorher
Scheiden und Meiden auf Nimmerwiedersehen enden, ein Kind
als väterlichen Freund verehrt, jetzt aber fühlt er sich ihm ganz
entsteht? Es gibt in dem neuen Stück einen vierten Akt, der in
entfremdet und schließt sich nur um so enger an den betrogenen
einem (vom künstlerischen Leiter unseres Schauspielhauses un¬
Mann seiner toten Mutter an, der wirkliche Vaterpflichten an
sagbar schön inszenierten) Waldpark bei Wien spielt. Da sitzen
ihm erfüllt hat.
inmitten der sterbenskranken Farbenpracht des herbstlichen Waldes
Einsame Wege sind schließlich alle Menschen in diesem Stück
zwei jener Lebemänner, wie wir sie aus Schnitzlers früheren
gegangen: nicht nur die beiden Lebemänner, die stets nur aufs
Werken, namentlich aus seinen „Anatol“=Abenteuern kennen.
eigene Wohlbefinden bedacht waren, auch der pflichttreue Pro¬
Sie philosophieren darüber, daß nun auch ihres Lebens Herbst
fessor, der die Frau mit der verheimlichten Jugendsünde an
gekommen ist. Der eine heißt Herr von Sala, der andere Herr
seiner Seite ebenso wenig gekannt hat wie die beiden Kinder,
Fichtner. Der eine hat seine Frau durch frühen Tod verloren
von denen das jüngste, das Mädchen Johanna, nach iener Liebes¬
und ist seitdem einsam seinen Weg gegangen als bewußter, etwas
stunde mit dem vom Tode gezeichneten Herrn von Sala, sich im
allzu selbstsicherer Egoist. Da Robert Nhil ihn spielt, hat
Parkteich ertränkte, ohne daß jemand ahnt, warum sie es tat.
er außer weltmännischen Manieren einen Zug von mephistophe¬
Es ist übrigens die poetisch schönste Stelle im ganzen Stück, wenn
lischer Ironie in seinem Wesen, was aber nicht hindert, daß sich
dieses junge Mädchen, von Hilde Knoth in schlichter Innig¬
ihm noch in seinen alten Tagen das Gretchen dieser Schnitzler¬
keit verkörpert, sich in einer stummen Szene vom Leben löst; dem
schen Tragödie, die Kunstprofessorstochter Johanna Wegrath, in
eigenen Spiegelbild im dunklen Wasser zugeneigt, tut sie den
schwärmerischer Hingabe geopfert hat. Der andere war nie ver¬
letzten Schritt auf ihrem einsamen Weg. — Was dann noch in
heiratet. Er hat in jungen Jahren die Braut seines Studien¬
einem fünften Akt folgt, ist, wie das Voraufgegangene, geistvolle
freundes, eben jenes Kunstprofessors, verführt und sie gleich
Plauderei, nichts weniger und nichts mehr. Hermann
darauf verlassen, weil er nach genossenem Glück zu der Erkennt¬
Wlach hat darin eine Rolle als Hausarzt, in der er sich höchst
nis „erwacht“ war, daß er für eine dauernde Verbindung nicht
unbehaglich zu fühlen scheint, Julius Kobler macht aus dem
geschaffen sei. Die verlassene Gabrtele ist dann ohne Reu und
Professor eine sympathische Figur, während Reinhold Lüt¬
ohne Schen die Frau des Kunstprofessors Wegrath geworden und
johann mit dem Sohn auch nicht allzu viel anzufangen weiß,
hat ihm als Erstgeborenen einen Jungen geschenkt, von dem sie
er spielt ihn liebenswürdig, aber keineswegs auf österreichische
nur allzu genau wußte, daß er nicht dem Ehebett, sondern jener
Manier, die seiner norddeutschen Art wohl auch unerreichbar fern
flüchtigen Liebelei mit dem anderen entsprossen war. Der ist
liegt. Die Rolle der Frau Gabriele gibt der neuen Heroine
nach mancher Irrfahrt schließlich auch wieder einmal zurück¬
Gertiud Arnold nur wenige bedeutungsvolle Momente, da¬
gekommen und sieht nun seinen Sprößling als legitimen Sohn
negen weiß Julia Serda aus der gewesenen Schauspielerin
Wegraths. Er möchte gern sein Vatenrecht auf den schmucken
Irene Herms eine kleine Kabinettsleistung von erheiternder
Jüngling geltend machen, wird aber durch den ungemein klugen
Herrn von Sala darüber belehrt, daß ein Mann sich noch lange Rührseligkeit zu machen.

aunke Gelte
PUF</Unicode>
            </TextEquiv>
        </TextRegion>
    </Page>
</PcGts>
