3436 4256
1056 316 1134 383 N
737 323 945 384 insan
233 312 1240 421 18. Der
283 652 1359 746 ihm nunmehr wertlos erscheint, daß aber
283 700 1359 770 nach demjenigen, was auf dem regelmäßigen,
287 748 1357 834 sozusagen bürgerlich  pflichtgemäßen Wege mut¬
296 786 1360 881 maßlich auch für ihn gelegen hätte, sein Sehnen
299 840 1369 921 steht. Er will ein persönliches Glück, einen
292 869 1370 967 rein menschlichen Anteil am Leben. Außerlich
1280 923 1368 969 Er
305 923 1284 1006 ist ihm auch das beschieden worden.
303 963 1387 1039 hat einen Sohn, aber er besitzt ihn nicht.
311 1010 1371 1094 Der Sohn gilt für den Abkömmling eines andern.
300 1055 1368 1137 Er ist von einer Frau geboren worden, die jener, der
307 1076 1380 1170 Lebensstürmer, kaum, daß er entschlossen war, mit
308 1139 1381 1219 ihr den Lauf durchs Dasein zu wagen, verlassen
1109 1185 1379 1243 von einer
307 1193 1110 1256 hat, um nicht gekettet zu sein,
316 1233 1375 1306 Frau, die dann in Scham und Verzweiflung
315 1274 1392 1349 den Freund des Verführers heiratete, mit dem sie
308 1325 1384 1394 bereits verlobt war. Sein Sehnen, sein Verlangen läßt
321 1362 1389 1438 dem Treulosen auch jetzt noch als möglich erscheinen, daß
321 1410 1380 1476 dieser Sohn wenigstens innerlich ihm gehören werde,
314 1444 1390 1530 sobald er seinen wahren Vater in ihm erkennt. Die
315 1489 1399 1564 Erkennungsstunde kommt. Aber gerade von diesem
1025 1537 1385 1604 d.i Erzeeigen
323 1547 1016 1614 Augenblick rückt der Sohn
738 1570 1382 1643 Er kann niht verwinden
318 1596 703 1658 ferner als je.
313 1625 1392 1707 daß dieser Mann, den er bisher fast unbewußt liebte,
316 1660 1406 1753 derjenige war, der seine Mutter zu einer Ungetreuen
321 1713 1403 1788 machte, der der Anlaß war, daß er sich jetzt in seinem
326 1752 1393 1828 Sohnesgefühl aufs tiefste verwundet fühlen muß.
324 1802 1397 1871 Und er empfindet stärker als je, ja, eigentlich zum
325 1857 1401 1921 ersten Male, seine Verpflichtung gegen den anderen,
323 1893 1407 1980 den getäuschten Mann, der ihn auferzogen,
337 1932 1408 2011 der alles für ihn getan hat und den gerade in
337 1975 1412 2059 diesem Augenblick, da er sich zu jenem anderen,
329 2010 1417 2112 seinem natürlichen Vater, bekennen soll, ein schwerer
342 2052 1414 2140 Schlag, der Selbstmord seiner Tochter, getroffen hat.
346 2108 1415 2192 Das entscheidet. Das wirkliche, das echte Kind ver¬
341 2149 1407 2238 läßt jenen getäuschten Mann; das nur namentliche,
338 2195 1414 2279 das nur gesetzliche Kind wird in der Stunde der
336 2234 1417 2322 Not unlöslicher, denn je, sein eigen. Das aber
338 2283 1409 2364 darum, weil er an dieses Kind ein Dosein der Treue
341 2337 1420 2401 und des Opfers gewandt hat, weil er der Sache nach
346 2375 1419 2450 sein Vater war. Die „Wahrheit“, die Tatsache der
352 2413 1421 2496 Vaterschaft des anderen, bleibt dem Sprößling ein
351 2459 1423 2531 leerer Schall. Er fühlt es tief innerlich, daß der¬
354 2493 1428 2581 jenige verzweifelt wenig an ihm getan hat, der sich
349 2545 1419 2632 nur die Mühe gab, ihn in die Welt zu setzen — es
345 2581 1416 2655 wird ihm eine Ehrenschuld, eine Gemütspflicht, an
346 2638 1420 2700 demjenigen einen Teil des ungewollten Unrechts zu
352 2678 1430 2768 fühnen, der sich durch seine Taten, durch seine Per¬
356 2735 940 2801 sönlichkeit ihn erworben hat.
417 2742 1434 2851 Um diese drei Personen sammelt sich das Haupt¬
363 2812 1430 2891 interesse. Eine Anzahl anderer, oft sehr fein ge¬
364 2848 1427 2939 zeichnet, besonders der geistreiche „Lebenskünstler“
371 2897 1436 2987 und „Kunstdilettant“ Sala, der in Wahrheit ein
373 2940 1437 3021 Lebensdilettant und vielleicht ein echter Künstler
363 2984 1436 3052 hätte sein müssen gesellt sich zu ihnen. Alle haben
366 3028 1433 3101 durchweg ihren Sprung im Leben, an fast allen
366 3073 1440 3136 bringt sich die Absicht, das dichterische Endurteil
374 3115 1444 3201 Schnitzlers durch das zur Geltung, was sie selbst in ihrem
373 3157 1444 3237 Leben vermissen, was sie verpaßt und versäumt
372 3210 1437 3297 haben. Manche Linien in diesem Stücke bleiben ein
370 3258 1440 3324 wenig ungewiß gehalten, mit leichten Retouchen
382 3290 1443 3370 könnte der Dichter sie bestimmter gestalten, ohne in
375 3343 1460 3413 banale Deutlichkeit zu verfallen. Zu den Dunkel¬
173 3384 368 3460 Menschen
371 3369 1452 3468 heiten gehört auch der Selbstmord des einzigen
179 3436 363 3488 er alle
374 3423 1448 3499 jungen Mädchens im Stück. Sie ist die Geliebte
192 3477 358 3533 n wie
378 3452 1462 3550 des zuletzt erwähnten Skeptikers Sala geworden,
184 3512 362 3580 Dichtung
384 3508 1455 3591 den ein schwerer Herzfehler schnell auf der
184 3562 366 3626 über die
380 3559 1463 3639 Bahn des Lebens hinableitet. Gerade an dem Tage,
174 3606 304 3667 brau
382 3597 1461 3670 da er sie bittet, seine Frau zu werden, geht sie in
181 3646 375 3712 , erhebt
378 3645 1454 3719 den Tod. Warum? Wollte sie ihm in das dunkle Reich
176 3695 364 3756 tten er¬
380 3684 1454 3763 voranleuchten? Wollte sie ihn ohne Fesseln selbst noch
177 3737 378 3799 er vollen
386 3722 1450 3806 den kärglichen Rest seines Daseins ausleben lassen?
174 3787 368 3846 ehnsucht.
396 3774 1460 3865 Vermuten kann man allerlei. Sache des Dichters
170 3831 369 3887 eborenen
396 3820 1447 3908 aber war es, wenigstens die Richtung klarzulegen,
980 3861 1462 3932 So bleibt dieser Tod
178 3872 381 3936 ler besitzt
402 3879 961 3948 nach der seine Absicht ging.
176 3921 379 3981 er guten
400 3903 1463 3986 für den Leser etwas gänzlich Gleichgültiges, etwas,
173 3962 379 4017 an diesem
399 3968 939 4041 das ihn gar nicht berührt.
179 4002 380 4060 hier dem
179 4049 377 4104 aus un¬
464 4060 1463 4146 Es ist ein Werk zum Lesen, dies neue „Stück“
179 4084 383 4155 as not ist.
398 4118 1463 4179 von Schnitzler, zum beschaulichen Genießen, zum
174 4134 394 4193 i gegen¬
401 4144 1464 4226 Verweilen. Es ist ein Werk, das durch die Bühne
183 4179 398 4238 s Geistes
189 4188 1477 4280 vichts geminnen kann, das mit der Verkörperung
1401 305 1852 405 box 23/1
1367 626 2450 699 Selbstgewißheit des Tons beim Verfasser zu verspüren,
1380 677 2444 745 der nicht um eine leise Nüance in falsche Spielarten
1377 733 2449 802 hineinschillert. Sehr im Unterschiede z. B. von
1380 772 2464 834 Sudermannschen Unterhaltungen, deren weltmännische
1380 807 2453 873 „Haltung“, deren „Bildung“ gerade durch ihre
1379 846 2451 927 forcierte Bewußtheit so oft ins Parvenühafte verfällt.
1996 890 2350 959 Paul Mahn.
2054 1402 2524 1492 Telephon 12801.
1691 1472 2904 1581 Alex. Weigl’s Unternehmen für Zeitungs-Ausschnitte
1939 1535 2856 1708 „OBSERVEP“ —
2681 1587 2978 1696 Nr. 88
1586 1675 3032 1763 I. österr. behördl. oonc. Bureau für Zeitungsberichte u. Personalnschrichten
1846 1765 2771 1836 Wien, I., Concondiaplatz 4.
1600 1790 3038 1906 Vertretungen in Berlin, Budapest, Chicago, Genf, London, Newyork, Paris, Rem.
1955 1862 2665 1954 Stockholm, Kristiania, St. Petersburg.
1600 1908 2905 2103 Nusschmtt aust Winm Cauccaltuhn
1611 2097 1977 2245 vom: A#
2101 2449 2569 2535 „Der einsame Weg.“
1922 2529 2835 2607 Berlin, 12. Februar: Schnitzlers jüngstes Drama:
1846 2590 2842 2655 „Der einsame Weg“ fand bei seiner Erstaufführung
1849 2635 2196 2709 geteilte Aufnahme.
1942 2664 2851 2744 Berlin, 20. Februar: Der gestrigen dritten Auf¬
1845 2717 2849 2795 führung von Schnitzlers „Der einsame Weg“ wohnte“
1857 2781 2836 2840 nur ein Zuhörer an. Nach dem zweiten Akt war auch
1861 2819 2325 2891 der Einsame — weg.
2830 2858 3044 2944 inclusive
1747 2893 1898 2972 50 Zei
2848 2926 2999 2973 Porte.
1607 2922 1720 2981 Für
1734 2959 1837 3006 100
2832 2966 3029 3015 Zahlbar
2245 2944 2423 3044 2
1724 2999 1839 3047 200
2660 2996 3070 3087 200.— in Vorant.
1721 3039 1840 3085 500
1701 3068 1833 3135 1000
1755 3060 3069 3161 Im Gegensatze zu anderen Bureaux für Zeitungsausschnitte ist das
1629 3100 3083 3206 Abonnement durch keine bestimmte Zeitdaner begrenzt; — auch steht es den
1637 3157 2959 3258 Abonnenten frei die aufgegebenen Themen zu ergänzen oder zu ändern.
1755 3211 3079 3331 Der „OBSERVER“ veranstaltet täglich einen Auszug enthaltend die
1639 3271 3083 3376 Inkaltsangabe aller wichtigen Mittheilungen der Wiener Morgen¬
1648 3306 3072 3412 blätter (Tagesjournale ausser „Neue Freie Presse“ und „Wiener Zeitung“)
1662 3360 3088 3455 wodurch eine Uebersicht über des gesammte politische und wirthschaftliche
1651 3389 3078 3491 Leben des In- und Auslandes in drastischer Kürze geboten wird. Diese Mit¬
1684 3447 2679 3549 lbeilungen werden in Wien um 9 Uhr Früh verschickt.
1978 3519 2748 3625 Prospecte gratis und franco.
2140 3581 2692 3667 Quellenangabe ohne Gewähr.
