3392 4256
2290 1227 2596 1335 0=
239 1171 1311 1358 = 12. 1. Sfunde 1028=
121 1341 2590 1414 aller Nationen an dem großen Werk] Aber es ist heute schon ein beglückendes Ge- auf einer sehr respektablen Höhe stehen. Die
1679 1385 2601 1459 einzelnen Künstler sind alle wirklich ausge¬
126 1398 1673 1474 versöhnung ständig mitarbeiten. fühl, und den Vorwurf der Vorgestrigkeit
1676 1440 2594 1498 zeichnet. Weniger kann ich das von den
126 1444 1387 1502 es ist ein Plan von übermorgen. Ischiebt man lächelnd beiseite.
1677 1486 2593 1538 tänzerischen Nummern behaupten. Die Errun¬
1670 1531 2600 1591 genschaften des modernen Tanzes sind meinem
2206 1566 2592 1651 ach recht spurlos
1684 1578 1895 1650 Gefilbl##
2339 1620 2626 1700 an SieBin
129 1544 1623 1711 s Verbot des Hohe-Want¬
