3436 4352
755 208 1203 271 Deusches Teiter¬
487 255 1546 313 „Um seines Lebensweges Mittag“ ist Arthur Schnitzler
384 314 1560 365 die Erkenntnis gekommen, daß man nicht immer Anatole bleiben
380 336 1544 387 kann und daß das Leben sich an jedem rächt, der es nur wie
390 393 1562 448 ein leichtes Spiel mit Herzen und Schicksalen auffaßt. Und da
393 421 1555 482 tat er jegliche Liebelei von sich ab, setzte sich hin und schrieb das
398 476 1560 532 fünfaktige Schauspiel „Der einsame Weg“. Wie eine
398 513 1563 595 Beichte klingt es, wie das Bekenntnis Eines, der sich
385 555 1556 624 klar geworden, daß er ein Tor war, als er „nur so
390 612 1555 653 durch die Welt gerannt“ ist und jegliches Gelüst
388 661 1565 702 bei den Haarcu ergriffen hat. Und zur Warnung und Mahnung
402 686 1565 750 für jeden, der sich nicht noch zur rechten Zeit auf sich selbst zu
396 729 1568 785 besinnen vermag, schuf Arthur Schnitzler die Gestalten zweier
400 772 1562 833 Lebemänner, die das Genießen zur feinsten und rücksichtslosesten
402 820 1571 881 Kunst ausgebildet haben, die sich in ihrem lächelnden, siegesfrohen
396 862 1557 921 Egoismus den Teufel kümmerten um das Glück der anderen und
393 907 1558 960 die nun auf einmal, da ihr Weg bergab zu gehen beginnt, er¬
406 951 1565 1014 stannt bemerken, daß es ein einsamer Weg ist, den sie wandeln.
395 993 1559 1068 Der eine, der Maler Julian Fichtner, konstatiert diese be¬
401 1041 1570 1112 dauerliche Tatsache mit schmerzlichem Herzweh, der andere,
406 1080 1567 1145 der Schriftsteller Stephan v. Sala, mit kühlem, skeptischem
410 1118 1573 1194 Lächeln. Er hat von Anbeginn nach der Theorie gelebt, man
408 1162 1565 1227 müsse sich bei Zeiten darauf einrichten, allein zu sein. Julian
410 1214 1567 1285 dagegen, der mehr für Familienglück, aber in den Familien
412 1251 1570 1312 anderer, geschwärmt hat, will durchaus den Sohn an sich fesseln,
404 1297 1578 1368 der ihm aus einem seiner zahlreichen Verhältnisse geblieben ist.
415 1339 1568 1405 Doch das hat seine Schwierigkeiten, denn der junge Leutnant
422 1393 1566 1447 Felix Wegrath hat auch einen gesetzlich anerkannten
419 1428 1571 1499 Vater, unter dessen liebevoller Führung er groß
424 1470 1577 1544 geworden ist. Und als Felix nun nach dem raschen Tode seiner
417 1520 1572 1573 Mutter erfährt, daß Julian, der ihm bisher nur ein lieber
410 1583 1584 1632 Freund gewesen, sein leiblicher Vater sei, da rückt er innerlich
413 1602 1579 1665 von ihm ab. Er wird ihm fremder, als zuvor, und nun wird
417 1660 1580 1710 ihm auch seelisch der Mann zum wirklichen Vater, quem nuptiae
422 1687 1585 1756 demonstrant. Der Skeptiker Stephan, der an einem
420 1746 1575 1804 wohl vorbereiteten Herzfehler leidet, findet noch kurz vor
1393 1783 1579 1836 jungen
410 1794 1395 1842 Toresschluß die leidenschaftliche Liebe eines
408 1834 1575 1881 Mädchens, der Schwester von Felix, deren Weg von Jugend
420 1867 1573 1927 an auch ein einsamer gewesen ist. Und das ist der tiefere, über
419 1912 1582 1975 die eigentliche Handlung hinausgreifende Sinn des Titels, daß
424 1950 1592 2022 wir im Grunde alle einsam unseren Weg gehen und daß die
410 1995 1586 2059 dünne Knochenwand, die unser Gehirn umspannt, den Menschen
411 2038 1586 2105 weiter vom Menschen trennt, als Berge und Täler, Länder und
1069 2094 1103 2125 97
421 2092 1591 2148 Meere es vermöchten. Das junge Mädchen weiß, daß ihr Ge¬
424 2125 1578 2180 liebter dem Tode verfallen ist, und deshalb geht sie ihm lieber
428 2187 1586 2238 voraus auf dem dunklen einsamen Wege. Sie ertränkt sich in dem
429 2220 1591 2280 Teich im Garten von Stephans Villa und dieser selbst beschleunigt
419 2260 1592 2326 sein Herzleiden durch einen wohlgezielten Revolverschuß
420 2303 1597 2358 Und diese Dichtung, die überreich ist an starkem und leidenschaft¬
421 2349 1594 2420 lichem Empfinden und an geistreichen Einfällen, mit denen sechs
436 2395 1588 2457 Fuldas Zeit ihres Lebens auskommen könnten, ist gestern so gut
436 2435 1590 2500 wie spurlos an dem Premiérenpublikum des Deutschen Theaters
421 2481 1593 2534 vorübergegangen. Der feinste und reichste Geist unter unseren
424 2524 1590 2586 wirklich schaffenden Bühnenschriftstellern mußte sich mit einem
432 2561 1589 2639 matten Achtungserfolge begnügen. Kaum daß der Vorhang sich
436 2599 1596 2675 nach jedem Akte einmal heben durfte. Es ist wahr, Arthur Schnitzler
427 2654 1598 2714 hat sich oft gar zu grüblerisch in seine melancholisch rück¬
433 2710 1587 2766 schauenden Betrachtungen versenkt, so daß ihm das Gefühl für
428 2724 1602 2797 die unmittelbare Bühnenwirkung darüber einigermaßen verloren
426 2782 1598 2862 geht. Und das Publikum, selbst das so unendlich literarische
439 2832 1588 2885 Premierenpublikum des Deutschen Theaters will stärker be¬
430 2871 1590 2935 schworen sein. Setzt ihm einen handlichen Kindesmord
430 2918 1594 2988 vor und Ihr habt es gleich! Für die innerliche Tragik,
439 2962 1602 3024 an der die wahrhaft einsamen Menschen Schnitzlers zu Grunde
440 3025 1597 3066 gehen, bewies es gestern nicht das geringste Verständnis. Ein
442 3052 1596 3101 Armutszeugnis, das nicht dem Dichter ausgestellt wurde. In
430 3090 1601 3156 der Technik, in der Aufrollung der Handlung, hat Schnitzler sich
443 3138 1593 3197 diesmal stark an Ibsens Methode angelegt, der so oft eine Schuld
441 3183 1604 3234 der Vergangenheit langsam und vernichtend in die Gegenwart
433 3228 1604 3286 hineinwachsen läßt. Schnitzlers Fehler ist nur, daß er von der
433 3265 1598 3334 geraden Linie der Handlung sich zu oft in reizvoll lockende
449 3334 1604 3375 Seitentäler verlocken läßt, ein Irrtum, der dem Dramatiker,
444 3360 1603 3423 schwerer, als dem Dichter zu verzeihen ist. Der Tendenz nach,
436 3400 1589 3457 wenn man bei einer solchen Dichtung überhaupt von einer Ten¬
450 3455 1601 3509 denz sprechen darf, ist „Der einsame Weg“ das Gegenstück zur „Wild¬
452 3487 1599 3548 ente“. Auch die Lüge hat ihre ethische Berechtigung, wenn ein
445 3554 1602 3598 guter Mensch durch sie glücklich zu werden vermag. Die Dar¬
451 3589 1612 3634 stellung war zum überwiegenden Teil glänzend. Albert¬
441 3621 1612 3692 Bassermann als der kühle Skeptiker Sala bot den fascinierenden¬
457 3674 1602 3717 Reiz einer ganz individuellen Persönlichkeit, Oskar
443 3703 1605 3764 Sauer gab den pedantischen Professor mit einer stillen, wahrhaft
458 3757 1614 3807 ergreifenden Herzensgüte und Else Lehmann als vergnügte¬
458 3796 1604 3857 Schauspielerin im Ruhestand brachte leibhaftigen Sonnenschein in
459 3840 1622 3892 den zweiten Akt. Kurt Stieler, dessen Begabung sich
456 3890 1610 3940 immer hoffnungsvoller entfaltet, fand für die bedeut¬
468 3921 1610 3991 same Figur des Felix den überzeugenden Ton gedämpfter,
463 3968 1618 4028 verhaltener Empfindung, und Irene Triesch war ganz'
457 4025 1620 4068 die schwärmerisch=leidenschaftliche Jungfrau, die lieber liebt als
452 4062 1612 4125 lebt. Auch Hedwig Pauly und Hans Godeck waren
458 4111 1613 4160 tüchtig in ihren kleineren Aufgaben, und nur Rudolst
452 4147 1619 4212 Rittner vermochte in seiner ganzen Erscheinung den sieghaften¬
1414 4191 1608 4266 Sch.
452 4196 1279 4266 Herzenbrecher nicht recht glaubhaft zu machen.
2609 1096 2838 1152 ###t durch
2455 1120 2575 1190 Renl.
2362 1198 2769 1261 Telephon: III, 3051.
2153 1245 2856 1316 —
2093 1296 2543 1385 Ausschnitt aus
2024 1709 2463 1812 Ser Tag, Bertas
2113 1999 2485 2099 14 FEB. 1904
2130 2085 2536 2183 Feuilleton.
1916 2166 2760 2242 Deutsches Theater. „Der einsame Weg“
1872 2226 2777 2275 von Arthur Schnitzler fand gestern (Sonnabend)
1872 2273 2792 2343 an einigen Stellen wärmeren Beifall (nicht an den
1875 2319 2788 2384 besten). Aber der Abend ist, um die Wahrheit zu
1866 2372 2788 2435 sagen, kein Theater=Erfolg gewesen. Der Grund
1873 2418 2788 2476 lag in dem Zerfließenden und Langwierigen dieser
1861 2473 2784 2534 Dichtung. Sie bot manches Nachdenksame, aber
1875 2525 2793 2578 wenig gestaltende Energie. Sie zeigt die Seelen¬
1875 2564 2769 2639 schuld der Junggesellen, die nur Genießer sind ...
1875 2615 2791 2680 und die Tragik dieser Selbstsucht, wenn sie alt
1876 2657 2791 2728 werden. Das Leben reicht ihnen die Quittung,
1877 2709 2784 2773 la douloureuse, und ihre Schuld rächt sich auf
1878 2758 2783 2825 Erden. Manches, wie gesagt, ist daran recht nach¬
1871 2807 2793 2868 denksam. Hinter der Dichtung blieb die Dar¬
1871 2853 2791 2916 stellung meistens zurück. Selbst Else Lehmann, die
1873 2901 2787 2973 prachtvoll war, gab weniger Humor, als Schnitzler
1878 2948 2793 3019 gegeben hatte (weil die Rolle österreichisch gedacht
1871 3004 2781 3060 und norddeutsch gespielt ward). Rittner warskraft¬
1875 3048 2793 3103 voll, wo er schmerzvoll hätte sein sollen. Sieger
1867 3101 2797 3164 blieb Bassermann. Er gab als einziger eine
1871 3144 2795 3196 geistig feine, schwer zu vergessende Leistung. Die
1866 3193 2496 3267 Triesch hatte keinen guten Abend.
2397 3232 2797 3326 Alfred Kerr
