3484 4384
1040 422 1091 488 W
210 439 1221 517 18. Der einsaneg
251 1404 657 1477 usschnitt aus:
572 1438 1311 1540 Interessantes Blatt, Wien
258 1518 379 1570 om:
396 1511 1001 1623 Bis
524 1649 1109 1806 Vom Theatet.
365 1769 1365 1849 „Burgtheater. Schnitzlers Schauspiel „Der
284 1822 1367 1894 einsame Weg“ ist vor zehn Jähren entstanden und
275 1839 1398 1953 murde den Wienorn van Brahm aus Borlin sorpiert
297 1939 1401 2033 Es verschwand mit den Berliner Gästen, so daß seine ¬
296 1995 1377 2087 jetzige Aufnahme in das Repertoire des Burgtheaters
291 2039 1372 2113 den Eindruck einer Premiere machte. Die Bühnenwir¬
299 2090 1379 2170 kung blieb auch diesmal aus. Der Beifall galt dem
303 2132 1396 2232 Dichter und den Darstellern, nicht dem Stücke, dessen
298 2244 1375 2326 seingetönte Szenenbilder im grellen Bühnenlichte ver¬
291 2310 1374 2363 blaßten. Die Menschen auf dem einsamen Weg ver¬
294 2345 1373 2415 tragen nicht das große geräuschvolle Theaterpublikum,
297 2404 1387 2456 mit ihnen muß man sich allein auseinandersetzen, ihren
293 2455 1381 2517 Stimmungen und Lebensregungen liebevoll nachgehen,
405 2488 1267 2562 um sie verstehen zu können. Auf der Bühne
418 2550 1261 2605 erscheinen sie zu unwirklich. Das Schauspiel
418 2595 1261 2665 ist eben eine in Dialogform gehaltene
416 2642 1264 2717 Novelle voll zarten Empfindens und weicher
410 2692 1268 2753 Sinnigkeit, welche die beste Darstellung
408 2743 1281 2820 vergröbern muß. Der Tod von drei Per¬
422 2796 1281 2865 sonen des Stückes bringt bei der geringen
419 2841 1279 2916 Zahl der Mitspielenden eine Tragik herein,
416 2883 1280 2956 welche die Bezeichnung Schauspiel illusorisch
416 2935 1281 3011 macht. Die beiden Hauptmomente in Schnitz¬
416 2995 1282 3045 lers Schaffen, die Liebe und der Tod in
417 3038 1284 3095 ihrer lebenweckenden und vernichtenden
415 3080 1275 3147 Wechselwirkung, sind auch im einsamen Weg
425 3138 1287 3193 die dynamischen Kräfte. In der liebevollen
421 3193 1283 3260 Inszenierung, den prachtvollen Einzelleistun¬
430 3225 1281 3301 gen der Darsteller war die Liebe zu er¬
429 3276 1286 3342 kennen, welche das Burgtheater dem Dichter
422 3320 1288 3417 und dem Werke entgegenbrachte. Hervor¬
426 3373 1295 3438 zuheben ist Elsa Wohlgemuth als
439 3424 1289 3498 Johanna und Harry Walden als Herr
429 3457 1299 3534 von Sela, ferner Frau Bleibtren in
428 3495 1307 3588 einer wirksamen Nebenrolle. Der Dichter
441 3563 1312 3647 konnte mehrmals für den ehrlichen Beifall
434 3629 615 3708 danken.
535 3677 607 3718 I
1366 402 1831 494 box 23/4
1738 1645 2787 1784 Husschnitt ausßayerische Staatszeitung
2280 1758 2565 1850 München
1769 1780 2069 1839 vom: Sgert
2057 1787 2254 1887 B
1938 1878 2540 1961 Wiener Theaterwoche
1723 1944 2842 1997 Eine bedeutsame Theaterwoche hat die Kunstwelt Wiens in
1644 1973 2846 2042 Atem gehalten. Nicht weniger als vier Bühnensensationen hat
1648 2036 2310 2093 diese letzte Faschingswoche gebracht.
1735 2070 2836 2115 Da gab es zunächst am Burgtheater Schnitzlers Komödie
1665 2105 2836 2160 „Dereinsame Weg“. Es mutet sonderlich an, daß diese durch¬
1657 2157 2851 2211 aus wienerische Komödie hier in der Heimatstadt des Dichters
1662 2192 2843 2235 zehn Jahre nach ihrem Entstehen noch als Neuheit gelten kann.
1656 2231 2849 2275 Sie ist so alt, daß sie von jedem der drei letzten Burgtheater¬
1655 2266 2844 2300 direktoxen Burckhardt, Schlenther und Baron Berger hätte auf¬
1649 2303 2839 2344 geführt werden können. Allein jeder dieser drei hat es geflissent¬
1646 2348 2842 2391 lich vermieden, den „Einsamen Weg“ in den Spielplan aufzu¬
1659 2383 2841 2422 nehmen, denn keiner von ihnen hat die Schwächen dieses Stückes
1651 2418 2840 2466 verkannt. Wenn die Komödie trotzdem auch in Wien nicht mehr
1659 2460 2847 2500 unbekannt war, so ist dies dem Umstande zuzuschreiben, daß sie vor
1649 2494 2851 2549 ein paar Jahren von Brahms und seinem Lessingtheater gelegent¬
1646 2539 2830 2584 lich eines Gastspieles hier aufgeführt worden ist. Nun aber hat die
1647 2567 2836 2625 gegenwärtige Burgtheaterleitung, offenkundig in dem Bestreben,
1645 2614 2841 2676 in jedem neuen Jahre einen neuen Schnitzler zu bringen, auch den
1652 2653 2836 2705 „Einsamen Weg aufgeführt und damit dem Spielplan des Burg¬
1650 2693 2839 2739 theaters das zehnte Werk von Schnitzler einverleibt. Die ersten
1648 2730 2831 2769 neun haben bis zur Premiere des zehnten zusammen 193 Auf¬
1663 2766 2833 2829 führungen erlebt und Schnitzler zu dem weitaus meistgespielten
1649 2803 2335 2850 modernen Burgtheaterautor gemacht.
1732 2848 2845 2895 „Der einsame Weg“ ist das Drama der Trostlosigkeit. Es soll
1648 2869 2837 2941 dartun, wie einsam wir eigentlich alle sind. Alternde, die ein
1650 2926 2839 2981 reiches Leben voll Freude hinter sich haben, werden schließlich von
1654 2974 2843 3018 aller Welt verlassen, bleiben allein. Eltern verlieren ihre Kinder
1654 3005 2838 3049 durch schwere Schicksalsschläge. Kinder verlieren ihre Eltern, weil
1645 3042 2834 3091 diese sie nicht genug verstehen oder weil sich herausstellt, daß der,
1646 3079 2836 3130 zu dem sie bisher Vater“ sagten, gar nicht ihr Vater ist.
1650 3107 2214 3172 Kurzum: Vom Leben ist,
2237 3117 2835 3164 wenn man Schnitzler glau¬
1655 3157 2835 3207 ben win, nichts zu hoffen. Es steckt voller Trostlosigkeit. — Trüb¬
1647 3201 2833 3237 sinn trieft hier von allen Zimmerwänden und kein befreiendes
1652 3238 2836 3281 Lachen ertönt. Dieses Stück ist bei seiner Berliner Premiere rück¬
1646 3271 2844 3328 sichtslos verlacht worden. Bei uns freilich hat es einen ansehn¬
1643 3313 2841 3353 lichen Erfolg errungen. Da aber das Premierenpublikum nur zur
1653 3350 2839 3403 ersten Aufführung geht, wird die gesündere Meinung des ührigen
1645 3388 2852 3464 Theaterpublikums schon dafür Sorge tragen, daß der „Einsame
1650 3425 2442 3482 Weg“ nicht allzuoft im Repertoire erscheint.
1730 3463 1949 3529 Leen
