3436 4384
1425 377 1881 490 box 23/5
793 409 989 470 nSam
270 409 1276 512 18. Der einzaneLeg
970 1560 1293 1659 2- ARR 1978
608 1599 1311 1792 grder Tagespost, Gres
776 1716 1137 1842 Abendblatt
1457 1790 2497 1899 varen Sinn=Bildern, berauschend mit dem Strom von
698 1806 1150 1896 Schauspielhaus.
1258 1839 1395 1916 e
1456 1874 2494 1943 leisen, schweren Erkenntnissen, Menschen bildend, die
518 1861 876 1942 Der einsame Weg
1449 1922 2493 1984 zu müd sind, die großen Flammen des Theater=Dramas
475 1925 967 1996 Wie es war? Nunz der
1204 1929 1442 1995 nih lang
1445 1967 2499 2044 zu entzünden, das immer Willensmenschen voraussetzt.
1003 1974 1442 2043 ##llgemeinen für den
398 1963 979 2041 Der Zuschauer von heute ist
1518 2025 2502 2082 Zweierlei Handlung kreuzt sich auf einsamen Wegen:
382 2032 957 2090 dramatischen Zehn=Uhr=Laden
1440 2070 2497 2131 die Handlung Felix=Wegrath=Fichtner und die Sahla¬
952 2022 1453 2145 Sahschtne teschlter.
397 2075 936 2144 Uhr=Stücke. Faust wird
1449 2120 2505 2194 Johanna=Felix. Man weiß nicht, wem man folgen
397 2120 1451 2188 Den einsamen Weg gingen nicht alle mitt eine auf¬
1452 2165 2445 2227 soll (was das Publikum gleich benützt, um sich -
392 2176 1444 2249 fallend stille Teilnahme begleitete das Stück, das
1452 2213 2498 2278 beiden zu entziehen). Vielleicht sogar eine dritte Hand¬
387 2226 1447 2304 man gewissermaßen Arthur Schnitzlers Faust nennen
1448 2264 2508 2338 lung, die sich im Gedanken äußert: nach uns Müden
387 2280 568 2347 dürfte.
1451 2324 2499 2381 kommt ein besseres Geschlecht, eine Jugend von mehr
470 2293 1449 2382 Ein früherer Schnitzler (1904), schon beim Lesen
1453 2373 2496 2433 Haltung und weniger Geist ..... Also einmal Partei¬
382 2376 1450 2449 lang und dennoch unkürzbar — was will man missen?
1452 2426 2501 2491 nahme für die Ungenialen, die Bürgerlich=Festen, eine
465 2425 1438 2482 eine Dichtung, worin die „baktrischen Marmor¬
1451 2471 2083 2527 Huldigung für die Kraft...
384 2474 1446 2537 treppen“ in Schächte tief=sinniger Gedanken führen.
1531 2496 2499 2569 Jemand sagte: um des Herrn von Sahla willen
395 2519 1443 2589 Jede Person geht ihren Einsamen Weg. Der alte
1452 2568 2500 2622 möchte man Schauspieler werden. Es ist wahr. An
396 2584 1447 2634 Akademie=Direktor Wegrath weiß nichts vom Leben
1457 2615 2508 2672 seinem Munde hängt der Hörer, er macht die Bühne
400 2622 1441 2690 seiner Frau, nicht, daß ihr Sohn nicht auch der
1447 2673 2504 2735 zum Orakel. „Was ist Gegenwart? Die ersten Noten
391 2669 1438 2731 seine ist. Und diese Frau stirbt von ihm weg, verschlossen,
1446 2714 2503 2779 einer Melodie sind schon gestorben, wenn die nächsten
399 2723 1440 2781 eine Fremde. Felix Wegrath, dieser Sohn, weiß nicht,
1447 2760 2499 2819 klingen, alles ist nur noch Erinnerung, bevor das
388 2771 1434 2833 daß Julian Fichtner ein Vater ist; erfährt's und geht,
1443 2818 2502 2885 Lied zu Ende ist. ..“ Dies nur ein kurzer Tongedanke
386 2824 1440 2876 erschüttert von der Wahl zwischen Wegrath, seinem
1450 2867 2504 2926 aus dem vielstimmigen Satz des Stückes. Herr Olden
396 2868 1445 2934 „Papa“, und Fichtner, seinem Vater, nach Asien: als
1452 2914 2509 2974 hat den richtigen Ton für den Sahla, überhaupt den
405 2915 1448 2984 Forschungsreisender nach Baktrien, in eine ferne alte
1451 2963 2508 3027 Schnitzler=Ton, und man könnte es fast von allen
389 2976 1457 3052 Welt, die Marmortreppen hinab, die aus Gegenwart
1457 3017 2503 3071 männlichen Rollen sagen. Herr Hofbauer war aller¬
387 3022 944 3105 zum Vergessen leiten ...
1452 3063 2510 3134 dings noch nicht in seiner Rolle (Fichtner), kämpfte
480 3068 1450 3130 Auch für Stephan von Sahla, den „Räsonär“ des
1454 3113 2516 3167 mit ihr und seinem Gedächtnis, hatte aber viel Empfin¬
404 3116 1450 3170 Stücks, ist dieses Baktrien ein Sinnbild. Er hat Frau
1448 3151 2516 3225 dung für den gedämpften Klang des Wortes. Ebenso
391 3174 1442 3245 und Kind verloren, kann Johanna, Schwester seines
1446 3211 2513 3267 Großmann (Wegrath), Otto (Reumann) und der
404 3218 1437 3286 Freundes Felix, nicht erringen, verliert Felix selbst,
1450 3263 2510 3328 junge Andersen, der mit Haltung, Wort und Ge¬
396 3272 1442 3336 geht einsam sterben, wenn der Herbst herniedersinkt,
1453 3307 2511 3382 bärde des jungen feinen Wieners (Felix) diesmal über¬
403 3317 1444 3390 nachdem die blaugrünen Wasser des Teichs Johanna
1456 3359 2513 3427 raschte. Seine große Szene mit Hofbauer, die erste
399 3367 1032 3443 aufgenommen haben. So jeder.
1461 3405 2524 3466 Aussprache zwischen Vater und Sohn, Ende des zweiten
473 3406 1444 3478 Das tiefe Verlassensein=Können mitten im Leben
1457 3459 2303 3522 Aktes, war der stärkste Erfolg des Abends.
402 3472 1446 3528 — man denkt an das schöne Bild vom einsamen
1540 3477 2526 3574 Weniger schnitzlerisch sind die Damenrollen. Welche
395 3515 1455 3570 Baum auf der Heide in dem Wildgansschen Gedicht —
1455 3561 2517 3618 unserer Künstlerinnen wäre etwa die geborene Jo¬
398 3562 1449 3633 ist hier abgewandelt. Ein wehmütiger Herbsthimmel
1455 3603 2526 3673 hanna —? So wurde sie Frl. Kögel anvertraut,
393 3621 1450 3676 hangt über dem Stück. Auch der Dichter geht einen
390 3653 2580 3732 Weg, abseits von Theater=Wirkung, zwischen wunder= die mit dieser Hellseherin nicht viel anzufangen wußte, #
3174 1726 3346 1829 S
2496 1820 3380 1893 so daß uns nichts blieb als die Erinnerung
2502 1863 3378 1931 hübsche grüne Jacke. Gut fügte sich Frau
2508 1926 3375 1980 als Frau Wegerath ein. Frl. Schubert hat
2503 1966 3379 2026 lebende Irene Herms, die einzige Figur von
2510 2017 3369 2087 Auf der Brücke der Mundart fand die
2507 2072 3372 2135 denn auch den Weg zum Erfolg. Aber sie
2508 2115 3386 2180 unvermittelt zwischen Mundart und Hochder
2502 2162 3380 2227 und ein wienerisches Herz zuckte schmerzlich,
2506 2208 3387 2269 den schönen Ort Sahl mannsdorf nannte, der
2507 2264 3375 2327 Salmannsdorf (spr. Sallmanns=) heißt. Bei di
2497 2316 3384 2378 Jobses erfolgte ein Schütteln des Kopfes, was
2509 2348 3390 2426 der Publikums=Seite öfter zu bemerken war
2581 2420 3384 2484 Einen einsamen Weg ging auch die Theat¬
2509 2460 3375 2525 die diese Dichtung herausbrachte, ohne Rüch
2506 2517 3380 2575 den äußern Erfolg, ja mit dem Vorwissen, d
2506 2553 3389 2635 Wenigen etwas zu geben, Denen, die an
2511 2601 3386 2674 Kunstdingen nicht ganz vorbeileben wollen. Die
2504 2660 3368 2725 ihr danken, und ihr die Antwort auf die
2504 2714 3377 2770 sparen: „Wie kann man das zur auffühl
2505 2765 3386 2819 Wenn das Theater Altes, wenn es Neue#
2510 2805 3391 2864 und es ist nicht Faust, nicht die Zehn=Uhr=Unte
2505 2858 3372 2932 sondern irgendwie ein Problemstück, wird es
2515 2898 3390 2974 wieder gefragt: wie kann man nur, wie i
2517 2965 2644 3037 NUT
