3436 4224
1420 172 1885 285 box 23/4
275 183 1296 279 18. Der einsane Neg
2685 1211 3022 1314 —
3096 1213 3239 1309 —
524 1281 3372 1366 mal bis zum Selbstmord. In den mittleren Lebens=mehr die lobt, die einen anderen Weg gehen?“ dürfen ihn gar nicht vollkomm
525 1348 3380 1405 jahren, so vom dreißigsten an, faßt er ihn ernster Weil Jeder nur sich selber kennt und an sich selbst Mir scheint, bei Schnitzler kör
529 1397 3377 1468 ins Auge. Später, etwa vom fünfzigsten Jahre an, keine rechte Freude hat. Das legt er dann dem dieses Entgegenkommens von b
1627 1430 3350 1505 Schicksal zur Last. Aber der ehrliche Egoist sieht diesmal doch keinen Erfolg.
517 1448 1631 1515 hat er sich mit ihm abgefunden Er hat soviel vom
2781 1486 3384 1553 Das Stück, dem in festlich
521 1482 2723 1564 allgemeinen Sterben erlebt, daß ihm die Tatsache tiefer: „Es gibt ja,“ sagt er, „für uns gar keine!
2707 1540 3360 1615 gengesehen wurde, ist deutlich g
1614 1542 2707 1610 Möglichkeit, uns nicht zu kennen; wir geben uns
521 1543 1625 1610 vertraut geworden ist. Sie interessiert ihn nicht mehr
2698 1592 3376 1656 hat ziemlich allgemein enttäuf
524 1592 2708 1649 in gleichem Maße, wie früher. Sein Blick ist dem wohl zuweilen redliche Mühe, uns über uns selbst
2695 1637 3384 1694 nichts die unausbleiblichen, müh
1611 1632 2714 1698 zu täuschen, aber es gelingt uns nicht. Anderen
513 1646 1627 1711 Leben, sei's auch der Vergangenheit, nicht der Zu¬
1612 1692 3374 1758 mögen unsere Torheiten, unsere Niederträchtigkei= führten Beifallsakte, für die ng
515 1699 1621 1756 kunft und dem Tode zugewendet. Dann sprechen
2165 1727 3378 1791 uns selber nie. In un= Aufzügen Herr Treßler, nach de
1625 1742 2186 1807 ten verborgen bleiben, —
517 1749 1617 1813 die Jungen von der Kälte und Gefühlsarmut des
1626 1784 3361 1852 serer tiefsten Seele wissen wir immer, woran wirster dankte. Viel ehrlicher war d
529 1792 1625 1852 Alters. Sie haben den Tod noch gar nicht entdeckt;
1618 1829 3359 1893 mit uns sind.“ Wer ohne Fehl ist, werfe den ersten Bleibtreu für ihr gutes E
529 1845 1622 1902 das Alter hat ihn überwunden. Die männlichen
515 1888 3377 1940 Hauptpersonen im „Einsamen Weg“ stehen alle in Stein auf ihn. Der wahre und einzige Nichtegoist Schauspielerin Irene Herms bei
1626 1927 3381 1999 ist der Ahnungslose. Er geht voran, aber es folgt Auch Herr Walden erfuhr die
518 1931 1628 2002 den mittleren Lebensjahren, in denen man den Tod
1614 1989 3380 2053 ihm keiner. Man nennt ihn „Vater“, und das ist zeichnung einmal in geringeren
512 1969 1629 2062 erst entdeckt und sich vom Alter eine falsche Vor¬
1614 2029 3377 2092 sein ganzer Lohn. Auch Wegrath soll erst noch er= Darstellung des vielseitigen von
519 2028 1634 2103 stellung macht, wie überhaupt kein Lebensalter das
1619 2074 3371 2142 fahren, daß nicht er, sondern Julian seinen Felix hafte, hinfällige Erscheinung ihr
521 2084 1625 2143 andere richtig und gerecht beurteilen kann. Eher trifft
1613 2126 3386 2194 physisch gezeugt hat: Welche freudige Ueberraschung liebten der blidschönen Johanna
519 2136 1618 2211 das noch der Aeltere für eine verflossene Lebens¬
1623 2172 2223 2256 für den alternden Mann!
2694 2160 3378 2246 gemuth) wenig gläubhaft in
517 2196 1630 2246 periode, die er selbst schon durchgemacht hat (ob¬
1688 2214 3376 2275 Schnitzler ist ein feiner Beobachter und Schil= lich zeichnete Herr Devrient
524 2235 1627 2304 pohl auch das bekanntlich schwer ist), als der Jüngere
1610 2254 3387 2357 derer von Typen unseres zngleich kraftlosen und lian. Der hölzerne Akademiedi
525 2284 1560 2349 für eine Periode, die er selbst noch erleben soll.
1623 2324 3382 2381 anspruchsvollen Zeitalters, das er nicht mit genialer, bei Herrn Paulsen in den rich
611 2304 1630 2396 So ist Schnitzlers „Einsamer Weg“ ein Bild
2696 2366 3385 2439 so der „schmucke“ Leutnant b#
1624 2375 2713 2436 Ueberlegenheit, sondern mit kongenialen, homogenen
520 2371 1619 2434 aus den mittleren Lebensjahren. Julian ist der un¬
2693 2415 3378 2479 Herr Herterich gab den Do
1625 2423 2703 2480 Werken charakterisiert. Das ist sein Lob und Ruhm.
524 2425 1624 2500 bewußte, elementare und darum schließlich enttäuschte
2694 2470 3378 2534 mehr wie einen Universitätsdie
1610 2470 2714 2542 Für einen großen Dramatiker würde es nicht lan¬
523 2489 1633 2550 Egoist, — Sala der bewußte, überzeugte und des¬
2694 2515 3386 2586 Universitätsprofessor, für die kl
525 2536 2713 2575 halb unerschütterliche „Einsame“, der weiß, daßigen. Denn für die nervöse Schwäche und die hoh¬
515 2568 3387 2653 die Ehe für ihn nur etwas äußerliches sein kannlen Prätentionen der Gegenwart gibt es hinlänglich genügend. All das konnte dem
2699 2617 3377 2688 Es war ein verfehlter Griff d
516 2619 2718 2683 Wegrath wird keiner von uns sein wollen; seine landere Zeugnisse von größerer Zuverlässigkeit. Es
1618 2669 2714 2736 ist angenehm, aber es genügt nicht, der Dichter sei¬
518 2689 1628 2739 Apotheose, in die das Stück ausklingt, ist doch gar
1629 2715 2732 2784 ner Zeit zu sein. Der Hochbegabte, der Hochstrebende
513 2729 1627 2787 zu bescheiden. Auch hier wieder hat ein Künstler
524 2750 2734 2831 sich selbst dargestellt und „wie kommt's, Mäzenas, muß der Dichter der Nachwelt werden wollen und am
521 2810 2731 2913 daß niemand mit seinem Los zufrieden ist, viel Beifall der Mitwelt vorübergehen. Wir Zeitgenossen
