3484 4352
1401 231 1841 321 box 23/1
746 252 952 308 nSaN
241 242 1239 345 18. Der
996 764 1845 870 Dr. Max Goldschmidt
1101 866 1723 958 „ „  Bureau für
1163 928 1674 1014 Zeitungsausschnitte
907 996 1917 1064 verbunden mit direktem Nachrichtendienst durch
1154 1055 1668 1135 eisene Korrespondenien.
951 1104 1311 1178 Berlin N. 24.
1445 1106 1845 1188 Telephon: III, 3051.
892 1150 1930 1229 —
1179 1218 1626 1310 Ausschnitt aus
1249 1378 1804 1477 Wiener Fremdenblatt
1390 1525 1748 1619 1 4FER 1904
1031 1637 1579 1718 Arthur Schnitzlers
1635 1630 2205 1731 Der einsame Weg“.“
1256 1701 1949 1780 Selegrämm des „Fremden=Blatt“.)
1801 1747 2285 1825 Berlin, 13. Februar.
1029 1809 2310 1863 Mit seinem fünfaktigen Schauspiele „Der einsame Weg“, das
924 1862 2321 1920 heute im Deutschen Theater seine Uraufführung erlebte, wendet sich
934 1908 2327 1973 Schnitzler von seinen bisherigen dichterischen Pfaden ab und schlägt.
929 1944 2322 2015 die Bahnen Ibsens, Hauptmanns, teilweise auch Maeterlincks ein. Das
927 1993 2322 2056 Drama entwickelt sich fast ausschließlich aus inneren seelischen Vorgängen;
934 2047 2326 2088 äußere Geschehnisse werden nur spärlich verwendet, eigentlich nur dort, wo
924 2098 2053 2151 sie zur Fortführung der Handlung unumgänglich nötig sind.
1021 2138 2324 2192 Der Akademiedirektor Wegrath hat als junger Künstler ohne alle
927 2190 2327 2240 Rücksicht auf Familie und Gesellschaft ein Mädchen geheiratet, das schon
925 2235 2323 2294 früher Beziehungen zu seinem Freunde Julian Fichtner unterhalten und
922 2270 2329 2354 mit den Folgen ihrer Liebe in die Ehe tritt. Die Frucht ihrer Lebenslage,
928 2333 2323 2380 welche am Marke ihres Körpers zehrt und sie zum Beginn des Schau¬
937 2378 2326 2431 spiels bereits als Todeskandidatin erscheinen läßt, ist ein Sohn Felix.
925 2420 2316 2491 Dieser ist neben seiner legitimen Schwester Johanna als Sohn Wegraths
931 2474 2323 2539 zu einem blühenden, künstlerisch veranlagten jungen Mann herangewachsen,
923 2522 2321 2583 der aber vom natürlichen Vater dessen unstetes Wesen geerbt hat, aber
922 2569 2320 2627 auch Johanna scheint von dem Naturell der Mutter gewissermaßen erblich
931 2615 2327 2662 belastet, denn im Laufe der Begebenheiten ersieht man, daß sie zu einem
933 2664 2325 2732 anderen Herzensbezwinger, dem Gutsbesitzer v. Saln, intime Beziehungen
917 2709 2326 2770 unterhält. Nach dem Tode der Mutter erfährt Felix von Fichtner, zu dem
922 2754 2324 2805 er sich von Kindheit auf hingezogen fühlte und der ihm seinerseits nahezus
918 2796 2312 2853 zärtliche Freundschaft bekundete, den wahren Stand ihrer blutsver¬
922 2850 2312 2904 wandten Beziehungen. Felix entschließt sich, dem peinlichen Verkehr in dem
924 2893 2315 2951 vermeintlichen Vaterhause zu entrinnen, indem er sich Saln als Begleiter
918 2940 2314 2996 bei dessen beabsichtigter Forschungsreise nach Turkestan anschließt. Inzwischen
931 2991 2319 3044 haben er und Johanna vom Hausarzte erfahren, daß Saln wegen eines
929 3034 2315 3095 heimtückischen Leidens das Reiseziel lebend nie erreichen werde. Johanna
931 3079 2324 3136 sucht einen Ausweg aus dieser hoffnungslosen Liebe durch den Tod in den
924 3126 2324 3182 Wellen. Saln, erschüttert durch das plötzliche Verschwinden Johannas,
918 3182 2324 3232 weiht Felix in seine Herzensbeziehungen zu Johanna ein. Felix, erbittert
922 3222 2315 3286 über das Schicksal der Schwester, läßt sich zu einer Andeutung von Salus
916 3269 2325 3327 unheilbarem Zustand hinreißen. Dieser beschließt, dem unerbittlichen Walten
921 3315 2312 3361 der Natur durch freiwilligen Tod vorzugreifen. So bleiben Wegrath und
928 3362 2337 3426 Felix als unschuldige Opfer der Familientragödie zurück, die sich nun durch
916 3412 2314 3474 das gemeinsame Leid zu einem wahrhaft innigen Bunde aneinander
921 3460 2316 3522 schließen, während Fichtner den einsamen Weg seines verzettelten und ver¬
923 3509 1721 3566 fehlten Daseins bis ans Ende gehen muß.
1039 3551 2314 3615 Die heutige Aufführung bewies, daß die Rüstung eines
925 3597 1811 3650 Schicksalsdramas für Schnitzlers Begabung zu
1810 3595 2312 3661 schwer ist. Die ernsten
914 3641 2307 3692 Szenen verpufften wirkungslos, trotz der Fülle elegant geprägter geist¬
915 3692 1802 3756 voller Gedanken. Die Schlußszene des
1814 3690 2315 3754 vierten Aktes, in der
922 3734 2322 3797 Johanna sich in den Teich stürzt, wurde geradezu ausgelacht.
921 3787 2316 3844 Nichtsdestoweniger konnte der Dichter wie nach anderen Aktschlüssen auch
924 3838 2315 3889 nach diesem Beifallsrufen Folge leisten. Die Besetzung der Rollen
916 3878 2324 3932 wies gleichfalls Mißgriffe auf; namentlich Else Lehmann als
915 3923 2313 3986 Interpretin einer leichtlebigen Schauspielerin (einer geistigen Schwester
896 3968 2076 4042 Annics im „Abschiedssouper“) war durchaus nicht am Platze.
