3484 4448
1422 197 1874 291 box 23/1
271 211 1259 322 18. Dereins
1402 1041 1875 1159 Der Roland von Berlin.
914 1081 1015 1156 26
911 1186 2372 1264 härenen Kutte rüstet er sich zur Pilgerfahrt. Der dürre Stab, der nie
907 1226 2375 1300 wieder blühen und grünen kann, ist ihm — „der einsame Weg“. Die
907 1292 2379 1351 Fastnacht der Sinnenlust ging zu Ende; dumpf durchbrausen die ernsten
921 1335 2373 1393 Orgelklänge des Aschermittwoch die geweihten Stätten der Einkehr und
906 1386 2374 1458 der reuigen Buße. Schade, daß der Dichter hier stehen blieb, daß er
910 1446 2371 1522 das liebliche Läuten der erlösenden Osterglocken nicht mehr vernahm,
905 1504 2367 1576 daß er nur — ein Nachtbild schuf. Er führt uns nur in die tiefen Ab¬
912 1553 2370 1624 gründe der Finsternis, aber nicht zu den strahlenden Höhen des Lichts;
909 1605 2376 1683 er zeigt uns nur die Schauer des Dunkels, aber nicht den Glanz der
916 1668 2376 1726 Helle. Darum gehen wir unbefriedigt von dannen. Er hat keine Ge¬
913 1716 2372 1790 stalt geschaffen, die uns mutig und fest das Wort zuriefe: „Sei ein
918 1760 2381 1832 Mann und folge mir nicht nach“ ... auf „dem einsamen Wege!“ Aber
919 1837 2369 1892 gleichviel! Das Schauspiel bedeutet einen Aerkstein in Schnitzlers künst¬
908 1887 2378 1958 lerischer Entwickelung. Er befindet sich auf dem richtigen Wege.
917 1933 1687 2015 Dieser Most wird einen Wein geben!
1040 1988 2380 2062 Es wäre undankbar, nicht der Künstler zu gedenken, die ihr Bestes
919 2037 2377 2103 gaben und Meisterhaftes schufen. Auf dieser Ehrentafel stehen die
909 2097 2364 2173 Namen Albert Bassermann, Else Lehmann und Irene Triesch
911 2147 2370 2244 verzeichnet. Kurt Stieler hat das Zeug dazu, einmal „ein Großer“
917 2219 1164 2298 zu werden.
1034 2334 2379 2431 Im Berliner Theater fand das dreiaktige Schauspiel „Water.
922 2411 2371 2487 kant“ von Richard Skowronnek die beifälligste Aufnahme. Die beson¬
909 2483 2374 2541 deren Umstände der Weltlage kamen dem Autor gefälligst zu Hilfe. Man
911 2516 2378 2583 denke sich die Ueberraschung, als sich der Zuschauer ohne weiteres an
912 2576 2375 2640 Bord S. M. Schiff „Iltis“ befördert sah und noch dazu an die Reede
920 2625 2382 2690 von Dort Said mit dem Blick in den Suezkanal hinein, und eine halbe
915 2696 2373 2755 Stunde später kam die Order zu jener Aktion, die in der Beschießung
915 2731 2378 2798 und Erstürmung der Taku=Forts ruhmvoll gipfeln sollte. Und so etwas
928 2794 2379 2854 ausgerechnet in dem Augenblick, wo wir meinen, daß der Kanonendonner
918 2845 2388 2923 von Dort Arthur uns endlich aus dem Schlaf aufrütteln und alle Mann
919 2900 2379 2971 ernsthaft an Bord rufen könnte. So elektrisierte denn schon der erste
921 2943 2379 3012 Akt, und aus der klugen Prämisse entrollte sich ein gediegener Erfolg.
910 3007 2379 3073 Das Drama ist keins von den sogenannten Hurrastücken. Diese Sorte
923 3047 2381 3135 des anbefohlenen Datriotismus würde jetzt nach Zapfenstreich der Sedan¬
916 3124 2374 3178 Acra gar nicht mehr ziehen. Merkwürdig, wie all die Maulhelden und
917 3164 2382 3236 Burraschreier in diesen kriselnden Tagen sich beiseite gedrückt haben
918 3224 2385 3285 und reinweg verduftet sind. Skowronnek löst sein Waterkant=Problem
917 3287 2387 3351 aus einem rein menschlichen Motiv. Der junge Leutnant z. S., der eben
921 3329 2373 3391 auf dem Sprung nach Ostasien steht, wird durch den tragischen Cod
925 3387 2381 3456 seines Daters, der das echte Seemannsende auf sinkendem Schiff ge¬
923 3440 2388 3514 funden, nach Haus berufen, wo nun die verzweifelte Wittib mit den
919 3487 2388 3555 klammernden Organen der Mutterliebe ihr Letztes und Einziges nicht
921 3545 2395 3608 an die mörderische See ausliefern will. Der junge Seeheld wird weich
920 3595 2398 3673 und besteigt als gehorsamer Sohn den Kontorsessel. Aber der Geist
