3436 4256
797 293 1144 367 saneW
1418 298 1870 378 box 23/1
250 304 818 396 18. Der en
186 1484 1803 1518 nie sich selber gaben, manns Portraitkunst — ist der wahre Puppenspieler voll
180 1522 643 1566 jetzt auf dem Vergabweg,
651 1524 1783 1566 der Negationen und der Ueberlegenheiten und er wahrt sich
181 1561 638 1621 al Alleinsein fühlen und
651 1561 1779 1617 seine Maske bis zuletzt, bis in das Bewußtsein seiner letzten
648 1598 1786 1638 Stunden. Ein Geisteshochmütiger, der das Distanzhalten
167 1623 640 1693 ihnlichen Schicksals, ver¬
646 1635 1777 1690 mit Charme und unnachahmlicher Grazie übt, und der in
182 1669 640 1719 von Sala und Julian
640 1677 1782 1732 seiner spöttischen Blague viel mehr Trotz gegen die Miserabili¬
181 1716 636 1778 überlegene, der Lebens¬
648 1726 1774 1771 täts=Attacken des Lebens hat als Julian, der mit den ängst¬
170 1733 636 1803 hn aber verliert in der
646 1756 1778 1812 lich zusammengeholten Resten hochtönender Weltauschauungs¬
173 1789 647 1843 eer so selbstbewußt und
654 1790 1782 1851 worte zusammenbricht Sala trägt auch die Einsamkeit des
174 1834 638 1876 ötzlich in das Nichts, in
646 1839 1784 1877 letzten Weges, er sträubt sich nicht dagegen, er fühlt ihre
180 1874 642 1931 felter Panik versucht er
644 1877 1778 1925 Unabänderlichkeit ja er will es gar nicht anders: er ist nicht
231 1905 631 1965 Seine Kunst ist ver¬
647 1916 1781 1964 geschaffen, sein Inneres zu teilen mit Jemandem; er ist einer
176 1945 634 2005 lk und müde geworden,
643 1962 1777 2014 von denen, die sich in wohrstem Sinne nie hingeben können.
175 1992 632 2040 therrlich an seine Macht¬
644 1992 1776 2054 Aber dieser Skeptiker hat dabei den feinschmeckerischen Sinn
186 2034 621 2085 in seinem Innern —
648 2028 1778 2090 für romantische Reize für die Erregungen der Phantasie,
207 2065 628 2121 gelegen — Weh und
645 2062 1779 2124 für die Opiate der Einbildungskraft, mit ihnen illuminiert
170 2104 631 2171 ihn hegender Güte auf¬
647 2112 1789 2166 er bewußt die Leere. Er spielt, halblyrisch, halbiconisch mit
203 2141 639 2202 Er will Felix seinen
644 2158 1784 2205 den Vorstellungen asiatischer Fernen, mit d'Annunziobildern
183 2171 640 2245 nicht gehört, den Sohn
649 2189 1785 2249 versunkener Städte mit opalschimmernden Marmorstufen in
191 2229 632 2281 in Stich gelassen und
637 2230 1785 2267 den Tiefen der Erde. Und der Leidenschaftslose hat ein
177 2260 644 2310 stenschen, dem Professor
644 2272 1772 2328 unsäglich feines Gefühl für den erotischen Hauch; er, der
197 2303 633 2357 Kind dann Felix gilt.
642 2313 1784 2364 sich innerlich nie gegeben, ist sicherlich der bestrickendste Liebes¬
188 2345 641 2393 n bilden die eine Hand¬
641 2351 1773 2397 künstler, er genießt die Frissons der Menschenseele, die er
185 2384 640 2438 gewühlter Gemütswellen
650 2391 1780 2453 in seiner Hand erzittern fühlt. In einigen glänzenden
179 2424 636 2477 schen Felix und Julian
645 2432 1783 2489 Dialogen von Stendhalscher Kultur genießen wir diese Gestalt,
181 2457 630 2517 htet aufdämmert. Mensch¬
649 2466 1787 2528 aber das Drama, das zwischen ihm und Johanna, Wegraths
190 2501 633 2562 nseits von Richten und
645 2503 1785 2566 Tochter spielt, im Park mit den römischen Büsten und dem
194 2536 644 2594 tote Mutter wird dem
640 2549 1786 2603 grünlichen Teich, das hat Schnitzler leider nicht geschrieben.
180 2578 639 2633 ein Frauenschicksal und
640 2584 1782 2639 Er hat zu wenig für dieses Mädchen getan, er umhüllte sie
171 2622 632 2678 die sie geliebt und gelitten.
646 2627 1774 2667 mit Schleiern, die Ahnung und Begier erwecken, er webte
184 2658 633 2708 hl für jenen stillen er¬
644 2655 1786 2729 um sie Geheimnisse, doch er blieb ihr gegenüber hilflos und
181 2698 644 2751 wesen ist. Keine Stimme
656 2705 1792 2762 sprach sich viel breiter über viel unwesentlichere Beziehungen.
173 2742 636 2794 en, der jetzt liebefordernd
656 2750 1776 2804 aus. Die Proportionen stimmen in diesem Werke nicht.
179 2778 635 2834 n fremder als je und die
641 2780 1767 2852 Es bleibt ein schöner Torso. Ein Torso kann freilich an¬
177 2819 636 2881 ist ihm, „eine Wahrheit
645 2824 1278 2883 regender sein als glatte Rundheit.
209 2853 634 2911 Die eigen erworbenen,
721 2876 1745 2943 Berlin, 14. Februar. Felix Poppenberg.
176 2894 646 2957 gen und Zusammenhänge
251 2941 641 2992 Julian beansprucht
236 2975 641 3029 nicht erworben, Felix
407 3017 649 3067 arteren ehr¬
410 3055 650 3108 als er aus
435 3094 646 3143 tnie ver¬
423 3133 642 3202 t: „Müssen
439 3165 649 3236 als hörte
433 3244 643 3322 chwimmen¬
462 3307 624 3356 andlung.
415 3345 635 3395 worden, als
420 3379 638 3435 önnen voll
460 3420 635 3474 e Fernen
422 3462 648 3534 kann man
417 3523 617 3591 Gedanken¬
422 3578 634 3641 für Basser¬
2122 1500 2959 1627 Dr. Max Goldschmidt
2269 1617 2839 1717 .  Bureau für
2278 1681 2804 1772 Zeitungsausschnitte
2038 1730 3040 1837 verbunden mit direktem Nachrichtendienst durch¬
2284 1808 2808 1889 eisene Korrespondenten.
2578 1849 2992 1936 Telephon: III, 3051.
2095 1885 2455 1960 Berlin N. 24.
2129 1903 3077 1982 —
2318 1984 2777 2072 Ausschnitt aus
1985 2056 3162 2156 Bete aus dem Tiegengabirge, Hirschberg i. Schl
2596 2218 3006 2337 16 FER 1904
2863 2372 2970 2443 —
1922 2625 3172 2709 Artbur Schnitzlers Schauspiel „Der einsame Weg“ stieß bei seiner
1855 2681 3167 2749 Erstaufführung im=Deutschen Theater zu Berlin in den beiden letzten
1850 2726 3161 2795 Akten auf Opposition. Zwei gealterte Junggesellen empfinden Ge¬
1865 2766 3167 2837 wissensbisse. Der eine entdeckt einem Professorssohne, daß er und
1856 2802 3166 2868 nicht der Professor sein Vater ist, findet aber keine Gegenliebe. Auch
1863 2838 3171 2908 der andere Junggeselle muß den einsamen Weg zum Grabe gehen,
1869 2878 3080 2945 nachdem sich das Mädchen ertränkt hat, an dem er sich verging.
