<?xml version="1.0" encoding="UTF-8" standalone="yes"?>
<PcGts xmlns="http://schema.primaresearch.org/PAGE/gts/pagecontent/2013-07-15" xmlns:xsi="http://www.w3.org/2001/XMLSchema-instance" xsi:schemaLocation="http://schema.primaresearch.org/PAGE/gts/pagecontent/2013-07-15 http://schema.primaresearch.org/PAGE/gts/pagecontent/2013-07-15/pagecontent.xsd">
    <Metadata>
        <Creator>prov=University of Rostock/Institute of Mathematics/CITlab/Gundram Leifert/gundram.leifert@uni-rostock.de:name=ONB_Newseye_GT_M1+(htr_id=10810)::::v=2.4.2
prov=University of Rostock/Institute of Mathematics/CITlab/Tobias Gruening/tobias.gruening@uni-rostock.de:name=de.uros.citlab.module.baseline2polygon.B2PSeamMultiOriented:v=2.4.2
prov=University of Rostock/Institute of Mathematics/CITlab/Tobias Gruening/tobias.gruening@uni-rostock.de:name=/mnt/transkribus/LA/DEA/URO/LA_news_onb_att.pb:de.uros.citlab.segmentation.CITlab_LA_ML:v=2.4.2
Transkribus</Creator>
        <Created>2019-10-07T11:29:42.468+02:00</Created>
        <LastChange>2019-10-08T11:54:52.776+02:00</LastChange>
        <TranskribusMetadata docId="223970" pageId="9501080" pageNr="397" tsid="16555689" status="IN_PROGRESS" userId="40391" imgUrl="https://files.transkribus.eu/Get?id=HBBZIIDVCQQMWSOVYGOCRKIH&amp;fileType=view" xmlUrl="https://files.transkribus.eu/Get?id=WEHNGRYGEHPHAQBJIIKNUCTD" imageId="6191302"/>
    </Metadata>
    <Page imageFilename="223970_0397.jpeg" imageWidth="3436" imageHeight="4192">
        <ReadingOrder>
            <OrderedGroup id="ro_1711450820102" caption="Regions reading order">
                <RegionRefIndexed index="0" regionRef="r1"/>
            </OrderedGroup>
        </ReadingOrder>
        <TextRegion orientation="0.0" id="r1" custom="readingOrder {index:0;}">
            <Coords points="169,245 169,3282 3280,3282 3280,245"/>
            <TextLine id="r1l1" custom="readingOrder {index:0;}">
                <Coords points="1388,294 1512,301 1617,277 1667,303 1698,284 1748,295 1779,275 1857,279 1856,205 1833,201 1643,203 1535,227 1500,208 1469,232 1446,208 1388,213"/>
                <Baseline points="1408,273 1433,272 1458,272 1483,272 1509,272 1534,272 1559,272 1585,272 1610,272 1635,272 1660,272 1686,272 1711,271 1736,271 1762,270 1787,270 1812,268 1838,267"/>
                <TextEquiv>
                    <Unicode>box 23/4</Unicode>
                </TextEquiv>
            </TextLine>
            <TextLine id="r1l2" custom="readingOrder {index:1;}">
                <Coords points="236,301 1258,308 1259,231 748,204 624,230 508,201 237,228"/>
                <Baseline points="256,267 305,272 354,276 403,280 452,282 501,285 550,286 599,287 648,288 697,288 746,288 795,288 844,287 893,287 942,287 991,287 1040,287 1089,287 1138,288 1187,290 1237,291"/>
                <TextEquiv>
                    <Unicode>18. Der einsane Neg</Unicode>
                </TextEquiv>
            </TextLine>
            <TextLine id="r1l3" custom="readingOrder {index:2;}">
                <Coords points="288,1273 3091,1277 3292,1200 288,1219"/>
                <Baseline points="307,1264 455,1263 603,1261 751,1260 900,1259 1048,1259 1196,1259 1344,1258 1493,1258 1641,1259 1789,1259 1937,1259 2086,1259 2234,1259 2382,1259 2530,1259 2679,1259 2827,1258 2975,1258 3123,1257 3272,1256"/>
                <TextEquiv>
                    <Unicode>zeitlichen Nähe seelisch ferner legt als die lebens=f ab. Da sie auch das nahe Ende des leidenden, Es ist das hohe Lied der Liebe zu den</Unicode>
                </TextEquiv>
            </TextLine>
            <TextLine id="r1l4" custom="readingOrder {index:3;}">
                <Coords points="300,1316 3288,1327 300,1254"/>
                <Baseline points="319,1309 466,1309 613,1309 761,1309 908,1309 1056,1309 1203,1310 1351,1310 1498,1310 1646,1310 1793,1310 1940,1310 2088,1310 2235,1310 2383,1309 2530,1309 2678,1308 2825,1307 2973,1306 3120,1304 3268,1302"/>
                <TextEquiv>
                    <Unicode>volle Romantik der Biedermeierepoche, sprach man Sala, den sie vom Herzen liebt, als unabwend= Kindern, das Schnitzler hier verkündet, wie er</Unicode>
                </TextEquiv>
            </TextLine>
            <TextLine id="r1l5" custom="readingOrder {index:4;}">
                <Coords points="178,1389 2953,1379 3282,1297 177,1312"/>
                <Baseline points="197,1369 350,1365 503,1362 656,1360 810,1358 963,1358 1116,1357 1270,1358 1423,1358 1576,1359 1730,1359 1883,1360 2036,1361 2189,1361 2343,1361 2496,1360 2649,1359 2803,1358 2956,1355 3109,1352 3263,1347"/>
                <TextEquiv>
                    <Unicode>itzlergar viel und tiefsinnig über den Tod und das bar erkennt, ertränkt sie sich im Teiche seines es später in dem herrlichen Schlußakkord seines</Unicode>
                </TextEquiv>
            </TextLine>
            <TextLine id="r1l6" custom="readingOrder {index:5;}">
                <Coords points="2270,1413 3285,1414 3284,1349 2669,1376 2270,1355"/>
                <Baseline points="2288,1408 2336,1407 2385,1406 2434,1406 2483,1406 2532,1405 2581,1405 2629,1405 2678,1406 2727,1406 2776,1406 2825,1406 2874,1406 2923,1405 2971,1405 3020,1404 3069,1403 3118,1402 3167,1401 3216,1399 3265,1397"/>
                <TextEquiv>
                    <Unicode>Dramas „Das weite Land“ getan. Im „Einsamen</Unicode>
                </TextEquiv>
            </TextLine>
            <TextLine id="r1l7" custom="readingOrder {index:6;}">
                <Coords points="319,1419 1151,1398 1314,1436 1546,1407 1546,1372 318,1353"/>
                <Baseline points="337,1406 396,1407 455,1407 515,1407 574,1407 634,1406 693,1406 752,1406 812,1406 871,1405 931,1405 990,1404 1049,1404 1109,1403 1168,1403 1228,1402 1287,1402 1346,1401 1406,1401 1465,1401 1525,1400"/>
                <TextEquiv>
                    <Unicode>Sterben. Auch Artur Schnitzlers Helden kranken Schlosses.</Unicode>
                </TextEquiv>
            </TextLine>
            <TextLine id="r1l8" custom="readingOrder {index:7;}">
                <Coords points="177,1439 204,1434 216,1445 242,1421 250,1425 262,1420 281,1435 308,1430 316,1438 340,1433 338,1379 175,1388"/>
                <Baseline points="197,1411 227,1410 257,1408 287,1407 318,1408"/>
                <TextEquiv>
                    <Unicode>eram</Unicode>
                </TextEquiv>
            </TextLine>
            <TextLine id="r1l9" custom="readingOrder {index:8;}">
                <Coords points="312,1454 1318,1470 1318,1408 311,1416"/>
                <Baseline points="331,1453 379,1453 427,1453 476,1453 524,1453 573,1453 621,1453 670,1453 718,1453 767,1453 815,1452 863,1452 912,1452 960,1452 1009,1451 1057,1451 1106,1451 1154,1450 1203,1450 1251,1450 1300,1449"/>
                <TextEquiv>
                    <Unicode>daran. Sein keck=frivoler Anatol ist nachdenklich</Unicode>
                </TextEquiv>
            </TextLine>
            <TextLine id="r1l10" custom="readingOrder {index:9;}">
                <Coords points="1379,1451 1588,1475 1816,1441 2010,1473 2126,1443 2211,1474 2292,1467 2293,1397 1906,1380 1789,1410 1584,1378 1514,1413 1379,1412"/>
                <Baseline points="1397,1450 1440,1450 1484,1450 1528,1451 1572,1451 1616,1452 1660,1452 1703,1453 1747,1453 1791,1454 1835,1454 1879,1454 1923,1455 1967,1455 2010,1455 2054,1455 2098,1454 2142,1454 2186,1454 2230,1453 2274,1452"/>
                <TextEquiv>
                    <Unicode>Der tragische Tod dieser beiden seltsam</Unicode>
                </TextEquiv>
            </TextLine>
            <TextLine id="r1l11" custom="readingOrder {index:10;}">
                <Coords points="2287,1459 3177,1472 3290,1453 3290,1402 2287,1408"/>
                <Baseline points="2307,1450 2355,1450 2403,1451 2451,1451 2499,1452 2548,1453 2596,1454 2644,1454 2692,1454 2740,1455 2789,1455 2837,1455 2885,1455 2933,1454 2981,1454 3030,1453 3078,1452 3126,1451 3174,1449 3222,1447 3271,1445"/>
                <TextEquiv>
                    <Unicode>Weg“ bleibt es einer Frau vorbehalten, dies in</Unicode>
                </TextEquiv>
            </TextLine>
            <TextLine id="r1l12" custom="readingOrder {index:11;}">
                <Coords points="318,1524 620,1500 911,1522 1093,1491 1127,1518 1306,1510 1305,1455 318,1455"/>
                <Baseline points="339,1501 386,1501 433,1501 481,1501 528,1501 576,1501 623,1501 670,1501 718,1501 765,1501 813,1501 860,1501 907,1501 955,1501 1002,1500 1050,1500 1097,1500 1144,1499 1192,1498 1239,1498 1287,1497"/>
                <TextEquiv>
                    <Unicode>geworden und stellt nun als gealierter Herr von</Unicode>
                </TextEquiv>
            </TextLine>
            <TextLine id="r1l13" custom="readingOrder {index:12;}">
                <Coords points="1300,1513 2299,1515 2299,1453 2125,1440 1300,1451"/>
                <Baseline points="1320,1497 1368,1497 1416,1498 1464,1498 1512,1499 1560,1499 1608,1500 1656,1500 1704,1501 1752,1501 1800,1502 1848,1502 1896,1502 1944,1503 1992,1503 2040,1503 2088,1503 2136,1502 2184,1502 2232,1501 2281,1500"/>
                <TextEquiv>
                    <Unicode>empfindenden und tiefen Menschen ist aber im</Unicode>
                </TextEquiv>
            </TextLine>
            <TextLine id="r1l14" custom="readingOrder {index:13;}">
                <Coords points="2291,1511 2864,1512 2907,1485 2945,1512 3271,1510 3270,1464 3088,1437 2291,1456"/>
                <Baseline points="2309,1504 2356,1502 2403,1502 2450,1501 2497,1501 2545,1501 2592,1501 2639,1501 2686,1502 2733,1502 2781,1502 2828,1502 2875,1502 2922,1502 2969,1502 3017,1501 3064,1501 3111,1499 3158,1498 3205,1496 3253,1493"/>
                <TextEquiv>
                    <Unicode>schönster Weise zu offenbaren. Eine Frau, die</Unicode>
                </TextEquiv>
            </TextLine>
            <TextLine id="r1l15" custom="readingOrder {index:14;}">
                <Coords points="157,1530 184,1529 199,1517 227,1532 265,1516 288,1523 331,1522 329,1441 225,1439 206,1459 194,1456 179,1471 156,1468"/>
                <Baseline points="177,1511 203,1510 230,1510 257,1510 284,1509 311,1507"/>
                <TextEquiv>
                    <Unicode>8 „Der</Unicode>
                </TextEquiv>
            </TextLine>
            <TextLine id="r1l16" custom="readingOrder {index:15;}">
                <Coords points="327,1551 745,1577 881,1545 923,1576 1086,1544 1307,1555 1306,1501 1140,1490 1020,1518 327,1516"/>
                <Baseline points="345,1549 392,1549 439,1550 486,1550 533,1550 580,1550 627,1550 675,1550 722,1550 769,1550 816,1550 863,1549 910,1549 957,1549 1005,1549 1052,1548 1099,1548 1146,1547 1193,1547 1240,1546 1288,1546"/>
                <TextEquiv>
                    <Unicode>Sala die trübselige Frage: „Gibt es einen an¬</Unicode>
                </TextEquiv>
            </TextLine>
            <TextLine id="r1l17" custom="readingOrder {index:16;}">
                <Coords points="2291,1555 3154,1551 3189,1577 3247,1546 3246,1503 3180,1492 2290,1508"/>
                <Baseline points="2308,1551 2353,1550 2399,1550 2445,1550 2491,1550 2537,1550 2583,1550 2629,1551 2675,1551 2721,1551 2767,1551 2812,1551 2858,1551 2904,1550 2950,1549 2996,1549 3042,1547 3088,1545 3134,1543 3180,1540 3226,1537"/>
                <TextEquiv>
                    <Unicode>kein Kind hat, ist gar nie eine Frau gewesen“.—</Unicode>
                </TextEquiv>
            </TextLine>
            <TextLine id="r1l18" custom="readingOrder {index:17;}">
                <Coords points="1303,1562 1822,1539 2050,1574 2290,1563 2290,1520 2224,1501 1303,1500"/>
                <Baseline points="1322,1545 1369,1547 1417,1548 1464,1549 1512,1549 1559,1550 1607,1550 1654,1551 1702,1551 1749,1551 1797,1551 1844,1551 1892,1551 1939,1551 1987,1550 2034,1550 2082,1550 2129,1549 2177,1549 2224,1548 2272,1548"/>
                <TextEquiv>
                    <Unicode>Grunde nichts mehr als eine bloße Episode,</Unicode>
                </TextEquiv>
            </TextLine>
            <TextLine id="r1l19" custom="readingOrder {index:18;}">
                <Coords points="163,1569 190,1569 198,1577 237,1562 256,1570 303,1574 334,1570 334,1512 291,1508 268,1516 245,1515 225,1527 210,1519 163,1526"/>
                <Baseline points="181,1557 207,1557 233,1557 260,1558 286,1558 313,1557"/>
                <TextEquiv>
                    <Unicode>rn eine</Unicode>
                </TextEquiv>
            </TextLine>
            <TextLine id="r1l20" custom="readingOrder {index:19;}">
                <Coords points="1298,1597 1890,1618 2045,1583 2084,1614 2273,1619 2297,1568 1298,1547"/>
                <Baseline points="1319,1597 1366,1597 1414,1597 1462,1597 1510,1597 1558,1596 1606,1596 1654,1596 1702,1596 1750,1596 1798,1596 1845,1596 1893,1596 1941,1597 1989,1597 2037,1597 2085,1597 2133,1598 2181,1598 2229,1599 2277,1600"/>
                <TextEquiv>
                    <Unicode>ein aufschluchzendes Adagio in der gewaltigen</Unicode>
                </TextEquiv>
            </TextLine>
            <TextLine id="r1l21" custom="readingOrder {index:20;}">
                <Coords points="2287,1612 3278,1604 3278,1550 2287,1554"/>
                <Baseline points="2305,1595 2352,1596 2400,1597 2448,1597 2495,1598 2543,1598 2591,1599 2638,1599 2686,1599 2734,1598 2782,1598 2829,1598 2877,1597 2925,1597 2972,1596 3020,1596 3068,1595 3115,1594 3163,1594 3211,1593 3259,1592"/>
                <TextEquiv>
                    <Unicode>in diesem Sehnsuchtsruf der kinderlos alt</Unicode>
                </TextEquiv>
            </TextLine>
            <TextLine id="r1l22" custom="readingOrder {index:21;}">
                <Coords points="187,1612 280,1625 291,1613 311,1616 334,1611 332,1561 293,1562 266,1571 231,1560 224,1568 185,1574"/>
                <Baseline points="205,1605 232,1606 260,1606 287,1604 315,1601"/>
                <TextEquiv>
                    <Unicode>abge¬</Unicode>
                </TextEquiv>
            </TextLine>
            <TextLine id="r1l23" custom="readingOrder {index:22;}">
                <Coords points="322,1660 1306,1665 1305,1467 1274,1459 322,1462"/>
                <Baseline points="341,1642 388,1643 435,1644 483,1645 530,1646 577,1646 625,1646 672,1646 719,1646 767,1646 814,1646 861,1645 909,1645 956,1644 1003,1644 1051,1643 1098,1643 1145,1642 1193,1642 1240,1642 1288,1642"/>
                <TextEquiv>
                    <Unicode>terticte Pehrlicten</Unicode>
                </TextEquiv>
            </TextLine>
            <TextLine id="r1l24" custom="readingOrder {index:23;}">
                <Coords points="1310,1651 2293,1661 2293,1599 2096,1583 1894,1614 1310,1597"/>
                <Baseline points="1329,1642 1376,1643 1423,1644 1470,1645 1517,1645 1564,1646 1611,1646 1659,1646 1706,1646 1753,1646 1800,1646 1847,1645 1894,1645 1941,1645 1989,1645 2036,1645 2083,1645 2130,1645 2177,1646 2224,1646 2272,1647"/>
                <TextEquiv>
                    <Unicode>Sinfonie des ganzen Stückes. Das Grundthema,</Unicode>
                </TextEquiv>
            </TextLine>
            <TextLine id="r1l25" custom="readingOrder {index:24;}">
                <Coords points="2285,1652 3287,1671 3287,1594 2285,1613"/>
                <Baseline points="2303,1648 2351,1647 2399,1646 2447,1645 2495,1645 2544,1645 2592,1645 2640,1645 2688,1645 2736,1645 2785,1646 2833,1646 2881,1647 2929,1647 2977,1647 3026,1647 3074,1647 3122,1646 3170,1645 3218,1644 3267,1643"/>
                <TextEquiv>
                    <Unicode>gewordenen Komödiantin Irene Herms zeigt sich</Unicode>
                </TextEquiv>
            </TextLine>
            <TextLine id="r1l26" custom="readingOrder {index:25;}">
                <Coords points="167,1668 198,1668 225,1656 241,1671 248,1663 330,1671 329,1609 287,1609 275,1597 252,1609 205,1609 198,1602 190,1610 167,1610"/>
                <Baseline points="185,1656 216,1654 247,1653 278,1654 309,1655"/>
                <TextEquiv>
                    <Unicode>in nach</Unicode>
                </TextEquiv>
            </TextLine>
            <TextLine id="r1l27" custom="readingOrder {index:26;}">
                <Coords points="318,1715 391,1698 415,1713 678,1702 697,1717 778,1701 852,1715 851,1641 317,1657"/>
                <Baseline points="335,1694 361,1693 387,1692 413,1692 439,1692 465,1692 491,1692 518,1692 544,1692 570,1693 596,1693 622,1693 648,1693 675,1692 701,1691 727,1690 753,1688 779,1687 805,1685 832,1681"/>
                <TextEquiv>
                    <Unicode>an das Sterben denke?“</Unicode>
                </TextEquiv>
            </TextLine>
            <TextLine id="r1l28" custom="readingOrder {index:27;}">
                <Coords points="2282,1726 2464,1699 2553,1719 2626,1699 2692,1715 2947,1700 2947,1669 2847,1649 2282,1649"/>
                <Baseline points="2300,1690 2331,1691 2362,1692 2394,1693 2425,1693 2457,1693 2488,1694 2519,1694 2551,1694 2582,1694 2614,1694 2645,1693 2676,1693 2708,1693 2739,1693 2771,1693 2802,1693 2833,1693 2865,1693 2896,1693 2928,1693"/>
                <TextEquiv>
                    <Unicode>die tiefe Tragik ihres Daseins.</Unicode>
                </TextEquiv>
            </TextLine>
            <TextLine id="r1l29" custom="readingOrder {index:28;}">
                <Coords points="1292,1694 2294,1708 2294,1627 2054,1666 1597,1628 1481,1663 1291,1651"/>
                <Baseline points="1309,1692 1357,1692 1405,1693 1453,1694 1502,1694 1550,1695 1598,1695 1646,1695 1695,1695 1743,1695 1791,1695 1839,1694 1888,1694 1936,1694 1984,1693 2032,1693 2081,1693 2129,1693 2177,1692 2225,1692 2274,1692"/>
                <TextEquiv>
                    <Unicode>das sich um eine konkrete sittliche Forderung</Unicode>
                </TextEquiv>
            </TextLine>
            <TextLine id="r1l30" custom="readingOrder {index:29;}">
                <Coords points="149,1712 172,1712 180,1720 195,1712 215,1727 234,1711 269,1710 276,1718 296,1706 303,1713 323,1713 322,1643 287,1648 272,1664 256,1668 225,1653 209,1653 194,1669 148,1662"/>
                <Baseline points="169,1703 195,1704 222,1703 249,1703 276,1702 303,1701"/>
                <TextEquiv>
                    <Unicode>ch von</Unicode>
                </TextEquiv>
            </TextLine>
            <TextLine id="r1l31" custom="readingOrder {index:30;}">
                <Coords points="397,1758 2298,1743 2297,1681 397,1712"/>
                <Baseline points="416,1750 509,1751 602,1752 695,1753 788,1753 882,1753 975,1752 1068,1751 1161,1750 1254,1749 1348,1747 1441,1746 1534,1745 1627,1743 1720,1742 1814,1742 1907,1741 2000,1741 2093,1741 2186,1742 2280,1743"/>
                <TextEquiv>
                    <Unicode>Solcher Todesgedanken und Stimmungen handelt, hat mit der beiden Schicksal nichts</Unicode>
                </TextEquiv>
            </TextLine>
            <TextLine id="r1l32" custom="readingOrder {index:31;}">
                <Coords points="209,1755 232,1754 245,1765 256,1757 275,1764 291,1759 299,1767 310,1759 333,1758 332,1715 312,1716 293,1705 266,1706 254,1699 242,1703 226,1696 207,1697"/>
                <Baseline points="228,1752 256,1750 285,1750 314,1748"/>
                <TextEquiv>
                    <Unicode>tief¬</Unicode>
                </TextEquiv>
            </TextLine>
            <TextLine id="r1l33" custom="readingOrder {index:32;}">
                <Coords points="2355,1737 2444,1779 2510,1756 3230,1767 3284,1751 3284,1678 2963,1678 2928,1709 2355,1698"/>
                <Baseline points="2375,1749 2419,1750 2463,1750 2508,1751 2552,1751 2597,1751 2641,1751 2686,1751 2730,1751 2775,1751 2819,1751 2863,1751 2908,1751 2952,1750 2997,1750 3041,1750 3086,1750 3130,1750 3175,1750 3219,1750 3264,1750"/>
                <TextEquiv>
                    <Unicode>Es gibt viele Theaterstücke, die stärker an unsere</Unicode>
                </TextEquiv>
            </TextLine>
            <TextLine id="r1l34" custom="readingOrder {index:33;}">
                <Coords points="1301,1805 2281,1795 2280,1744 2157,1737 1301,1754"/>
                <Baseline points="1321,1792 1368,1791 1415,1790 1462,1789 1509,1789 1556,1789 1603,1788 1650,1788 1697,1789 1744,1789 1791,1789 1838,1789 1885,1789 1932,1789 1979,1789 2026,1789 2073,1789 2120,1789 2167,1788 2214,1787 2261,1786"/>
                <TextEquiv>
                    <Unicode>gemein. Mit aller Präzision hat hier der Dichter</Unicode>
                </TextEquiv>
            </TextLine>
            <TextLine id="r1l35" custom="readingOrder {index:34;}">
                <Coords points="166,1813 212,1808 235,1816 251,1800 274,1811 282,1803 320,1807 319,1741 284,1738 269,1753 238,1758 223,1754 203,1766 165,1771"/>
                <Baseline points="185,1801 214,1799 243,1799 272,1799 302,1798"/>
                <TextEquiv>
                    <Unicode>auf die</Unicode>
                </TextEquiv>
            </TextLine>
            <TextLine id="r1l36" custom="readingOrder {index:35;}">
                <Coords points="321,1804 1309,1808 1309,1742 650,1773 321,1738"/>
                <Baseline points="341,1797 388,1798 435,1799 483,1800 530,1801 578,1802 625,1802 672,1803 720,1803 767,1803 815,1803 862,1803 909,1803 957,1803 1004,1802 1052,1802 1099,1801 1146,1800 1194,1799 1241,1798 1289,1797"/>
                <TextEquiv>
                    <Unicode>gibt es in dem Stücke gar viele, gleich dunklen</Unicode>
                </TextEquiv>
            </TextLine>
            <TextLine id="r1l37" custom="readingOrder {index:36;}">
                <Coords points="2281,1813 3280,1817 3280,1755 3191,1743 2440,1775 2281,1735"/>
                <Baseline points="2302,1796 2350,1797 2398,1798 2446,1799 2494,1799 2542,1800 2590,1800 2638,1800 2686,1800 2734,1801 2782,1801 2830,1801 2878,1801 2926,1801 2974,1801 3022,1801 3070,1801 3118,1801 3166,1801 3214,1801 3262,1801"/>
                <TextEquiv>
                    <Unicode>Nerven rühren, durch eine kraftpollere Handlung</Unicode>
                </TextEquiv>
            </TextLine>
            <TextLine id="r1l38" custom="readingOrder {index:37;}">
                <Coords points="1307,1844 2286,1854 2286,1796 1307,1805"/>
                <Baseline points="1326,1837 1375,1839 1424,1840 1474,1841 1523,1842 1573,1842 1622,1842 1671,1841 1721,1841 1770,1840 1820,1839 1869,1839 1919,1838 1968,1837 2017,1837 2067,1836 2116,1836 2166,1837 2215,1837 2265,1838"/>
                <TextEquiv>
                    <Unicode>eine Frage gestellt und mit voller Deutlichkeit</Unicode>
                </TextEquiv>
            </TextLine>
            <TextLine id="r1l39" custom="readingOrder {index:38;}">
                <Coords points="323,1859 1306,1868 1306,1810 1143,1794 1027,1821 323,1801"/>
                <Baseline points="342,1840 389,1843 436,1846 483,1848 531,1849 578,1850 625,1850 672,1850 720,1850 767,1849 814,1849 861,1848 909,1847 956,1847 1003,1847 1050,1846 1098,1846 1145,1847 1192,1847 1239,1849 1287,1851"/>
                <TextEquiv>
                    <Unicode>Wolken erscheinen sie am Horizont der Dichtung</Unicode>
                </TextEquiv>
            </TextLine>
            <TextLine id="r1l40" custom="readingOrder {index:39;}">
                <Coords points="2284,1862 3283,1844 3282,1778 3085,1817 2284,1807"/>
                <Baseline points="2305,1847 2355,1848 2405,1848 2456,1849 2506,1849 2557,1849 2607,1849 2658,1848 2708,1848 2759,1848 2809,1847 2860,1847 2910,1847 2961,1847 3011,1847 3062,1847 3112,1847 3163,1847 3213,1847 3264,1848"/>
                <TextEquiv>
                    <Unicode>unsere Leidenschaften lebhafter bewegen, wenige</Unicode>
                </TextEquiv>
            </TextLine>
            <TextLine id="r1l41" custom="readingOrder {index:40;}">
                <Coords points="166,1866 213,1867 220,1858 228,1862 247,1852 275,1862 324,1854 321,1808 301,1809 289,1802 274,1811 254,1801 240,1814 193,1810 182,1822 163,1824"/>
                <Baseline points="186,1854 215,1848 245,1845 274,1844 304,1844"/>
                <TextEquiv>
                    <Unicode>zurück¬</Unicode>
                </TextEquiv>
            </TextLine>
            <TextLine id="r1l42" custom="readingOrder {index:41;}">
                <Coords points="1311,1907 1841,1894 1841,1852 1311,1841"/>
                <Baseline points="1329,1887 1354,1886 1380,1885 1406,1884 1432,1884 1458,1884 1484,1884 1510,1885 1536,1885 1562,1886 1588,1886 1614,1886 1640,1887 1666,1887 1692,1887 1718,1887 1744,1887 1770,1887 1796,1886 1822,1885"/>
                <TextEquiv>
                    <Unicode>Antwort darauf gegeben.</Unicode>
                </TextEquiv>
            </TextLine>
            <TextLine id="r1l43" custom="readingOrder {index:42;}">
                <Coords points="154,1918 177,1921 200,1904 219,1903 227,1911 238,1902 254,1901 281,1908 328,1905 325,1847 305,1848 275,1862 216,1845 198,1866 170,1856 151,1857"/>
                <Baseline points="173,1901 200,1899 227,1897 254,1896 281,1895 309,1893"/>
                <TextEquiv>
                    <Unicode>Einersten</Unicode>
                </TextEquiv>
            </TextLine>
            <TextLine id="r1l44" custom="readingOrder {index:43;}">
                <Coords points="2266,1918 3288,1910 3288,1836 3219,1863 2266,1864"/>
                <Baseline points="2286,1895 2335,1896 2384,1896 2433,1897 2482,1897 2531,1897 2580,1897 2629,1897 2678,1897 2727,1896 2777,1896 2826,1896 2875,1896 2924,1896 2973,1896 3022,1895 3071,1895 3120,1896 3169,1896 3218,1896 3268,1897"/>
                <TextEquiv>
                    <Unicode>aber, die reicher sind an Tiefe des Empfindens.</Unicode>
                </TextEquiv>
            </TextLine>
            <TextLine id="r1l45" custom="readingOrder {index:44;}">
                <Coords points="325,1904 941,1895 1014,1926 1076,1902 1227,1925 1316,1902 1316,1832 325,1861"/>
                <Baseline points="344,1897 391,1898 439,1898 486,1898 534,1898 582,1898 629,1898 677,1898 724,1898 772,1898 820,1898 867,1898 915,1898 962,1898 1010,1897 1058,1897 1105,1897 1153,1897 1200,1896 1248,1896 1296,1895"/>
                <TextEquiv>
                    <Unicode>und selten nur durchbricht ein Strahl erwärmen¬</Unicode>
                </TextEquiv>
            </TextLine>
            <TextLine id="r1l46" custom="readingOrder {index:45;}">
                <Coords points="173,1952 197,1952 204,1960 231,1956 251,1972 282,1949 305,1956 336,1953 336,1918 317,1918 297,1898 251,1898 232,1910 216,1902 174,1905"/>
                <Baseline points="192,1941 223,1943 254,1942 285,1942 316,1943"/>
                <TextEquiv>
                    <Unicode>Oester¬</Unicode>
                </TextEquiv>
            </TextLine>
            <TextLine id="r1l47" custom="readingOrder {index:46;}">
                <Coords points="2277,1957 3062,1962 3097,1935 3252,1973 3287,1965 3287,1903 2276,1899"/>
                <Baseline points="2297,1944 2345,1945 2393,1945 2442,1945 2490,1945 2539,1945 2587,1945 2636,1945 2684,1945 2733,1945 2781,1945 2829,1945 2878,1944 2926,1944 2975,1944 3023,1943 3072,1943 3120,1942 3169,1942 3217,1941 3266,1940"/>
                <TextEquiv>
                    <Unicode>Das Schauspiel ist wie der träumende Schloß¬</Unicode>
                </TextEquiv>
            </TextLine>
            <TextLine id="r1l48" custom="readingOrder {index:47;}">
                <Coords points="1384,1956 1926,1941 2174,1969 2286,1953 2286,1899 1868,1879 1384,1906"/>
                <Baseline points="1403,1944 1446,1944 1489,1944 1532,1944 1575,1945 1618,1945 1661,1945 1705,1946 1748,1946 1791,1946 1834,1946 1877,1946 1920,1947 1963,1947 2007,1946 2050,1946 2093,1946 2136,1945 2179,1945 2222,1944 2266,1943"/>
                <TextEquiv>
                    <Unicode>Hat der natürliche Vater eines Kindes, der</Unicode>
                </TextEquiv>
            </TextLine>
            <TextLine id="r1l49" custom="readingOrder {index:48;}">
                <Coords points="318,1976 1057,1950 1057,1915 941,1899 635,1897 593,1916 318,1899"/>
                <Baseline points="337,1945 373,1945 410,1945 447,1945 484,1945 520,1945 557,1946 594,1946 631,1946 668,1947 704,1947 741,1947 778,1947 815,1948 852,1948 888,1948 925,1948 962,1948 999,1948 1036,1948"/>
                <TextEquiv>
                    <Unicode>den Humors das finstere. Gewölk.</Unicode>
                </TextEquiv>
            </TextLine>
            <TextLine id="r1l50" custom="readingOrder {index:49;}">
                <Coords points="1313,2011 2296,2005 2296,1951 1313,1938"/>
                <Baseline points="1331,1993 1378,1993 1425,1992 1472,1992 1519,1993 1567,1993 1614,1993 1661,1994 1708,1994 1755,1995 1803,1996 1850,1996 1897,1996 1944,1996 1991,1996 2039,1996 2086,1995 2133,1995 2180,1993 2227,1992 2275,1990"/>
                <TextEquiv>
                    <Unicode>sich um dessen Erziehung und Fortkommen nicht</Unicode>
                </TextEquiv>
            </TextLine>
            <TextLine id="r1l51" custom="readingOrder {index:50;}">
                <Coords points="154,2003 185,1999 197,2010 212,1998 251,1998 274,2009 297,2001 336,2004 335,1939 316,1939 304,1951 273,1951 254,1971 234,1952 192,1952 180,1964 153,1961"/>
                <Baseline points="173,1995 201,1993 230,1993 259,1993 288,1993 317,1991"/>
                <TextEquiv>
                    <Unicode>hen in</Unicode>
                </TextEquiv>
            </TextLine>
            <TextLine id="r1l52" custom="readingOrder {index:51;}">
                <Coords points="2289,2008 3245,2008 3283,2000 3283,1950 2288,1954"/>
                <Baseline points="2306,1991 2353,1993 2401,1993 2449,1994 2497,1994 2545,1995 2593,1995 2641,1995 2689,1995 2737,1995 2785,1995 2832,1994 2880,1994 2928,1994 2976,1994 3024,1993 3072,1993 3120,1993 3168,1993 3216,1994 3264,1994"/>
                <TextEquiv>
                    <Unicode>park des Herrn von Sala. Entzückende Plätzchen,</Unicode>
                </TextEquiv>
            </TextLine>
            <TextLine id="r1l53" custom="readingOrder {index:52;}">
                <Coords points="401,2006 1176,2029 1311,2010 1311,1944 401,1971"/>
                <Baseline points="421,2007 464,2006 507,2005 551,2004 594,2004 638,2004 681,2004 725,2004 768,2004 812,2005 855,2005 898,2006 942,2006 985,2006 1029,2006 1072,2006 1116,2006 1159,2006 1203,2005 1246,2004 1290,2003"/>
                <TextEquiv>
                    <Unicode>„Ich habe einmal im Traum eine Frühlings¬</Unicode>
                </TextEquiv>
            </TextLine>
            <TextLine id="r1l54" custom="readingOrder {index:53;}">
                <Coords points="166,2054 220,2057 247,2068 267,2052 329,2052 328,2005 305,2005 285,1990 223,1999 216,1991 204,1995 196,1987 188,1995 165,1996"/>
                <Baseline points="186,2041 216,2043 247,2042 278,2040 309,2042"/>
                <TextEquiv>
                    <Unicode>lossenen</Unicode>
                </TextEquiv>
            </TextLine>
            <TextLine id="r1l55" custom="readingOrder {index:54;}">
                <Coords points="1311,2047 3293,2056 3293,1990 1311,1996"/>
                <Baseline points="1329,2038 1426,2040 1523,2041 1620,2042 1718,2043 1815,2044 1912,2044 2009,2044 2107,2044 2204,2044 2301,2043 2398,2043 2496,2042 2593,2042 2690,2041 2787,2041 2885,2040 2982,2040 3079,2040 3176,2040 3274,2040"/>
                <TextEquiv>
                    <Unicode>im mindesten bekümmerte, noch irgendwie An=erfüllt von heimlich=verborgener Schönheit,</Unicode>
                </TextEquiv>
            </TextLine>
            <TextLine id="r1l56" custom="readingOrder {index:55;}">
                <Coords points="319,2058 1256,2064 1310,2060 1311,2010 552,2021 320,1976"/>
                <Baseline points="338,2047 385,2048 433,2049 480,2051 528,2052 576,2053 623,2054 671,2055 719,2055 766,2056 814,2056 862,2056 909,2056 957,2056 1005,2056 1052,2056 1100,2056 1148,2055 1195,2055 1243,2054 1291,2053"/>
                <TextEquiv>
                    <Unicode>landschaft gesehen, ganz sonnig und mild, und</Unicode>
                </TextEquiv>
            </TextLine>
            <TextLine id="r1l57" custom="readingOrder {index:56;}">
                <Coords points="1305,2107 3271,2112 3298,2034 1304,2046"/>
                <Baseline points="1325,2092 1422,2092 1520,2092 1618,2092 1716,2091 1813,2091 1911,2091 2009,2091 2107,2091 2204,2090 2302,2090 2400,2090 2498,2090 2595,2090 2693,2090 2791,2090 2889,2089 2986,2089 3084,2089 3182,2089 3280,2088"/>
                <TextEquiv>
                    <Unicode>spruch auf dieses Kind oder wird er nicht viel= kristallhelle, tiefspiegelnde Gedanken, marmorne</Unicode>
                </TextEquiv>
            </TextLine>
            <TextLine id="r1l58" custom="readingOrder {index:57;}">
                <Coords points="157,2096 180,2096 192,2105 219,2101 238,2121 246,2118 261,2126 296,2100 327,2101 329,2058 259,2056 240,2052 228,2040 205,2055 193,2054 178,2038 159,2038"/>
                <Baseline points="176,2091 202,2090 229,2091 256,2093 283,2094 310,2092"/>
                <TextEquiv>
                    <Unicode>ur ge¬</Unicode>
                </TextEquiv>
            </TextLine>
            <TextLine id="r1l59" custom="readingOrder {index:58;}">
                <Coords points="324,2106 1311,2112 1311,2054 324,2055"/>
                <Baseline points="342,2101 389,2101 437,2101 484,2100 532,2100 579,2100 627,2100 674,2100 722,2100 769,2100 817,2100 864,2100 912,2099 959,2099 1007,2099 1054,2099 1102,2099 1149,2100 1197,2100 1244,2100 1292,2100"/>
                <TextEquiv>
                    <Unicode>doch hab' ich über sie weinen müssen,“ bemerkt</Unicode>
                </TextEquiv>
            </TextLine>
            <TextLine id="r1l60" custom="readingOrder {index:59;}">
                <Coords points="1300,2145 3290,2165 3259,2087 1300,2106"/>
                <Baseline points="1321,2138 1418,2138 1515,2138 1613,2138 1710,2138 1808,2138 1905,2138 2003,2138 2100,2139 2198,2139 2295,2139 2392,2139 2490,2139 2587,2139 2685,2139 2782,2139 2880,2138 2977,2138 3075,2138 3172,2138 3270,2138"/>
                <TextEquiv>
                    <Unicode>mehr aller Rechte verlustig zugunsten desjenigen, Bilder edelsten Menschentums und inmitten aller</Unicode>
                </TextEquiv>
            </TextLine>
            <TextLine id="r1l61" custom="readingOrder {index:60;}">
                <Coords points="307,2152 1314,2159 1314,2101 1097,2086 911,2117 307,2098"/>
                <Baseline points="325,2148 373,2148 421,2149 470,2149 518,2150 567,2150 615,2150 663,2151 712,2151 760,2151 809,2151 857,2151 905,2151 954,2151 1002,2151 1051,2151 1099,2150 1147,2149 1196,2148 1244,2147 1293,2146"/>
                <TextEquiv>
                    <Unicode>die melancholische Johanna zu ihrem Freunde</Unicode>
                </TextEquiv>
            </TextLine>
            <TextLine id="r1l62" custom="readingOrder {index:61;}">
                <Coords points="1303,2194 2294,2193 2294,2150 2228,2142 1303,2139"/>
                <Baseline points="1322,2183 1369,2184 1417,2184 1464,2185 1512,2185 1560,2186 1607,2186 1655,2186 1702,2186 1750,2186 1798,2186 1845,2186 1893,2186 1940,2186 1988,2186 2036,2185 2083,2185 2131,2184 2178,2183 2226,2183 2274,2182"/>
                <TextEquiv>
                    <Unicode>der in der Sorge um das Kind seine Stellen</Unicode>
                </TextEquiv>
            </TextLine>
            <TextLine id="r1l63" custom="readingOrder {index:62;}">
                <Coords points="2277,2206 2955,2202 2956,2147 2278,2137"/>
                <Baseline points="2297,2183 2328,2183 2360,2184 2392,2184 2424,2185 2456,2186 2488,2186 2519,2187 2551,2187 2583,2188 2615,2188 2647,2188 2679,2189 2711,2189 2742,2189 2774,2189 2806,2189 2838,2189 2870,2189 2902,2189 2934,2188"/>
                <TextEquiv>
                    <Unicode>Pracht der Liebe schönste Blüte.</Unicode>
                </TextEquiv>
            </TextLine>
            <TextLine id="r1l64" custom="readingOrder {index:63;}">
                <Coords points="310,2210 1305,2212 1305,2165 1127,2146 1042,2170 310,2152"/>
                <Baseline points="331,2194 378,2195 426,2196 474,2197 521,2197 569,2198 617,2198 664,2198 712,2198 760,2198 808,2198 855,2198 903,2198 951,2197 998,2197 1046,2196 1094,2196 1141,2195 1189,2195 1237,2194 1285,2193"/>
                <TextEquiv>
                    <Unicode>Sala, der ihr mit den Worten: „Ja, die Traurig¬</Unicode>
                </TextEquiv>
            </TextLine>
            <TextLine id="r1l65" custom="readingOrder {index:64;}">
                <Coords points="155,2217 182,2222 198,2207 205,2214 233,2203 252,2215 263,2215 275,2204 333,2209 334,2155 253,2153 234,2141 206,2152 156,2152"/>
                <Baseline points="174,2195 202,2196 230,2196 258,2198 286,2198 314,2196"/>
                <TextEquiv>
                    <Unicode>ichtigste</Unicode>
                </TextEquiv>
            </TextLine>
            <TextLine id="r1l66" custom="readingOrder {index:65;}">
                <Coords points="1307,2240 2186,2266 2306,2243 2306,2184 1594,2205 1307,2170"/>
                <Baseline points="1326,2233 1374,2234 1422,2235 1470,2235 1518,2236 1566,2236 1614,2236 1662,2236 1710,2236 1758,2236 1806,2236 1854,2236 1902,2236 1950,2236 1998,2235 2046,2235 2094,2235 2142,2234 2190,2234 2238,2233 2286,2233"/>
                <TextEquiv>
                    <Unicode>einnahm? In dem Falle Fichtner=Wegrath spricht</Unicode>
                </TextEquiv>
            </TextLine>
            <TextLine id="r1l67" custom="readingOrder {index:66;}">
                <Coords points="316,2257 1311,2254 1311,2204 316,2199"/>
                <Baseline points="335,2245 382,2245 430,2245 478,2245 526,2244 573,2244 621,2244 669,2244 717,2244 764,2244 812,2244 860,2245 908,2245 955,2245 1003,2245 1051,2245 1099,2245 1146,2245 1194,2245 1242,2245 1290,2245"/>
                <TextEquiv>
                    <Unicode>keit steckt in den Dingen oft viel tiefer als man</Unicode>
                </TextEquiv>
            </TextLine>
            <TextLine id="r1l68" custom="readingOrder {index:67;}">
                <Coords points="2358,2257 3256,2262 3291,2254 3291,2173 3098,2176 3055,2215 2958,2184 2358,2206"/>
                <Baseline points="2379,2243 2423,2243 2468,2243 2512,2244 2557,2244 2602,2245 2646,2245 2691,2246 2735,2246 2780,2247 2825,2247 2869,2247 2914,2247 2958,2247 3003,2247 3048,2247 3092,2246 3137,2245 3181,2244 3226,2243 3271,2242"/>
                <TextEquiv>
                    <Unicode>Unter den Darstellern lassen wir den</Unicode>
                </TextEquiv>
            </TextLine>
            <TextLine id="r1l69" custom="readingOrder {index:68;}">
                <Coords points="160,2264 318,2253 316,2199 281,2197 259,2217 239,2202 224,2211 208,2204 158,2206"/>
                <Baseline points="177,2253 207,2246 238,2245 268,2246 299,2245"/>
                <TextEquiv>
                    <Unicode>pielerin</Unicode>
                </TextEquiv>
            </TextLine>
            <TextLine id="r1l70" custom="readingOrder {index:69;}">
                <Coords points="1300,2313 2167,2296 2167,2242 2132,2238 1300,2240"/>
                <Baseline points="1319,2283 1360,2283 1401,2284 1443,2284 1484,2284 1526,2285 1567,2285 1608,2285 1650,2285 1691,2285 1733,2285 1774,2285 1815,2285 1857,2285 1898,2285 1940,2284 1981,2284 2022,2283 2064,2283 2105,2282 2147,2281"/>
                <TextEquiv>
                    <Unicode>sich Schnitzler zugunsten des letzteren aus.</Unicode>
                </TextEquiv>
            </TextLine>
            <TextLine id="r1l71" custom="readingOrder {index:70;}">
                <Coords points="2264,2304 3286,2314 3286,2268 3232,2248 2264,2254"/>
                <Baseline points="2283,2291 2332,2291 2381,2292 2430,2292 2480,2292 2529,2293 2578,2293 2627,2293 2677,2293 2726,2293 2775,2293 2824,2293 2874,2294 2923,2294 2972,2294 3021,2294 3071,2294 3120,2293 3169,2293 3218,2293 3268,2293"/>
                <TextEquiv>
                    <Unicode>Damen nicht nur aus Gründen der Galanterie</Unicode>
                </TextEquiv>
            </TextLine>
            <TextLine id="r1l72" custom="readingOrder {index:71;}">
                <Coords points="327,2298 1311,2306 1310,2255 1283,2251 327,2252"/>
                <Baseline points="345,2294 392,2294 439,2294 486,2295 534,2295 581,2295 628,2295 676,2295 723,2295 770,2294 818,2294 865,2294 912,2294 959,2293 1007,2293 1054,2293 1101,2292 1149,2292 1196,2291 1243,2291 1291,2290"/>
                <TextEquiv>
                    <Unicode>ahnt,“ recht gibt. Wie eine Kassandra wandelt</Unicode>
                </TextEquiv>
            </TextLine>
            <TextLine id="r1l73" custom="readingOrder {index:72;}">
                <Coords points="159,2300 197,2307 205,2300 321,2303 321,2249 283,2249 256,2261 221,2257 159,2265"/>
                <Baseline points="180,2293 210,2293 241,2294 271,2293 302,2293"/>
                <TextEquiv>
                    <Unicode>Ferament</Unicode>
                </TextEquiv>
            </TextLine>
            <TextLine id="r1l74" custom="readingOrder {index:73;}">
                <Coords points="161,2357 1291,2356 1322,2302 161,2303"/>
                <Baseline points="179,2343 235,2342 291,2342 347,2342 404,2342 460,2342 516,2342 572,2342 629,2342 685,2342 741,2342 797,2342 854,2342 910,2342 966,2342 1022,2342 1079,2342 1135,2342 1191,2341 1247,2341 1304,2340"/>
                <TextEquiv>
                    <Unicode>lichkeit, Johanna unheilverkünd nd einher. Mit geschärften</Unicode>
                </TextEquiv>
            </TextLine>
            <TextLine id="r1l75" custom="readingOrder {index:74;}">
                <Coords points="1367,2327 3287,2346 3039,2292 1367,2284"/>
                <Baseline points="1387,2341 1481,2341 1575,2342 1669,2342 1763,2343 1857,2343 1951,2343 2045,2343 2139,2343 2233,2343 2327,2343 2421,2342 2515,2342 2609,2342 2703,2342 2797,2342 2891,2342 2985,2342 3079,2342 3173,2342 3268,2343"/>
                <TextEquiv>
                    <Unicode>Die schöne Gabriele hat den egoistischen den Vortritt. Prächtig charakterisierte Frau</Unicode>
                </TextEquiv>
            </TextLine>
            <TextLine id="r1l76" custom="readingOrder {index:75;}">
                <Coords points="1289,2390 3287,2379 1289,2332"/>
                <Baseline points="1309,2390 1412,2390 1515,2391 1618,2391 1721,2391 1824,2391 1927,2391 2030,2391 2133,2391 2236,2391 2340,2390 2443,2390 2546,2390 2649,2389 2752,2389 2855,2389 2958,2389 3061,2388 3164,2388 3268,2388"/>
                <TextEquiv>
                    <Unicode>Künstler Julian Fichtner geliebt und da siesBleibtreu Irene Herms warmblütig=natür¬</Unicode>
                </TextEquiv>
            </TextLine>
            <TextLine id="r1l77" custom="readingOrder {index:76;}">
                <Coords points="165,2396 1315,2399 1315,2345 1237,2337 165,2346"/>
                <Baseline points="184,2390 239,2390 295,2391 350,2391 406,2391 462,2392 517,2392 573,2391 628,2391 684,2391 740,2391 795,2391 851,2390 906,2390 962,2390 1018,2390 1073,2390 1129,2390 1184,2390 1240,2390 1296,2391"/>
                <TextEquiv>
                    <Unicode>dschaft, Sinnen blickt sie. die Vergangenheit und</Unicode>
                </TextEquiv>
            </TextLine>
            <TextLine id="r1l78" custom="readingOrder {index:77;}">
                <Coords points="166,2446 3286,2462 3286,2384 166,2396"/>
                <Baseline points="184,2441 338,2440 492,2440 646,2440 800,2440 954,2439 1108,2439 1262,2439 1416,2439 1570,2439 1725,2439 1879,2439 2033,2439 2187,2439 2341,2439 2495,2438 2649,2438 2803,2437 2957,2437 3111,2436 3266,2435"/>
                <TextEquiv>
                    <Unicode>ben ist, lauscht den Stimmen der Zukunft. Einst hat sie dieser in seinem Drange nach Ungebundenheit liches Wesen. Die seelischen Tiefen Johannas</Unicode>
                </TextEquiv>
            </TextLine>
            <TextLine id="r1l79" custom="readingOrder {index:78;}">
                <Coords points="158,2504 2950,2508 3290,2496 3290,2419 158,2446"/>
                <Baseline points="176,2488 330,2488 485,2489 640,2489 795,2489 950,2489 1104,2489 1259,2488 1414,2488 1569,2488 1724,2488 1878,2487 2033,2487 2188,2487 2343,2486 2498,2486 2652,2486 2807,2486 2962,2485 3117,2485 3272,2485"/>
                <TextEquiv>
                    <Unicode>ldet. als lydische Sklayin auf einer griechischen Insel verlassen, dessen Freund den Pflichtenmenschen wußte Fräulein Wohlgemuth in verklärter</Unicode>
                </TextEquiv>
            </TextLine>
            <TextLine id="r1l80" custom="readingOrder {index:79;}">
                <Coords points="163,2543 3121,2551 3291,2473 163,2493"/>
                <Baseline points="184,2535 338,2536 492,2536 647,2536 801,2537 956,2537 1110,2537 1264,2537 1419,2537 1573,2536 1728,2536 1882,2536 2036,2536 2191,2536 2345,2536 2500,2536 2654,2535 2808,2536 2963,2536 3117,2536 3272,2536"/>
                <TextEquiv>
                    <Unicode>ist blaß getanzt und so kann sie denn auch im Geiste Wegrath geheiratet. Professor Wegrath hält den Schönheit mit Helle zu erfüllen. Die leidende</Unicode>
                </TextEquiv>
            </TextLine>
            <TextLine id="r1l81" custom="readingOrder {index:80;}">
                <Coords points="1309,2594 3229,2597 3287,2524 1309,2543"/>
                <Baseline points="1328,2586 1425,2585 1522,2584 1619,2584 1716,2583 1813,2583 1910,2583 2007,2583 2104,2583 2201,2583 2298,2583 2395,2583 2492,2584 2589,2584 2686,2584 2783,2584 2880,2584 2977,2584 3074,2584 3171,2584 3268,2583"/>
                <TextEquiv>
                    <Unicode>im ersten Jahre gebornen Sohn für den seinen Frau Gabriele spielte Frau Haeberle schlicht</Unicode>
                </TextEquiv>
            </TextLine>
            <TextLine id="r1l82" custom="readingOrder {index:81;}">
                <Coords points="168,2586 1306,2593 1306,2543 168,2539"/>
                <Baseline points="189,2582 243,2583 298,2584 353,2585 408,2586 463,2586 518,2587 573,2587 628,2587 683,2587 738,2586 792,2586 847,2586 902,2585 957,2585 1012,2585 1067,2584 1122,2584 1177,2584 1232,2584 1287,2584"/>
                <TextEquiv>
                    <Unicode>schöner ihrem Freunde ins alte Elbatana folgen, das</Unicode>
                </TextEquiv>
            </TextLine>
            <TextLine id="r1l83" custom="readingOrder {index:82;}">
                <Coords points="162,2632 1308,2641 1307,2590 1184,2571 978,2603 162,2589"/>
                <Baseline points="181,2631 236,2632 291,2632 347,2633 402,2633 457,2633 513,2633 568,2633 623,2633 679,2633 734,2633 789,2632 845,2632 900,2632 955,2631 1011,2631 1066,2631 1121,2630 1177,2630 1232,2630 1288,2630"/>
                <TextEquiv>
                    <Unicode>können dieser aus sechstausendjährigem Schutte heraus¬</Unicode>
                </TextEquiv>
            </TextLine>
            <TextLine id="r1l84" custom="readingOrder {index:83;}">
                <Coords points="1308,2646 3247,2652 3286,2570 1308,2596"/>
                <Baseline points="1328,2636 1424,2635 1521,2634 1618,2634 1715,2633 1812,2632 1909,2632 2006,2632 2103,2632 2200,2631 2297,2631 2393,2631 2490,2632 2587,2632 2684,2632 2781,2632 2878,2632 2975,2632 3072,2632 3169,2632 3266,2632"/>
                <TextEquiv>
                    <Unicode>und läßt ihm auch alle Liebe zuteil werden, die und ergreisend. Sonst gab es, von dem markant</Unicode>
                </TextEquiv>
            </TextLine>
            <TextLine id="r1l85" custom="readingOrder {index:84;}">
                <Coords points="1312,2687 3248,2694 3283,2617 1312,2636"/>
                <Baseline points="1330,2682 1426,2681 1523,2681 1619,2681 1716,2680 1813,2680 1909,2680 2006,2680 2102,2680 2199,2680 2296,2680 2392,2680 2489,2681 2585,2681 2682,2681 2779,2681 2875,2681 2972,2681 3068,2681 3165,2680 3262,2680"/>
                <TextEquiv>
                    <Unicode>ein guter Vater seinem Kinde entgegenbringt. gezeichneten Sala Harry Waldens abgesehen,</Unicode>
                </TextEquiv>
            </TextLine>
            <TextLine id="r1l86" custom="readingOrder {index:85;}">
                <Coords points="169,2689 1315,2693 1315,2635 169,2635"/>
                <Baseline points="189,2683 244,2683 299,2684 355,2684 410,2684 466,2684 521,2683 576,2683 632,2682 687,2682 743,2681 798,2681 853,2680 909,2680 964,2679 1020,2679 1075,2678 1130,2678 1186,2678 1241,2678 1297,2678"/>
                <TextEquiv>
                    <Unicode>spiegle graben und in marmorner Herrlichkeit wieder¬</Unicode>
                </TextEquiv>
            </TextLine>
            <TextLine id="r1l87" custom="readingOrder {index:86;}">
                <Coords points="176,2745 3288,2743 176,2687"/>
                <Baseline points="194,2732 347,2731 501,2730 655,2730 808,2729 962,2729 1116,2729 1269,2729 1423,2729 1577,2729 1731,2729 1884,2729 2038,2729 2192,2729 2345,2729 2499,2729 2653,2729 2806,2729 2960,2729 3114,2728 3268,2728"/>
                <TextEquiv>
                    <Unicode>grath zu erstehen lassen will. Ihre krankhaft verfeinerten Kurz nach dem Tode seiner Mutter erfährt Leut= nicht viel Erfreuliches. Dem Julian Fichtner</Unicode>
                </TextEquiv>
            </TextLine>
            <TextLine id="r1l88" custom="readingOrder {index:87;}">
                <Coords points="2272,2772 3282,2785 3282,2731 2272,2729"/>
                <Baseline points="2291,2778 2339,2777 2388,2776 2436,2775 2485,2775 2534,2775 2582,2775 2631,2776 2680,2776 2728,2777 2777,2777 2826,2777 2874,2778 2923,2778 2972,2778 3020,2778 3069,2778 3118,2778 3166,2777 3215,2776 3264,2774"/>
                <TextEquiv>
                    <Unicode>[Devrients fehlte der Zug künstlerischer</Unicode>
                </TextEquiv>
            </TextLine>
            <TextLine id="r1l89" custom="readingOrder {index:88;}">
                <Coords points="189,2783 2148,2804 2295,2788 2295,2730 189,2744"/>
                <Baseline points="207,2780 310,2779 413,2779 517,2779 620,2779 724,2778 827,2778 931,2778 1034,2778 1138,2778 1241,2777 1344,2777 1448,2777 1551,2777 1655,2777 1758,2777 1862,2777 1965,2777 2069,2777 2172,2777 2276,2777"/>
                <TextEquiv>
                    <Unicode>Den Nerven fühlen jegliche Art von Widerwärtigkeit nant Felix Wegrath das Geheimnis seiner Geburt,</Unicode>
                </TextEquiv>
            </TextLine>
            <TextLine id="r1l90" custom="readingOrder {index:89;}">
                <Coords points="186,2822 3286,2842 3286,2760 186,2787"/>
                <Baseline points="203,2824 356,2825 509,2826 662,2826 815,2826 968,2827 1121,2827 1275,2827 1428,2827 1581,2827 1734,2826 1887,2826 2040,2826 2193,2826 2347,2826 2500,2826 2653,2826 2806,2826 2959,2826 3112,2826 3266,2827"/>
                <TextEquiv>
                    <Unicode>Park= in verstärktem Maße. Das Häßliche macht ihr und zwar durch niemand anderen als durch Größe. Die Herren Gerasch (Felix) und</Unicode>
                </TextEquiv>
            </TextLine>
            <TextLine id="r1l91" custom="readingOrder {index:90;}">
                <Coords points="167,2876 3291,2884 3233,2810 167,2830"/>
                <Baseline points="188,2873 342,2873 496,2874 650,2875 804,2875 959,2875 1113,2875 1267,2876 1421,2875 1575,2875 1730,2875 1884,2875 2038,2875 2192,2875 2346,2874 2501,2874 2655,2874 2809,2874 2963,2874 3117,2874 3272,2874"/>
                <TextEquiv>
                    <Unicode>Moritz Pein und so bildet sie sich schon aus diesem Grunde Fichtner, der den jungen Mann für sich ge=Herterich (Doktor Reumann) blieben ziemlich</Unicode>
                </TextEquiv>
            </TextLine>
            <TextLine id="r1l92" custom="readingOrder {index:91;}">
                <Coords points="2280,2929 3286,2934 3286,2876 3240,2868 2280,2875"/>
                <Baseline points="2299,2922 2347,2923 2395,2924 2444,2924 2492,2924 2540,2924 2589,2924 2637,2923 2685,2923 2734,2923 2782,2922 2830,2922 2879,2922 2927,2921 2975,2921 3024,2921 3072,2921 3120,2921 3169,2922 3217,2923 3266,2924"/>
                <TextEquiv>
                    <Unicode>monoton. Um den Professor Wegrath bemühte</Unicode>
                </TextEquiv>
            </TextLine>
            <TextLine id="r1l93" custom="readingOrder {index:92;}">
                <Coords points="162,2934 2074,2940 2295,2878 162,2880"/>
                <Baseline points="180,2923 284,2924 389,2924 494,2925 598,2925 703,2925 808,2925 912,2925 1017,2925 1122,2925 1227,2924 1331,2924 1436,2924 1541,2923 1645,2923 1750,2923 1855,2923 1959,2923 2064,2923 2169,2923 2274,2923"/>
                <TextEquiv>
                    <Unicode>sthalten zur Aesthetin. Ihre Erklärung, daß sie ihre winnen möchte. Der junge Offizier hat für die</Unicode>
                </TextEquiv>
            </TextLine>
            <TextLine id="r1l94" custom="readingOrder {index:93;}">
                <Coords points="166,2977 3279,2919 166,2934"/>
                <Baseline points="185,2970 338,2970 492,2971 645,2971 799,2971 953,2972 1106,2972 1260,2972 1414,2972 1567,2972 1721,2971 1875,2971 2028,2971 2182,2971 2336,2971 2489,2971 2643,2971 2797,2971 2950,2971 3104,2971 3258,2971"/>
                <TextEquiv>
                    <Unicode>aß der Mutter nicht mehr liebe, seitdem diese krank sei, plötzlich geoffenbarten Vatergefühle Fichtners sich Herr Paulsen mit einigem Erfolg. Das</Unicode>
                </TextEquiv>
            </TextLine>
            <TextLine id="r1l95" custom="readingOrder {index:94;}">
                <Coords points="2088,3024 3280,3026 3280,2991 3156,2972 2088,2977"/>
                <Baseline points="2107,3019 2164,3019 2222,3019 2280,3019 2337,3019 2395,3019 2453,3019 2510,3019 2568,3019 2626,3019 2684,3019 2741,3019 2799,3019 2857,3019 2914,3019 2972,3018 3030,3018 3087,3018 3145,3017 3203,3017 3261,3016"/>
                <TextEquiv>
                    <Unicode>als sein Publikum bereitete dem Stücke eine freundliche</Unicode>
                </TextEquiv>
            </TextLine>
            <TextLine id="r1l96" custom="readingOrder {index:95;}">
                <Coords points="161,3023 1856,3045 2112,3026 2112,2976 161,2981"/>
                <Baseline points="180,3019 275,3020 371,3020 467,3020 562,3020 658,3020 754,3020 849,3020 945,3020 1041,3020 1137,3019 1232,3019 1328,3019 1424,3019 1519,3019 1615,3018 1711,3019 1806,3019 1902,3019 1998,3019 2094,3020"/>
                <TextEquiv>
                    <Unicode>heitererkann unter diesen Umständen nicht als Gefühls= kein Verständnis. Ihm gilt derjenige</Unicode>
                </TextEquiv>
            </TextLine>
            <TextLine id="r1l97" custom="readingOrder {index:96;}">
                <Coords points="2093,3075 3277,3079 3277,3021 2093,3021"/>
                <Baseline points="2114,3062 2171,3064 2228,3065 2285,3066 2343,3067 2400,3067 2457,3068 2514,3068 2572,3068 2629,3068 2686,3068 2743,3068 2801,3068 2858,3067 2915,3067 2972,3067 3030,3066 3087,3066 3144,3066 3201,3065 3259,3065"/>
                <TextEquiv>
                    <Unicode>erwiesen Aufnahme, so daß Schnitzler am Schlusse des</Unicode>
                </TextEquiv>
            </TextLine>
            <TextLine id="r1l98" custom="readingOrder {index:97;}">
                <Coords points="149,3070 304,3074 369,3102 393,3078 830,3068 830,3033 691,3021 195,3035 149,3016"/>
                <Baseline points="170,3066 202,3067 234,3067 266,3068 298,3069 330,3070 362,3070 394,3071 426,3071 458,3071 491,3072 523,3072 555,3072 587,3072 619,3071 651,3071 683,3070 715,3070 747,3068 779,3067 812,3066"/>
                <TextEquiv>
                    <Unicode>nitzlerssarmut gedeutet werden.</Unicode>
                </TextEquiv>
            </TextLine>
            <TextLine id="r1l99" custom="readingOrder {index:98;}">
                <Coords points="1285,3069 2032,3082 2117,3070 2117,3024 1284,3023"/>
                <Baseline points="1303,3069 1342,3069 1382,3069 1422,3070 1462,3070 1501,3070 1541,3070 1581,3070 1621,3071 1660,3070 1700,3070 1740,3070 1780,3070 1819,3070 1859,3069 1899,3069 1939,3068 1978,3068 2018,3067 2058,3066 2098,3066"/>
                <TextEquiv>
                    <Unicode>Vater, der sich ihm bisher als solcher</Unicode>
                </TextEquiv>
            </TextLine>
            <TextLine id="r1l100" custom="readingOrder {index:99;}">
                <Coords points="161,3125 188,3130 199,3122 319,3127 327,3119 347,3120 348,3093 328,3092 302,3072 286,3083 279,3075 259,3074 248,3062 224,3077 202,3064 163,3063"/>
                <Baseline points="182,3115 210,3114 239,3115 268,3117 297,3118 326,3119"/>
                <TextEquiv>
                    <Unicode>Pmantik.</Unicode>
                </TextEquiv>
            </TextLine>
            <TextLine id="r1l101" custom="readingOrder {index:100;}">
                <Coords points="2093,3127 2845,3149 2895,3118 3282,3129 3282,3074 2093,3077"/>
                <Baseline points="2113,3117 2170,3117 2227,3117 2285,3117 2342,3117 2400,3117 2457,3117 2515,3117 2572,3117 2630,3116 2687,3116 2744,3116 2802,3116 2859,3116 2917,3116 2974,3116 3032,3115 3089,3115 3147,3115 3204,3115 3262,3115"/>
                <TextEquiv>
                    <Unicode>zu, der dritten Aktes mehrmals dankend erscheinen</Unicode>
                </TextEquiv>
            </TextLine>
            <TextLine id="r1l102" custom="readingOrder {index:101;}">
                <Coords points="386,3109 2097,3129 2097,3075 1853,3063 386,3074"/>
                <Baseline points="404,3119 487,3118 571,3118 654,3117 738,3117 822,3117 905,3117 989,3117 1072,3117 1156,3117 1240,3117 1323,3117 1407,3118 1490,3118 1574,3118 1658,3118 1741,3118 1825,3118 1908,3118 1992,3118 2076,3118"/>
                <TextEquiv>
                    <Unicode>Johanna weiß das Ende ihrer Mutter hat. Und so wendet er sich Wegrath</Unicode>
                </TextEquiv>
            </TextLine>
            <TextLine id="r1l103" custom="readingOrder {index:102;}">
                <Coords points="163,3171 2459,3182 2098,3112 163,3120"/>
                <Baseline points="181,3163 293,3164 406,3165 519,3166 632,3166 745,3166 858,3166 970,3166 1083,3166 1196,3166 1309,3166 1422,3166 1535,3166 1648,3165 1760,3165 1873,3165 1986,3165 2099,3165 2212,3165 2325,3165 2438,3165"/>
                <TextEquiv>
                    <Unicode>alismus voraus, wie sie vorher das Ende von Salas nach dem Unglück mit der Gattin und Tochter konnte.</Unicode>
                </TextEquiv>
            </TextLine>
            <TextLine id="r1l104" custom="readingOrder {index:103;}">
                <Coords points="2837,3157 2934,3192 2953,3177 3066,3174 3093,3186 3155,3175 3247,3203 3248,3125 3213,3137 3058,3116 2996,3131 2981,3119 2838,3118"/>
                <Baseline points="2858,3165 2884,3166 2910,3166 2937,3166 2963,3166 2989,3166 3016,3166 3042,3166 3068,3166 3095,3166 3121,3167 3147,3167 3174,3168 3200,3169 3227,3170"/>
                <TextEquiv>
                    <Unicode>Lothar Ring.</Unicode>
                </TextEquiv>
            </TextLine>
            <TextLine id="r1l105" custom="readingOrder {index:104;}">
                <Coords points="488,3197 503,3196 507,3195 510,3191 518,3190 522,3194 541,3192 538,3153 515,3156 511,3156 507,3152 484,3155"/>
                <Baseline points="507,3191 522,3190"/>
                <TextEquiv>
                    <Unicode>7</Unicode>
                </TextEquiv>
            </TextLine>
            <TextLine id="r1l106" custom="readingOrder {index:105;}">
                <Coords points="160,3225 2332,3243 2247,3172 161,3167"/>
                <Baseline points="179,3212 285,3214 392,3215 499,3216 606,3216 712,3216 819,3216 926,3216 1033,3215 1139,3215 1246,3214 1353,3214 1460,3214 1566,3214 1673,3215 1780,3216 1887,3218 1993,3220 2100,3223 2207,3227 2314,3232"/>
                <TextEquiv>
                    <Unicode>nitzlersskleinem Töchterchen geahnt hatte und sie rückt seiner doppelt bedarf. Fichtner muß den ein¬</Unicode>
                </TextEquiv>
            </TextLine>
            <TextLine id="r1l107" custom="readingOrder {index:106;}">
                <Coords points="172,3295 1925,3267 1778,3217 172,3225"/>
                <Baseline points="189,3264 274,3265 360,3266 446,3266 532,3266 618,3267 704,3267 789,3267 875,3267 961,3267 1047,3267 1133,3267 1219,3267 1305,3267 1390,3267 1476,3267 1562,3267 1648,3268 1734,3269 1820,3269 1906,3271"/>
                <TextEquiv>
                    <Unicode>ot ihrer sihrer Natur entsprechend, von der Totgeweihten samen Weg weiter wandern.</Unicode>
                </TextEquiv>
            </TextLine>
            <TextEquiv>
                <Unicode>box 23/4
18. Der einsane Neg
zeitlichen Nähe seelisch ferner legt als die lebens=f ab. Da sie auch das nahe Ende des leidenden, Es ist das hohe Lied der Liebe zu den
volle Romantik der Biedermeierepoche, sprach man Sala, den sie vom Herzen liebt, als unabwend= Kindern, das Schnitzler hier verkündet, wie er
itzlergar viel und tiefsinnig über den Tod und das bar erkennt, ertränkt sie sich im Teiche seines es später in dem herrlichen Schlußakkord seines
Dramas „Das weite Land“ getan. Im „Einsamen
Sterben. Auch Artur Schnitzlers Helden kranken Schlosses.
eram
daran. Sein keck=frivoler Anatol ist nachdenklich
Der tragische Tod dieser beiden seltsam
Weg“ bleibt es einer Frau vorbehalten, dies in
geworden und stellt nun als gealierter Herr von
empfindenden und tiefen Menschen ist aber im
schönster Weise zu offenbaren. Eine Frau, die
8 „Der
Sala die trübselige Frage: „Gibt es einen an¬
kein Kind hat, ist gar nie eine Frau gewesen“.—
Grunde nichts mehr als eine bloße Episode,
rn eine
ein aufschluchzendes Adagio in der gewaltigen
in diesem Sehnsuchtsruf der kinderlos alt
abge¬
terticte Pehrlicten
Sinfonie des ganzen Stückes. Das Grundthema,
gewordenen Komödiantin Irene Herms zeigt sich
in nach
an das Sterben denke?“
die tiefe Tragik ihres Daseins.
das sich um eine konkrete sittliche Forderung
ch von
Solcher Todesgedanken und Stimmungen handelt, hat mit der beiden Schicksal nichts
tief¬
Es gibt viele Theaterstücke, die stärker an unsere
gemein. Mit aller Präzision hat hier der Dichter
auf die
gibt es in dem Stücke gar viele, gleich dunklen
Nerven rühren, durch eine kraftpollere Handlung
eine Frage gestellt und mit voller Deutlichkeit
Wolken erscheinen sie am Horizont der Dichtung
unsere Leidenschaften lebhafter bewegen, wenige
zurück¬
Antwort darauf gegeben.
Einersten
aber, die reicher sind an Tiefe des Empfindens.
und selten nur durchbricht ein Strahl erwärmen¬
Oester¬
Das Schauspiel ist wie der träumende Schloß¬
Hat der natürliche Vater eines Kindes, der
den Humors das finstere. Gewölk.
sich um dessen Erziehung und Fortkommen nicht
hen in
park des Herrn von Sala. Entzückende Plätzchen,
„Ich habe einmal im Traum eine Frühlings¬
lossenen
im mindesten bekümmerte, noch irgendwie An=erfüllt von heimlich=verborgener Schönheit,
landschaft gesehen, ganz sonnig und mild, und
spruch auf dieses Kind oder wird er nicht viel= kristallhelle, tiefspiegelnde Gedanken, marmorne
ur ge¬
doch hab' ich über sie weinen müssen,“ bemerkt
mehr aller Rechte verlustig zugunsten desjenigen, Bilder edelsten Menschentums und inmitten aller
die melancholische Johanna zu ihrem Freunde
der in der Sorge um das Kind seine Stellen
Pracht der Liebe schönste Blüte.
Sala, der ihr mit den Worten: „Ja, die Traurig¬
ichtigste
einnahm? In dem Falle Fichtner=Wegrath spricht
keit steckt in den Dingen oft viel tiefer als man
Unter den Darstellern lassen wir den
pielerin
sich Schnitzler zugunsten des letzteren aus.
Damen nicht nur aus Gründen der Galanterie
ahnt,“ recht gibt. Wie eine Kassandra wandelt
Ferament
lichkeit, Johanna unheilverkünd nd einher. Mit geschärften
Die schöne Gabriele hat den egoistischen den Vortritt. Prächtig charakterisierte Frau
Künstler Julian Fichtner geliebt und da siesBleibtreu Irene Herms warmblütig=natür¬
dschaft, Sinnen blickt sie. die Vergangenheit und
ben ist, lauscht den Stimmen der Zukunft. Einst hat sie dieser in seinem Drange nach Ungebundenheit liches Wesen. Die seelischen Tiefen Johannas
ldet. als lydische Sklayin auf einer griechischen Insel verlassen, dessen Freund den Pflichtenmenschen wußte Fräulein Wohlgemuth in verklärter
ist blaß getanzt und so kann sie denn auch im Geiste Wegrath geheiratet. Professor Wegrath hält den Schönheit mit Helle zu erfüllen. Die leidende
im ersten Jahre gebornen Sohn für den seinen Frau Gabriele spielte Frau Haeberle schlicht
schöner ihrem Freunde ins alte Elbatana folgen, das
können dieser aus sechstausendjährigem Schutte heraus¬
und läßt ihm auch alle Liebe zuteil werden, die und ergreisend. Sonst gab es, von dem markant
ein guter Vater seinem Kinde entgegenbringt. gezeichneten Sala Harry Waldens abgesehen,
spiegle graben und in marmorner Herrlichkeit wieder¬
grath zu erstehen lassen will. Ihre krankhaft verfeinerten Kurz nach dem Tode seiner Mutter erfährt Leut= nicht viel Erfreuliches. Dem Julian Fichtner
[Devrients fehlte der Zug künstlerischer
Den Nerven fühlen jegliche Art von Widerwärtigkeit nant Felix Wegrath das Geheimnis seiner Geburt,
Park= in verstärktem Maße. Das Häßliche macht ihr und zwar durch niemand anderen als durch Größe. Die Herren Gerasch (Felix) und
Moritz Pein und so bildet sie sich schon aus diesem Grunde Fichtner, der den jungen Mann für sich ge=Herterich (Doktor Reumann) blieben ziemlich
monoton. Um den Professor Wegrath bemühte
sthalten zur Aesthetin. Ihre Erklärung, daß sie ihre winnen möchte. Der junge Offizier hat für die
aß der Mutter nicht mehr liebe, seitdem diese krank sei, plötzlich geoffenbarten Vatergefühle Fichtners sich Herr Paulsen mit einigem Erfolg. Das
als sein Publikum bereitete dem Stücke eine freundliche
heitererkann unter diesen Umständen nicht als Gefühls= kein Verständnis. Ihm gilt derjenige
erwiesen Aufnahme, so daß Schnitzler am Schlusse des
nitzlerssarmut gedeutet werden.
Vater, der sich ihm bisher als solcher
Pmantik.
zu, der dritten Aktes mehrmals dankend erscheinen
Johanna weiß das Ende ihrer Mutter hat. Und so wendet er sich Wegrath
alismus voraus, wie sie vorher das Ende von Salas nach dem Unglück mit der Gattin und Tochter konnte.
Lothar Ring.
7
nitzlersskleinem Töchterchen geahnt hatte und sie rückt seiner doppelt bedarf. Fichtner muß den ein¬
ot ihrer sihrer Natur entsprechend, von der Totgeweihten samen Weg weiter wandern.</Unicode>
            </TextEquiv>
        </TextRegion>
    </Page>
</PcGts>
