3436 4352
1409 331 1863 426 box 23/1
263 331 1266 442 18. Der feg
818 895 1365 1000 Berliner Morgenpost
1730 1048 2609 1114 beinah gehabt, aber sie verhinderte es. Diese tem¬
1729 1111 2611 1160 peramentvoll=lustige Vierzigerin, die des Lebens
1735 1164 2614 1207 Stürme arg mitgenommen haben, ist die beste Gestalt
1736 1198 2619 1250 des Stückes, jedenfalls die wahrste, die einzige, die
979 1177 1320 1267 4 4 FEB.MBO4
1731 1240 2618 1293 mit ihrer Drolligkeit und mit ihrem Schmerz
1726 1283 2616 1339 nicht vor sich selbst posiert. Sie ist eben echt
1000 1287 1538 1360 Der einsame Weg.
1724 1337 2626 1380 Schnitzlersch; ich halte sie für die altgewordene
873 1346 1696 1408 Schauspiel in fünf Akten von Arthur Schnitzler.
1732 1381 2612 1422 Annie aus dem „Abschiedssouper“. Die andern be¬
831 1396 1663 1461 Erstaufführung gestern im Deutschen Theater.
1737 1418 2612 1467 sehen sich alle mit ihren eingebildeten und wirk¬
881 1444 1700 1500 Es war ein Achtungserfolg, oder wenn man will:
1725 1464 2613 1517 lichen Schmerzen zu oft im Spiegel. Sie sind
825 1487 1701 1537 ein Hochachtungs=Durchfall. Der vierte Akt des über¬
1735 1504 2627 1561 fast nur müde Reflexion. Daß sich Felix in warmer
819 1538 1703 1587 mäßig breiten und redseligen Stückes wurde kräftig
1728 1546 2632 1600 Verehrung seinem Erzieher und vermeintlichen Vater,
814 1584 1697 1628 angelacht und angezischt, aber die Freunde des
1732 1597 2627 1645 der vom Fehltritt seiner Frau niemals was erfahren
827 1620 1707 1675 Dichiers behielten die applaudierende Oberhand.
1732 1626 2620 1695 hat, zuwendet, ist mehr äußerlich und sieht einer
816 1661 1695 1716 Schnitzler konnte fast nach jedem Akt, auch nach
1727 1677 2607 1736 „Pointe“ ähnlicher als einer pfychologischen Wahrheit.
829 1705 1701 1752 dem bekämpften letzten, vor die Rampe treten und
1725 1722 2626 1779 Ueberhaupt ist mehr Gewolltes als Gekonntes
822 1748 1710 1804 seinen Poetenkopf dankend neigen. Das Stück ist für
1731 1765 2624 1818 in der Führung der Charaktere. Felix ist zu
815 1787 1703 1850 die praktische Bühne wohl verloren; es wird sich
1724 1809 2615 1878 Beginn ein Temperament, das sich den
824 1843 1702 1895 mit seinen drei Leichen an Bord nicht
1734 1856 2612 1910 Soldatenberuf gegen den Willen des Vateis
829 1872 1704 1934 über Wasser halten können. Schade. Schnitzler
1725 1897 2616 1957 zu erkämpfen verstand; später wird er ganz müder
818 1923 1706 1974 hat für feine und feinste Gedanken eine falsche Form
1729 1940 2618 2004 Dekadent, der nicht weiß, was er will
817 1969 1706 2030 gefunden; er hatte einen Wiener Roman in der Hand,
1721 1978 2606 2051 und wohin er möchte. Ein monotoner Schwächling.
819 2009 1709 2059 und er machte ein Theaterstück aus ihm. Bloß
1729 2030 2613 2078 Die Eröffnung, daß er Julians Sohn sei, löst
812 2057 1706 2115 darum weil im Literaturkalender der Name Schnitzler
1727 2076 2614 2128 nicht einmal ein Staunen bei ihm aus, er findet
820 2100 1595 2150 (Wien) als Dramatiker abgestempelt ist?
1740 2120 2620 2168 sich so schnell in diese Tatsache, als hätte er sie schon
882 2141 1704 2199 Sein neues „Schauspiel“ ist geradezu ein
1739 2168 2625 2213 lange geahnt. Und war doch ganz unwissend. Diese
832 2182 1716 2240 typisches Muster des undramatischen Nicht¬
1736 2195 2622 2250 Eröffnungsizene überhaupt (sie ist es, die ich vorhin als
822 2229 1708 2292 Schauspiels. Was es gibt, sind zwei in¬
1735 2244 2623 2295 den einzigen dramatischen Moment des Stückes bezeichnete)
1479 2267 1707 2331 uabgeklärt,
826 2270 1459 2342 einand zeschobene, leise, fast
1729 2290 2625 2347 ist sehr ungeschickt, geradezu anfängerhaft gemacht.
819 2318 1706 2375 ruhige Novellen, die nur einen einzigen,
1735 2327 2610 2391 Es ist eine „Erkennungsszene“ im Stil der Romantik
828 2355 1706 2418 schwachdramatischen Moment haben. Und auch
1735 2375 2625 2436 und erinnert an die vertauschten Kinder und Amulette
817 2402 1709 2463 dieser ist nur dramatische parlando=Musik.
1728 2417 2619 2465 Eugen Sues. Uebrigens nicht der einzige romantische
823 2446 1704 2506 Der immer schon lyrisch=milde Schnitzler, der die
1731 2463 2617 2523 Einschlag. Der ganz überflüssige und unwahre
829 2492 1708 2547 bleiche Welt abgekönter Kulturen liebt und mit einer
1735 2511 2617 2569 Selbstmord des jungen Mädchens im geheimnisvollen
821 2532 1707 2590 gewissen wienerischen Salon=Sentimentalität die Dinge
1738 2567 2620 2614 Wasser und die Gestalten Salas wie Julians sind
822 2586 1713 2634 der Welt philosophisch betrachtet, ist in seiner neuen
1731 2590 2627 2663 mit unechten Romantismen ausgestattet. Aber sie
831 2631 1708 2679 Seelenplauderei noch matschweicher geworden, als er
1743 2642 1971 2696 haben Geist.
832 2675 1705 2726 schon war. Er war ja immer ein liebenswürdig¬
1788 2660 2621 2749 Die Vorzüge Schnitzlers: ein leichter, natürlicher
816 2713 1715 2767 ironischer Poet der Müdigkeit, dieses Stück ist aber
1734 2728 2619 2776 Dialog, eine anmutige, leicht fließende Linie in der
817 2748 1705 2801 ausschließlich ein Gesang vom Leben zermürbter und
1734 2777 2629 2820 Bewegung der Vorkommnisse und ein freundlich, leise
827 2800 1706 2850 aufgesogener Naiuren, die den „einsamen Weg“ zum
1729 2809 2614 2870 selbstironischer Humor. Das kunn jedoch die starken Nach¬
829 2844 1576 2888 Tode geistesgerüstet und wissentlich wandern.
1732 2870 2631 2911 teile nicht aufwiegen, die de sind: Kraftlosigkeit im Bau
891 2885 1708 2943 Daß die Absicht des Stückes ausschließlich solchen
1734 2911 2627 2953 des dramatischen Gerüstes, Maitigkeit im Führen der
827 2932 1704 2982 müden Solo=Gängern gilt, merkt man erst gegen
1725 2941 2622 3006 Handlung auf ein mit Notwendigkeit empfundenes
819 2973 1705 3022 das Ende, nachdem ein breiter erster Akt, der,
1737 2998 2620 3053 Ziel zu und Konvention in der Zeichnung gleich¬
822 3018 1706 3074 unklat exponiert, ein unentschiedenes Thema ange¬
1728 3034 2173 3102 förmiger Salonmenschen.
825 3062 1707 3111 schlagen hat, und jeder nächste Akt sich nach einem
1788 3078 2631 3136 Die Darstellung litt meinem Empfinden nach an
819 3105 1720 3161 anderen Ziele zu bewegt. Schnell zu erkennen ist
1733 3126 2619 3175 Besetzungsfehlern. Nicht Bassermann durfte den
825 3147 1712 3199 nur das eine, daß es ein retardierendes Stück ist,
1736 3159 2629 3221 eleganten, müden, feinironischen und cynisch=geistreichen
824 3188 1713 3241 daß es Dinge der Vergangenheit sind, die die Menschen
1730 3208 2624 3249 Sala spielen, sondern Sauer. Bassermann ist für
822 3235 1706 3291 seelisch beschäftigen. Das würde weiter nichts schaden,
1736 3251 2650 3314 solche Männer zu derb, zu trocken, zu wenig geschmeidig#
828 3279 1712 3340 wenn diese Zurückentwickelung die gegenwärtigen
1734 3294 2621 3350 und spricht zu wenig fein. Aber er hätte den leicht¬
813 3328 1723 3377 Dinge in eine Vorwärtsbewegung brächte, aber
1732 3337 2622 3395 dämonischen und brutalen Allerweltswindbeutel Mlian
819 3381 1709 3423 die Konsequenzen der Aufrollung bleiben nebensächlich.
1728 3384 2617 3444 Fichtner spielen müssen und nicht Rittnegz der
830 3407 1712 3460 Es ist, als ob es dem Dichter nur um eine Art
1735 3428 2624 3483 für die angeführten Eigenschaften zu brüchig, #der¬
818 3446 1706 3499 psychologischer Vioisektion an einigen Mannsobjekten,
1742 3470 2628 3534 fest, bäuerisch = gesund ist. Kurt Stieles als
817 3497 1712 3552 die ihm für den zu demonstrierenden klinischen Fall
1731 3508 2638 3593 Leutnant unterstrich noch die Monoion## der
818 3543 1713 3596 interessant erschienen, zu tun gewesen wäre. Die Vor¬
1737 3551 2612 3627 Figur; ihm fehlte der Schuß Schneidigkeit und ##che,
822 3582 1718 3636 gänge sind künstelnd zwischen die Charaktere kom¬
1739 3598 2620 3671 der für den Ulanenleutnant nötig ist. Das hätleserr
827 3639 1713 3684 poniert; die Fäden, die sich von einem zum andern
1733 3645 2614 3713 Iwald besser machen müssen. Else Lehmann r
818 3668 1717 3724 ziehen, sind jedoch sehr dünn und reißen bei jeder
1745 3693 2618 3752 zwar nicht die rundliche, lustige Wiener Schau¬
823 3713 1051 3771 Gelegenheit.
1741 3738 2617 3782 spielerin, die Schnitzler meinte, aber sie ließ den
877 3742 1710 3805 Die kränkliche Frau des Akademie=Direktors
1743 3781 2624 3830 Charakter nicht fallen. Das wäre vielleicht etwas
824 3805 1713 3852 Wegerath stirbt und nimmt das Geheimnis mit sich,
1740 3822 2626 3870 für Gisela Schneider=Nissen gewesen. Aber
831 3845 1714 3887 daß ihr Sohn, der Ulanenleutnant Felix, ein junges
1741 3868 2624 3931 die ist ja gar nicht mehr bei Brahm. Sehr fein war
832 3889 1707 3941 Blut, das sich in der schmucken Uniform wohl fühlt,
1730 3917 2621 3969 Sauer als alter Wegerath. Dieser Künstler stellt
826 3941 1709 3992 nicht das Kind ihres Gatten ist. Er ist der natürliche
1740 3953 2626 4007 eben immer seinen Mann, auch wenn man ihn auf
824 3979 1714 4021 Sohn des wildgenialen Malers Julian Fichtner,
1744 3996 2219 4064 falschen Posten kommandiert.
828 4023 1707 4070 eines ruhelosen Kunstzigeuners, dessen starker Leiden¬
2192 4038 2591 4095 Norbert Falk.
828 4064 1716 4116 schaft Gabriele erlag, als sie schon Wegeraths Braut
829 4103 1713 4166 war. Den jungen Mann hatte es schon immer zu Fichtner
819 4140 1718 4198 hingezogen, nun er aber von diesem selbst seinen Ursprun#
835 4202 1714 4248 kennen lernt, wandelt sich sein Gefühl in Betroffepheit,
