<?xml version="1.0" encoding="UTF-8" standalone="yes"?>
<PcGts xmlns="http://schema.primaresearch.org/PAGE/gts/pagecontent/2013-07-15" xmlns:xsi="http://www.w3.org/2001/XMLSchema-instance" xsi:schemaLocation="http://schema.primaresearch.org/PAGE/gts/pagecontent/2013-07-15 http://schema.primaresearch.org/PAGE/gts/pagecontent/2013-07-15/pagecontent.xsd">
    <Metadata>
        <Creator>prov=University of Rostock/Institute of Mathematics/CITlab/Gundram Leifert/gundram.leifert@uni-rostock.de:name=ONB_Newseye_GT_M1+(htr_id=10810)::::v=2.4.2
prov=University of Rostock/Institute of Mathematics/CITlab/Tobias Gruening/tobias.gruening@uni-rostock.de:name=de.uros.citlab.module.baseline2polygon.B2PSeamMultiOriented:v=2.4.2
prov=University of Rostock/Institute of Mathematics/CITlab/Tobias Gruening/tobias.gruening@uni-rostock.de:name=/mnt/transkribus/LA/DEA/URO/LA_news_onb_att.pb:de.uros.citlab.segmentation.CITlab_LA_ML:v=2.4.2
Transkribus</Creator>
        <Created>2019-10-07T11:28:08.582+02:00</Created>
        <LastChange>2019-10-08T09:36:38.226+02:00</LastChange>
        <TranskribusMetadata docId="223970" pageId="9500163" pageNr="218" tsid="16510336" status="IN_PROGRESS" userId="40391" imgUrl="https://files.transkribus.eu/Get?id=NYDPPEYHJCVCOVRUANEKFPKU&amp;fileType=view" xmlUrl="https://files.transkribus.eu/Get?id=LUHBJWBFHYLBKKTAUWRWJJOQ" imageId="6190385"/>
    </Metadata>
    <Page imageFilename="223970_0218.jpeg" imageWidth="3436" imageHeight="4352">
        <ReadingOrder>
            <OrderedGroup id="ro_1711450676833" caption="Regions reading order">
                <RegionRefIndexed index="0" regionRef="r1"/>
                <RegionRefIndexed index="1" regionRef="r2"/>
                <RegionRefIndexed index="2" regionRef="r3"/>
                <RegionRefIndexed index="3" regionRef="r4"/>
            </OrderedGroup>
        </ReadingOrder>
        <TextRegion orientation="0.0" id="r1" custom="readingOrder {index:0;}">
            <Coords points="159,277 159,3053 1269,3053 1269,277"/>
            <TextLine id="r1l1" custom="readingOrder {index:0;}">
                <Coords points="248,306 469,337 1264,322 1264,255 1103,238 1046,268 755,239 649,279 493,246 415,277 356,244 249,264"/>
                <Baseline points="255,297 305,302 355,306 405,309 455,312 505,313 555,314 606,315 656,315 706,315 756,314 806,313 856,313 906,312 957,311 1007,310 1057,309 1107,309 1157,310 1207,310 1258,312"/>
                <TextEquiv>
                    <Unicode>18. Der einsane Nes</Unicode>
                </TextEquiv>
            </TextLine>
            <TextLine id="r1l2" custom="readingOrder {index:1;}">
                <Coords points="167,1630 1264,1622 1241,1575 167,1570"/>
                <Baseline points="174,1618 228,1617 282,1616 336,1616 390,1615 445,1615 499,1615 553,1614 607,1614 661,1614 716,1614 770,1614 824,1614 878,1614 932,1614 987,1614 1041,1614 1095,1614 1149,1615 1203,1615 1258,1615"/>
                <TextEquiv>
                    <Unicode>Sinn= hannas Bruder der Mutter nach) die Stimme des</Unicode>
                </TextEquiv>
            </TextLine>
            <TextLine id="r1l3" custom="readingOrder {index:2;}">
                <Coords points="168,1669 180,1667 189,1672 196,1666 214,1671 225,1665 233,1673 238,1670 241,1673 253,1661 256,1663 265,1657 275,1661 276,1627 261,1628 253,1623 246,1629 231,1631 226,1626 204,1622 189,1630 177,1627 173,1632 166,1632"/>
                <Baseline points="174,1662 206,1660 238,1657 270,1660"/>
                <TextEquiv>
                    <Unicode>fitte?“</Unicode>
                </TextEquiv>
            </TextLine>
            <TextLine id="r1l4" custom="readingOrder {index:3;}">
                <Coords points="297,1668 1170,1678 1269,1673 1269,1622 297,1632"/>
                <Baseline points="304,1662 351,1662 399,1662 447,1663 495,1663 543,1663 591,1663 639,1663 687,1663 735,1663 783,1662 830,1662 878,1662 926,1662 974,1662 1022,1661 1070,1661 1118,1661 1166,1661 1214,1661 1262,1660"/>
                <TextEquiv>
                    <Unicode>Blutes nicht hört, sondern dem alten, kindlich guten</Unicode>
                </TextEquiv>
            </TextLine>
            <TextLine id="r1l5" custom="readingOrder {index:4;}">
                <Coords points="294,1721 1263,1715 1243,1664 294,1668"/>
                <Baseline points="301,1707 348,1707 396,1707 444,1707 492,1708 539,1708 587,1709 635,1709 683,1709 730,1709 778,1709 826,1709 874,1709 921,1709 969,1709 1017,1708 1065,1708 1112,1707 1160,1705 1208,1704 1256,1703"/>
                <TextEquiv>
                    <Unicode>Manne treu bleibt, der vor der Welt sein Vater ist</Unicode>
                </TextEquiv>
            </TextLine>
            <TextLine id="r1l6" custom="readingOrder {index:5;}">
                <Coords points="167,1719 176,1717 192,1727 203,1724 216,1713 229,1718 241,1711 248,1710 255,1715 270,1712 267,1664 253,1662 243,1672 232,1671 225,1665 209,1672 198,1668 188,1673 177,1667 164,1669"/>
                <Baseline points="174,1712 203,1707 232,1705 262,1706"/>
                <TextEquiv>
                    <Unicode>Haben</Unicode>
                </TextEquiv>
            </TextLine>
            <TextLine id="r1l7" custom="readingOrder {index:6;}">
                <Coords points="176,1758 184,1758 189,1752 197,1758 208,1751 226,1764 230,1760 247,1764 253,1759 264,1759 279,1744 291,1743 291,1724 275,1721 267,1725 254,1719 236,1725 216,1713 192,1733 176,1732"/>
                <Baseline points="183,1751 208,1749 233,1749 258,1750 284,1752"/>
                <TextEquiv>
                    <Unicode>das</Unicode>
                </TextEquiv>
            </TextLine>
            <TextLine id="r1l8" custom="readingOrder {index:7;}">
                <Coords points="299,1750 1263,1757 1263,1718 1165,1709 299,1718"/>
                <Baseline points="305,1751 352,1752 400,1752 447,1752 495,1752 542,1752 590,1752 637,1752 685,1752 732,1752 780,1751 828,1751 875,1751 923,1751 970,1751 1018,1750 1065,1750 1113,1750 1160,1750 1208,1750 1256,1751"/>
                <TextEquiv>
                    <Unicode>und durch seine Liebe das vollste Anrecht auf diesen</Unicode>
                </TextEquiv>
            </TextLine>
            <TextLine id="r1l9" custom="readingOrder {index:8;}">
                <Coords points="297,1809 1258,1801 1258,1755 297,1752"/>
                <Baseline points="304,1796 351,1796 398,1796 446,1796 493,1796 541,1796 588,1796 635,1796 683,1795 730,1795 778,1794 825,1794 872,1793 920,1793 967,1792 1015,1792 1062,1792 1109,1792 1157,1793 1204,1793 1252,1794"/>
                <TextEquiv>
                    <Unicode>Namen sich erworben hat. Ein neues Geschlecht scheint</Unicode>
                </TextEquiv>
            </TextLine>
            <TextLine id="r1l10" custom="readingOrder {index:9;}">
                <Coords points="174,1806 188,1801 194,1808 205,1802 209,1806 219,1803 230,1806 243,1801 254,1809 269,1797 290,1794 290,1761 270,1765 254,1758 241,1764 237,1760 222,1763 216,1758 198,1767 175,1760"/>
                <Baseline points="181,1796 206,1795 232,1795 257,1796 283,1798"/>
                <TextEquiv>
                    <Unicode> uns</Unicode>
                </TextEquiv>
            </TextLine>
            <TextLine id="r1l11" custom="readingOrder {index:10;}">
                <Coords points="300,1832 1121,1853 1269,1842 1269,1798 300,1811"/>
                <Baseline points="307,1840 354,1841 402,1842 450,1842 498,1842 545,1842 593,1841 641,1841 689,1841 736,1840 784,1839 832,1839 880,1838 927,1837 975,1837 1023,1837 1071,1836 1118,1836 1166,1837 1214,1837 1262,1838"/>
                <TextEquiv>
                    <Unicode>mit diesem Felix die Lebensbühne zu betreten — ein</Unicode>
                </TextEquiv>
            </TextLine>
            <TextLine id="r1l12" custom="readingOrder {index:11;}">
                <Coords points="152,1849 190,1849 203,1843 213,1849 253,1852 269,1839 291,1841 292,1820 258,1814 244,1801 199,1808 188,1800 180,1807 169,1801 154,1802"/>
                <Baseline points="160,1841 191,1837 222,1838 253,1841 284,1843"/>
                <TextEquiv>
                    <Unicode>dliche</Unicode>
                </TextEquiv>
            </TextLine>
            <TextLine id="r1l13" custom="readingOrder {index:12;}">
                <Coords points="299,1888 1118,1899 1260,1850 298,1849"/>
                <Baseline points="306,1883 353,1883 400,1883 448,1883 495,1883 542,1883 590,1883 637,1883 684,1882 732,1882 779,1882 826,1881 874,1880 921,1880 968,1879 1016,1878 1063,1878 1110,1877 1158,1876 1205,1875 1253,1874"/>
                <TextEquiv>
                    <Unicode>besseres, urteilt Sala: „mehr Haltung und weniger Geist“</Unicode>
                </TextEquiv>
            </TextLine>
            <TextLine id="r1l14" custom="readingOrder {index:13;}">
                <Coords points="163,1897 190,1902 212,1887 228,1893 235,1891 246,1898 268,1886 280,1892 281,1846 264,1844 253,1852 249,1848 228,1856 217,1846 209,1848 202,1842 190,1850 164,1847"/>
                <Baseline points="170,1884 196,1882 222,1882 248,1884 274,1884"/>
                <TextEquiv>
                    <Unicode>elingt</Unicode>
                </TextEquiv>
            </TextLine>
            <TextLine id="r1l15" custom="readingOrder {index:14;}">
                <Coords points="292,1931 1256,1929 1256,1891 1209,1888 292,1888"/>
                <Baseline points="299,1925 346,1925 394,1925 441,1926 489,1926 536,1926 584,1926 631,1926 679,1926 726,1926 774,1926 821,1926 869,1926 916,1926 964,1926 1011,1926 1059,1926 1106,1925 1154,1925 1201,1924 1249,1923"/>
                <TextEquiv>
                    <Unicode>Die übertriebene Pflege des Geistes hat unser falsches</Unicode>
                </TextEquiv>
            </TextLine>
            <TextLine id="r1l16" custom="readingOrder {index:15;}">
                <Coords points="152,1943 168,1943 191,1934 202,1940 230,1935 239,1942 262,1938 267,1933 282,1935 281,1908 269,1910 251,1895 210,1888 198,1900 151,1897"/>
                <Baseline points="159,1933 188,1928 217,1927 246,1928 275,1929"/>
                <TextEquiv>
                    <Unicode>nsere</Unicode>
                </TextEquiv>
            </TextLine>
            <TextLine id="r1l17" custom="readingOrder {index:16;}">
                <Coords points="164,1980 174,1979 179,1985 190,1982 200,1987 214,1976 232,1977 238,1982 243,1979 266,1987 274,1985 273,1947 250,1948 231,1936 201,1939 196,1935 192,1940 182,1938 173,1948 164,1948"/>
                <Baseline points="171,1973 203,1970 235,1969 267,1971"/>
                <TextEquiv>
                    <Unicode>selber</Unicode>
                </TextEquiv>
            </TextLine>
            <TextLine id="r1l18" custom="readingOrder {index:17;}">
                <Coords points="298,1981 1229,1984 1263,1979 1263,1943 297,1936"/>
                <Baseline points="304,1975 351,1973 399,1972 446,1971 494,1970 542,1970 589,1970 637,1970 684,1970 732,1970 780,1970 827,1970 875,1971 922,1971 970,1971 1018,1971 1065,1971 1113,1970 1160,1970 1208,1969 1256,1968"/>
                <TextEquiv>
                    <Unicode>Verhältnis zu den realen Bedingungen des Lebens ver¬</Unicode>
                </TextEquiv>
            </TextLine>
            <TextLine id="r1l19" custom="readingOrder {index:18;}">
                <Coords points="298,2039 447,2009 535,2032 1182,2011 1182,1989 1010,1975 298,1981"/>
                <Baseline points="305,2013 348,2013 392,2014 435,2014 479,2014 522,2014 566,2014 609,2014 653,2014 696,2014 740,2014 783,2014 827,2014 870,2014 914,2013 957,2013 1001,2013 1044,2012 1088,2012 1131,2011 1175,2011"/>
                <TextEquiv>
                    <Unicode>schuldet — so formuliert es Norbert de Varenne.</Unicode>
                </TextEquiv>
            </TextLine>
            <TextLine id="r1l20" custom="readingOrder {index:19;}">
                <Coords points="163,2038 188,2039 203,2028 210,2031 215,2026 225,2033 237,2031 241,2036 256,2030 276,2036 277,1987 250,1985 243,1980 198,1987 190,1982 187,1985 164,1979"/>
                <Baseline points="171,2017 204,2015 237,2016 270,2018"/>
                <TextEquiv>
                    <Unicode>voran</Unicode>
                </TextEquiv>
            </TextLine>
            <TextLine id="r1l21" custom="readingOrder {index:20;}">
                <Coords points="350,2056 1264,2061 1264,2024 1225,2019 350,2026"/>
                <Baseline points="357,2056 402,2057 447,2058 492,2058 537,2059 582,2059 627,2059 672,2060 717,2060 762,2060 807,2059 852,2059 897,2059 942,2058 987,2058 1032,2057 1077,2056 1122,2056 1167,2055 1212,2054 1257,2053"/>
                <TextEquiv>
                    <Unicode>Schnitzler weiß solche Menschen, die die Süße des</Unicode>
                </TextEquiv>
            </TextLine>
            <TextLine id="r1l22" custom="readingOrder {index:21;}">
                <Coords points="293,2113 1258,2102 1258,2067 1193,2058 293,2063"/>
                <Baseline points="299,2105 346,2105 394,2105 441,2105 489,2105 537,2105 584,2105 632,2104 679,2104 727,2104 775,2104 822,2104 870,2104 917,2103 965,2103 1013,2103 1060,2102 1108,2102 1155,2102 1203,2101 1251,2101"/>
                <TextEquiv>
                    <Unicode>Lebens auskosten und dabei doch einen bittern Nach¬</Unicode>
                </TextEquiv>
            </TextLine>
            <TextLine id="r1l23" custom="readingOrder {index:22;}">
                <Coords points="164,2109 189,2115 199,2111 209,2121 223,2113 235,2124 251,2123 265,2114 283,2116 284,2052 257,2061 244,2052 216,2072 200,2077 190,2074 183,2081 164,2076"/>
                <Baseline points="170,2103 196,2104 223,2105 249,2106 276,2105"/>
                <TextEquiv>
                    <Unicode>er, so</Unicode>
                </TextEquiv>
            </TextLine>
            <TextLine id="r1l24" custom="readingOrder {index:23;}">
                <Coords points="293,2164 1200,2159 1255,2156 1255,2115 292,2115"/>
                <Baseline points="299,2153 346,2152 394,2151 441,2150 489,2149 536,2149 584,2149 631,2149 679,2148 726,2148 774,2148 821,2148 869,2148 916,2148 964,2148 1011,2148 1059,2147 1106,2147 1154,2146 1201,2145 1249,2144"/>
                <TextEquiv>
                    <Unicode>geschmack im Munde nicht loswerden, die das Dasein</Unicode>
                </TextEquiv>
            </TextLine>
            <TextLine id="r1l25" custom="readingOrder {index:24;}">
                <Coords points="161,2153 169,2153 174,2159 186,2155 220,2170 227,2166 231,2169 242,2160 254,2165 261,2158 270,2167 277,2167 279,2116 265,2114 252,2123 242,2114 225,2111 206,2117 196,2109 184,2118 171,2108 162,2109"/>
                <Baseline points="168,2153 193,2151 219,2153 244,2155 270,2155"/>
                <TextEquiv>
                    <Unicode>knsere</Unicode>
                </TextEquiv>
            </TextLine>
            <TextLine id="r1l26" custom="readingOrder {index:25;}">
                <Coords points="303,2212 1219,2206 1259,2199 1259,2148 1175,2174 303,2157"/>
                <Baseline points="310,2196 357,2195 404,2194 451,2194 498,2193 545,2193 592,2193 640,2193 687,2193 734,2193 781,2193 828,2193 875,2192 922,2192 970,2192 1017,2192 1064,2191 1111,2191 1158,2190 1205,2188 1253,2187"/>
                <TextEquiv>
                    <Unicode>nur als ein artiges Spiel voll beglückender oder auf¬</Unicode>
                </TextEquiv>
            </TextLine>
            <TextLine id="r1l27" custom="readingOrder {index:26;}">
                <Coords points="162,2194 176,2198 181,2204 184,2203 198,2214 212,2211 220,2212 224,2168 217,2168 195,2160 188,2163 183,2157 180,2159 165,2158"/>
                <Baseline points="169,2190 215,2194"/>
                <TextEquiv>
                    <Unicode>ht;</Unicode>
                </TextEquiv>
            </TextLine>
            <TextLine id="r1l28" custom="readingOrder {index:27;}">
                <Coords points="295,2240 1244,2246 1268,2199 294,2203"/>
                <Baseline points="302,2238 352,2238 402,2238 453,2238 503,2238 554,2237 604,2237 655,2237 705,2237 756,2237 806,2237 857,2237 907,2236 958,2236 1008,2235 1059,2235 1109,2234 1160,2233 1210,2232 1261,2231"/>
                <TextEquiv>
                    <Unicode>regender Sensationen gelten lassen möchten und dann</Unicode>
                </TextEquiv>
            </TextLine>
            <TextLine id="r1l29" custom="readingOrder {index:28;}">
                <Coords points="168,2270 182,2267 199,2251 203,2255 223,2257 237,2253 243,2246 253,2250 258,2244 274,2243 272,2203 237,2200 217,2212 192,2211 177,2199 165,2197"/>
                <Baseline points="173,2239 204,2238 235,2236 267,2235"/>
                <TextEquiv>
                    <Unicode>eg ist</Unicode>
                </TextEquiv>
            </TextLine>
            <TextLine id="r1l30" custom="readingOrder {index:29;}">
                <Coords points="300,2290 1270,2284 1269,2235 354,2257 299,2234"/>
                <Baseline points="306,2284 353,2284 401,2283 449,2283 497,2283 545,2283 593,2283 640,2283 688,2282 736,2282 784,2282 832,2281 880,2281 928,2280 975,2280 1023,2279 1071,2279 1119,2278 1167,2277 1215,2276 1263,2275"/>
                <TextEquiv>
                    <Unicode>doch an dessen schwerem Ernste innerlich schmerzlich lei¬</Unicode>
                </TextEquiv>
            </TextLine>
            <TextLine id="r1l31" custom="readingOrder {index:30;}">
                <Coords points="178,2290 203,2290 208,2286 218,2287 225,2293 234,2286 253,2294 270,2283 283,2285 284,2255 258,2257 255,2254 246,2260 238,2253 223,2256 213,2252 196,2257 180,2248"/>
                <Baseline points="186,2279 216,2281 246,2282 276,2281"/>
                <TextEquiv>
                    <Unicode>man</Unicode>
                </TextEquiv>
            </TextLine>
            <TextLine id="r1l32" custom="readingOrder {index:31;}">
                <Coords points="295,2326 1255,2339 1244,2286 295,2292"/>
                <Baseline points="302,2330 349,2329 396,2328 443,2328 491,2327 538,2327 585,2326 633,2326 680,2326 727,2325 775,2325 822,2325 869,2325 916,2324 964,2324 1011,2324 1058,2323 1106,2322 1153,2322 1200,2321 1248,2320"/>
                <TextEquiv>
                    <Unicode>den, ja zerbrechen — fein zu formen und glaubhaft</Unicode>
                </TextEquiv>
            </TextLine>
            <TextLine id="r1l33" custom="readingOrder {index:32;}">
                <Coords points="164,2325 194,2337 202,2330 213,2332 225,2326 235,2333 241,2329 256,2336 266,2332 285,2337 285,2290 260,2296 207,2286 193,2300 164,2294"/>
                <Baseline points="171,2327 197,2325 224,2326 251,2326 278,2326"/>
                <TextEquiv>
                    <Unicode>kert de</Unicode>
                </TextEquiv>
            </TextLine>
            <TextLine id="r1l34" custom="readingOrder {index:33;}">
                <Coords points="295,2378 1258,2372 1258,2340 1209,2330 918,2353 681,2320 641,2353 295,2327"/>
                <Baseline points="302,2373 349,2372 396,2372 444,2371 491,2371 539,2371 586,2370 634,2370 681,2370 729,2370 776,2370 823,2370 871,2370 918,2370 966,2369 1013,2369 1061,2369 1108,2369 1156,2368 1203,2368 1251,2367"/>
                <TextEquiv>
                    <Unicode>hinzustellen. Man fühlt deutlich, er hat für diesen</Unicode>
                </TextEquiv>
            </TextLine>
            <TextLine id="r1l35" custom="readingOrder {index:34;}">
                <Coords points="168,2392 179,2393 191,2385 198,2389 226,2373 250,2391 267,2384 279,2385 277,2342 268,2342 249,2331 242,2336 215,2336 208,2331 190,2346 165,2341"/>
                <Baseline points="174,2376 206,2374 239,2372 272,2370"/>
                <TextEquiv>
                    <Unicode>gödie</Unicode>
                </TextEquiv>
            </TextLine>
            <TextLine id="r1l36" custom="readingOrder {index:35;}">
                <Coords points="302,2424 1265,2421 1265,2371 302,2380"/>
                <Baseline points="309,2415 356,2415 403,2415 451,2415 498,2415 546,2415 593,2415 641,2415 688,2415 736,2415 783,2415 830,2415 878,2415 925,2415 973,2414 1020,2414 1068,2413 1115,2412 1163,2412 1210,2410 1258,2409"/>
                <TextEquiv>
                    <Unicode>Typus viel übrig. Die stille Tragik solcher Lebens¬</Unicode>
                </TextEquiv>
            </TextLine>
            <TextLine id="r1l37" custom="readingOrder {index:36;}">
                <Coords points="297,2461 1263,2468 1263,2427 1226,2417 297,2427"/>
                <Baseline points="304,2461 351,2461 399,2461 446,2461 494,2461 542,2461 589,2460 637,2460 684,2460 732,2459 780,2459 827,2459 875,2458 922,2458 970,2458 1018,2457 1065,2457 1113,2456 1160,2456 1208,2456 1256,2455"/>
                <TextEquiv>
                    <Unicode>läufe, die auf den einsamen Weg ausmünden, d. h. in</Unicode>
                </TextEquiv>
            </TextLine>
            <TextLine id="r1l38" custom="readingOrder {index:37;}">
                <Coords points="165,2467 185,2465 197,2476 209,2478 215,2472 230,2474 242,2466 253,2475 268,2475 274,2482 289,2486 291,2441 268,2441 241,2431 233,2434 215,2423 199,2424 186,2432 177,2422 166,2422"/>
                <Baseline points="172,2457 200,2458 228,2460 256,2461 284,2459"/>
                <TextEquiv>
                    <Unicode>age.</Unicode>
                </TextEquiv>
            </TextLine>
            <TextLine id="r1l39" custom="readingOrder {index:38;}">
                <Coords points="161,2521 199,2516 203,2520 207,2516 214,2519 231,2513 252,2522 284,2512 284,2484 276,2484 261,2474 255,2476 242,2466 233,2474 219,2471 203,2479 184,2464 161,2468"/>
                <Baseline points="167,2503 194,2503 222,2503 249,2504 277,2503"/>
                <TextEquiv>
                    <Unicode>e la</Unicode>
                </TextEquiv>
            </TextLine>
            <TextLine id="r1l40" custom="readingOrder {index:39;}">
                <Coords points="301,2516 1226,2511 1268,2468 301,2476"/>
                <Baseline points="308,2505 355,2505 403,2504 450,2504 498,2504 546,2504 593,2504 641,2504 689,2504 736,2504 784,2504 832,2504 879,2504 927,2503 975,2503 1022,2503 1070,2502 1118,2502 1165,2501 1213,2499 1261,2498"/>
                <TextEquiv>
                    <Unicode>Dunkel und Verlassenheit sich verlieren (man möchte</Unicode>
                </TextEquiv>
            </TextLine>
            <TextLine id="r1l41" custom="readingOrder {index:40;}">
                <Coords points="296,2554 1174,2558 1265,2553 1265,2525 295,2512"/>
                <Baseline points="302,2550 349,2550 397,2550 445,2549 493,2549 541,2548 588,2548 636,2547 684,2546 732,2546 780,2545 827,2544 875,2544 923,2543 971,2543 1019,2543 1066,2543 1114,2543 1162,2544 1210,2545 1258,2546"/>
                <TextEquiv>
                    <Unicode>sagen: kraft einer immanenten sozialen Gerechtigkeit),</Unicode>
                </TextEquiv>
            </TextLine>
            <TextLine id="r1l42" custom="readingOrder {index:41;}">
                <Coords points="162,2559 180,2558 191,2565 210,2554 221,2559 230,2551 278,2559 278,2516 265,2514 248,2522 232,2514 225,2517 216,2514 202,2516 196,2523 177,2517 163,2518"/>
                <Baseline points="169,2549 194,2548 220,2549 245,2550 271,2549"/>
                <TextEquiv>
                    <Unicode>nt un</Unicode>
                </TextEquiv>
            </TextLine>
            <TextLine id="r1l43" custom="readingOrder {index:42;}">
                <Coords points="297,2596 1145,2608 1269,2595 1269,2553 297,2568"/>
                <Baseline points="303,2595 351,2594 399,2593 447,2592 495,2591 543,2591 591,2590 639,2590 687,2590 735,2590 783,2590 831,2590 879,2590 927,2590 975,2590 1023,2590 1071,2590 1119,2590 1167,2590 1215,2590 1263,2589"/>
                <TextEquiv>
                    <Unicode>wollte er in seinem Schauspiel schildern. Er hat sich</Unicode>
                </TextEquiv>
            </TextLine>
            <TextLine id="r1l44" custom="readingOrder {index:43;}">
                <Coords points="163,2606 175,2604 194,2611 218,2600 228,2604 234,2600 238,2604 243,2602 260,2610 280,2605 280,2569 258,2564 248,2555 231,2555 226,2551 214,2560 207,2558 193,2565 177,2557 162,2559"/>
                <Baseline points="169,2595 195,2594 221,2593 247,2593 273,2595"/>
                <TextEquiv>
                    <Unicode>ur de</Unicode>
                </TextEquiv>
            </TextLine>
            <TextLine id="r1l45" custom="readingOrder {index:44;}">
                <Coords points="297,2633 1257,2643 1257,2598 297,2606"/>
                <Baseline points="304,2638 351,2638 398,2638 446,2638 493,2638 540,2638 588,2638 635,2637 682,2637 730,2637 777,2637 824,2636 872,2636 919,2635 966,2635 1014,2634 1061,2634 1108,2633 1156,2632 1203,2631 1251,2631"/>
                <TextEquiv>
                    <Unicode>den Fall kompliziert dadurch, daß er das Thema des</Unicode>
                </TextEquiv>
            </TextLine>
            <TextLine id="r1l46" custom="readingOrder {index:45;}">
                <Coords points="163,2643 178,2640 186,2649 192,2646 199,2650 225,2640 236,2648 243,2644 261,2656 266,2653 282,2659 283,2615 274,2615 262,2604 253,2607 219,2599 197,2607 187,2597 164,2590"/>
                <Baseline points="169,2638 195,2637 222,2638 248,2638 275,2640"/>
                <TextEquiv>
                    <Unicode>nt de</Unicode>
                </TextEquiv>
            </TextLine>
            <TextLine id="r1l47" custom="readingOrder {index:46;}">
                <Coords points="295,2677 1262,2685 1262,2643 1219,2638 295,2650"/>
                <Baseline points="302,2684 349,2684 397,2683 445,2683 492,2682 540,2682 588,2682 635,2681 683,2681 731,2681 779,2681 826,2680 874,2680 922,2680 969,2679 1017,2679 1065,2678 1112,2677 1160,2676 1208,2675 1256,2674"/>
                <TextEquiv>
                    <Unicode>innern (unter Umständen auch äußern) Allein= und Ein¬</Unicode>
                </TextEquiv>
            </TextLine>
            <TextLine id="r1l48" custom="readingOrder {index:47;}">
                <Coords points="165,2691 180,2688 189,2692 201,2685 208,2691 214,2687 228,2696 241,2688 256,2691 270,2680 286,2683 286,2664 267,2661 258,2651 243,2645 218,2653 206,2643 199,2650 189,2651 175,2639 165,2639"/>
                <Baseline points="172,2684 199,2682 226,2682 253,2682 280,2684"/>
                <TextEquiv>
                    <Unicode>renne</Unicode>
                </TextEquiv>
            </TextLine>
            <TextLine id="r1l49" custom="readingOrder {index:48;}">
                <Coords points="292,2725 1276,2731 1258,2683 292,2698"/>
                <Baseline points="299,2730 347,2729 396,2728 444,2727 493,2726 541,2726 590,2725 638,2725 687,2725 735,2724 784,2724 832,2724 881,2724 929,2723 978,2723 1026,2723 1075,2722 1123,2722 1172,2721 1220,2721 1269,2720"/>
                <TextEquiv>
                    <Unicode>samseins noch weiter variiert, und zwar im Sinne einer</Unicode>
                </TextEquiv>
            </TextLine>
            <TextLine id="r1l50" custom="readingOrder {index:49;}">
                <Coords points="167,2733 181,2737 199,2731 217,2738 222,2732 232,2730 256,2737 268,2730 279,2732 280,2701 259,2699 243,2688 220,2701 213,2700 201,2687 179,2697 174,2691 167,2691"/>
                <Baseline points="174,2727 207,2725 240,2726 273,2728"/>
                <TextEquiv>
                    <Unicode>dann</Unicode>
                </TextEquiv>
            </TextLine>
            <TextLine id="r1l51" custom="readingOrder {index:50;}">
                <Coords points="299,2773 1153,2782 1239,2777 1263,2735 298,2738"/>
                <Baseline points="306,2771 353,2772 401,2772 448,2772 496,2772 543,2771 591,2771 638,2771 686,2770 733,2770 781,2769 828,2769 876,2768 923,2768 971,2767 1018,2767 1066,2767 1113,2767 1161,2767 1208,2767 1256,2767"/>
                <TextEquiv>
                    <Unicode>Verallgemeinerung, die das für Leute wie Sala und</Unicode>
                </TextEquiv>
            </TextLine>
            <TextLine id="r1l52" custom="readingOrder {index:51;}">
                <Coords points="167,2772 205,2780 213,2774 236,2781 241,2778 248,2781 264,2773 275,2775 274,2731 256,2737 249,2733 245,2736 238,2729 227,2738 223,2734 209,2738 198,2731 186,2731 178,2723 166,2726"/>
                <Baseline points="173,2773 205,2771 237,2771 269,2771"/>
                <TextEquiv>
                    <Unicode>kankes</Unicode>
                </TextEquiv>
            </TextLine>
            <TextLine id="r1l53" custom="readingOrder {index:52;}">
                <Coords points="286,2819 1220,2829 1262,2788 285,2764"/>
                <Baseline points="293,2816 341,2816 389,2815 437,2815 485,2815 533,2815 581,2814 629,2814 677,2814 725,2814 774,2814 822,2813 870,2813 918,2813 966,2812 1014,2812 1062,2812 1110,2811 1158,2811 1206,2810 1255,2809"/>
                <TextEquiv>
                    <Unicode>Julian Charakteristische im Sinne einer allgemein gil¬</Unicode>
                </TextEquiv>
            </TextLine>
            <TextLine id="r1l54" custom="readingOrder {index:53;}">
                <Coords points="168,2822 184,2822 195,2831 202,2827 208,2831 216,2826 233,2829 241,2824 258,2831 269,2822 279,2821 280,2791 261,2792 244,2779 229,2776 222,2779 213,2774 207,2779 195,2776 191,2780 185,2775 169,2774"/>
                <Baseline points="174,2817 206,2815 239,2817 272,2819"/>
                <TextEquiv>
                    <Unicode>Todes,</Unicode>
                </TextEquiv>
            </TextLine>
            <TextLine id="r1l55" custom="readingOrder {index:54;}">
                <Coords points="292,2859 1259,2871 1259,2826 1176,2818 292,2829"/>
                <Baseline points="299,2857 346,2858 394,2858 442,2859 489,2859 537,2859 585,2859 632,2859 680,2858 728,2858 776,2858 823,2857 871,2857 919,2857 966,2856 1014,2856 1062,2856 1109,2856 1157,2856 1205,2856 1253,2856"/>
                <TextEquiv>
                    <Unicode>tigen Lebenserfahrung erweitert. Jede der Figuren,</Unicode>
                </TextEquiv>
            </TextLine>
            <TextLine id="r1l56" custom="readingOrder {index:55;}">
                <Coords points="175,2870 202,2870 224,2863 234,2870 239,2864 248,2864 265,2875 278,2876 278,2826 265,2826 253,2833 240,2825 232,2829 216,2826 209,2832 200,2828 192,2834 175,2828"/>
                <Baseline points="182,2862 211,2860 241,2861 271,2861"/>
                <TextEquiv>
                    <Unicode>hanna</Unicode>
                </TextEquiv>
            </TextLine>
            <TextLine id="r1l57" custom="readingOrder {index:56;}">
                <Coords points="299,2913 1264,2904 1264,2870 1216,2862 299,2870"/>
                <Baseline points="306,2899 353,2900 401,2901 448,2902 496,2902 543,2903 591,2903 638,2903 686,2903 733,2903 781,2903 829,2902 876,2902 924,2902 971,2902 1019,2902 1066,2901 1114,2901 1161,2901 1209,2902 1257,2902"/>
                <TextEquiv>
                    <Unicode>die der Dichter auftreten läßt, ist im letzten Grunde</Unicode>
                </TextEquiv>
            </TextLine>
            <TextLine id="r1l58" custom="readingOrder {index:57;}">
                <Coords points="165,2914 185,2911 199,2917 215,2909 251,2919 283,2914 282,2877 263,2876 245,2865 232,2869 225,2862 213,2868 207,2864 196,2867 179,2880 164,2883"/>
                <Baseline points="171,2907 197,2903 223,2902 249,2902 276,2904"/>
                <TextEquiv>
                    <Unicode>Liebe</Unicode>
                </TextEquiv>
            </TextLine>
            <TextLine id="r1l59" custom="readingOrder {index:58;}">
                <Coords points="302,2957 1267,2963 1267,2904 302,2921"/>
                <Baseline points="308,2946 355,2946 403,2946 450,2946 498,2946 546,2946 593,2946 641,2946 688,2946 736,2946 784,2946 831,2946 879,2946 926,2946 974,2946 1022,2947 1069,2947 1117,2947 1164,2948 1212,2948 1260,2949"/>
                <TextEquiv>
                    <Unicode>ebenso einsam und isoliert wie die zwei Lebemänner.</Unicode>
                </TextEquiv>
            </TextLine>
            <TextLine id="r1l60" custom="readingOrder {index:59;}">
                <Coords points="174,2953 185,2953 191,2960 202,2953 216,2958 227,2954 235,2957 240,2953 247,2960 265,2953 270,2957 281,2954 281,2915 250,2919 242,2913 228,2915 221,2911 209,2923 191,2913 174,2911"/>
                <Baseline points="180,2948 211,2946 242,2946 274,2948"/>
                <TextEquiv>
                    <Unicode>ereits</Unicode>
                </TextEquiv>
            </TextLine>
            <TextLine id="r1l61" custom="readingOrder {index:60;}">
                <Coords points="294,2987 1269,3018 1242,2955 294,2958"/>
                <Baseline points="301,2992 349,2993 397,2993 445,2993 493,2994 541,2994 589,2993 637,2993 685,2993 733,2993 781,2993 829,2992 877,2992 925,2992 973,2992 1021,2992 1069,2992 1117,2992 1165,2992 1213,2993 1262,2994"/>
                <TextEquiv>
                    <Unicode>Wie ergreifend klagt der alte Akademiedirektor Wegrath</Unicode>
                </TextEquiv>
            </TextLine>
            <TextLine id="r1l62" custom="readingOrder {index:61;}">
                <Coords points="172,3005 179,3005 185,2999 214,3002 229,2998 237,3002 242,2999 256,3008 260,3005 265,3009 273,3007 270,2958 247,2959 240,2953 227,2960 201,2953 194,2959 185,2955 177,2963 170,2963"/>
                <Baseline points="179,2995 207,2992 236,2991 265,2991"/>
                <TextEquiv>
                    <Unicode>ulian</Unicode>
                </TextEquiv>
            </TextLine>
            <TextLine id="r1l63" custom="readingOrder {index:62;}">
                <Coords points="186,3062 1238,3059 1276,3008 186,3009"/>
                <Baseline points="192,3036 245,3038 299,3040 353,3041 407,3042 461,3043 515,3043 568,3043 622,3043 676,3043 730,3043 784,3042 838,3042 892,3041 945,3041 999,3040 1053,3040 1107,3040 1161,3040 1215,3040 1269,3040"/>
                <TextEquiv>
                    <Unicode>(Jo= beim völlig unerwarteten geheimnisvollen Ausbleiben</Unicode>
                </TextEquiv>
            </TextLine>
            <TextEquiv>
                <Unicode>18. Der einsane Nes
Sinn= hannas Bruder der Mutter nach) die Stimme des
fitte?“
Blutes nicht hört, sondern dem alten, kindlich guten
Manne treu bleibt, der vor der Welt sein Vater ist
Haben
das
und durch seine Liebe das vollste Anrecht auf diesen
Namen sich erworben hat. Ein neues Geschlecht scheint
 uns
mit diesem Felix die Lebensbühne zu betreten — ein
dliche
besseres, urteilt Sala: „mehr Haltung und weniger Geist“
elingt
Die übertriebene Pflege des Geistes hat unser falsches
nsere
selber
Verhältnis zu den realen Bedingungen des Lebens ver¬
schuldet — so formuliert es Norbert de Varenne.
voran
Schnitzler weiß solche Menschen, die die Süße des
Lebens auskosten und dabei doch einen bittern Nach¬
er, so
geschmack im Munde nicht loswerden, die das Dasein
knsere
nur als ein artiges Spiel voll beglückender oder auf¬
ht;
regender Sensationen gelten lassen möchten und dann
eg ist
doch an dessen schwerem Ernste innerlich schmerzlich lei¬
man
den, ja zerbrechen — fein zu formen und glaubhaft
kert de
hinzustellen. Man fühlt deutlich, er hat für diesen
gödie
Typus viel übrig. Die stille Tragik solcher Lebens¬
läufe, die auf den einsamen Weg ausmünden, d. h. in
age.
e la
Dunkel und Verlassenheit sich verlieren (man möchte
sagen: kraft einer immanenten sozialen Gerechtigkeit),
nt un
wollte er in seinem Schauspiel schildern. Er hat sich
ur de
den Fall kompliziert dadurch, daß er das Thema des
nt de
innern (unter Umständen auch äußern) Allein= und Ein¬
renne
samseins noch weiter variiert, und zwar im Sinne einer
dann
Verallgemeinerung, die das für Leute wie Sala und
kankes
Julian Charakteristische im Sinne einer allgemein gil¬
Todes,
tigen Lebenserfahrung erweitert. Jede der Figuren,
hanna
die der Dichter auftreten läßt, ist im letzten Grunde
Liebe
ebenso einsam und isoliert wie die zwei Lebemänner.
ereits
Wie ergreifend klagt der alte Akademiedirektor Wegrath
ulian
(Jo= beim völlig unerwarteten geheimnisvollen Ausbleiben</Unicode>
            </TextEquiv>
        </TextRegion>
        <TextRegion orientation="0.0" id="r2" custom="readingOrder {index:1;}">
            <Coords points="1281,272 1281,3051 2250,3051 2250,272"/>
            <TextLine id="r2l1" custom="readingOrder {index:0;}">
                <Coords points="1414,306 1652,304 1717,317 1742,297 1862,295 1862,260 1788,231 1589,258 1558,248 1539,259 1518,243 1487,262 1453,236 1414,241"/>
                <Baseline points="1421,294 1446,294 1472,294 1497,294 1523,294 1548,294 1574,294 1599,294 1625,294 1650,294 1676,294 1701,294 1727,294 1752,294 1778,293 1803,293 1829,292 1855,292"/>
                <TextEquiv>
                    <Unicode>box 23/2</Unicode>
                </TextEquiv>
            </TextLine>
            <TextLine id="r2l2" custom="readingOrder {index:1;}">
                <Coords points="1282,1619 2142,1643 2235,1624 2236,1578 1282,1576"/>
                <Baseline points="1289,1616 1336,1615 1383,1614 1430,1614 1477,1614 1524,1614 1571,1614 1618,1615 1665,1615 1712,1616 1759,1617 1806,1618 1853,1618 1900,1619 1947,1620 1994,1620 2041,1620 2088,1620 2135,1620 2182,1620 2229,1619"/>
                <TextEquiv>
                    <Unicode>Johannas: „Wer hat sie denn gekannt von uns allen?</Unicode>
                </TextEquiv>
            </TextLine>
            <TextLine id="r2l3" custom="readingOrder {index:2;}">
                <Coords points="1290,1668 2135,1683 2228,1672 2229,1628 1290,1623"/>
                <Baseline points="1296,1659 1342,1659 1388,1659 1434,1659 1481,1659 1527,1660 1573,1660 1620,1661 1666,1662 1712,1662 1759,1663 1805,1664 1851,1664 1897,1665 1944,1665 1990,1665 2036,1665 2083,1665 2129,1665 2175,1664 2222,1663"/>
                <TextEquiv>
                    <Unicode>Wer kümmert sich denn überhaupt um die andern?“</Unicode>
                </TextEquiv>
            </TextLine>
            <TextLine id="r2l4" custom="readingOrder {index:3;}">
                <Coords points="1276,1706 2228,1719 2205,1674 1276,1672"/>
                <Baseline points="1283,1705 1329,1706 1376,1706 1423,1706 1470,1706 1517,1707 1564,1707 1611,1707 1658,1707 1705,1707 1752,1707 1798,1707 1845,1707 1892,1707 1939,1707 1986,1708 2033,1708 2080,1709 2127,1709 2174,1710 2221,1711"/>
                <TextEquiv>
                    <Unicode>Also: keiner kennt am Ende aller Enden seinen näch¬</Unicode>
                </TextEquiv>
            </TextLine>
            <TextLine id="r2l5" custom="readingOrder {index:4;}">
                <Coords points="1278,1752 2190,1770 2235,1765 2236,1720 1278,1720"/>
                <Baseline points="1285,1752 1332,1752 1379,1751 1426,1751 1473,1751 1520,1751 1567,1751 1615,1752 1662,1752 1709,1753 1756,1753 1803,1754 1850,1754 1897,1755 1945,1755 1992,1756 2039,1756 2086,1756 2133,1756 2180,1756 2228,1756"/>
                <TextEquiv>
                    <Unicode>sten Nebenmenschen, weiß, was in dessen Tiefstem und</Unicode>
                </TextEquiv>
            </TextLine>
            <TextLine id="r2l6" custom="readingOrder {index:5;}">
                <Coords points="1283,1797 1589,1817 1725,1786 2149,1819 2237,1813 2238,1768 1283,1766"/>
                <Baseline points="1290,1795 1337,1795 1384,1796 1431,1796 1478,1796 1525,1796 1572,1796 1619,1796 1666,1796 1713,1797 1760,1797 1807,1797 1854,1797 1901,1798 1948,1798 1995,1799 2042,1799 2089,1800 2136,1800 2183,1801 2231,1802"/>
                <TextEquiv>
                    <Unicode>Innerstem vor sich geht, und bemüht sich nicht einmal</Unicode>
                </TextEquiv>
            </TextLine>
            <TextLine id="r2l7" custom="readingOrder {index:6;}">
                <Coords points="1283,1836 2136,1856 2237,1843 2238,1817 1283,1806"/>
                <Baseline points="1290,1838 1337,1838 1384,1838 1431,1838 1478,1838 1525,1838 1572,1838 1619,1839 1666,1839 1713,1839 1760,1840 1807,1840 1854,1841 1901,1841 1948,1842 1995,1842 2042,1843 2089,1843 2136,1844 2183,1845 2230,1846"/>
                <TextEquiv>
                    <Unicode>besonders darum, es zu wissen. Das wäre also allge¬</Unicode>
                </TextEquiv>
            </TextLine>
            <TextLine id="r2l8" custom="readingOrder {index:7;}">
                <Coords points="1283,1893 2236,1892 2236,1856 2060,1842 1283,1853"/>
                <Baseline points="1289,1882 1336,1881 1383,1881 1430,1880 1477,1880 1524,1880 1571,1880 1618,1880 1665,1880 1712,1881 1759,1881 1806,1881 1853,1882 1900,1883 1947,1883 1994,1884 2041,1885 2088,1885 2135,1886 2182,1887 2229,1888"/>
                <TextEquiv>
                    <Unicode>meine Lebenstragik, und die Einsamkeit des Weges bis</Unicode>
                </TextEquiv>
            </TextLine>
            <TextLine id="r2l9" custom="readingOrder {index:8;}">
                <Coords points="1279,1923 2148,1946 2235,1934 2236,1894 1279,1892"/>
                <Baseline points="1286,1926 1333,1926 1380,1925 1427,1925 1474,1925 1521,1925 1568,1926 1615,1926 1662,1927 1709,1927 1757,1928 1804,1928 1851,1929 1898,1929 1945,1930 1992,1930 2039,1930 2086,1930 2133,1930 2180,1929 2228,1928"/>
                <TextEquiv>
                    <Unicode>zum Orkus hinab würde keinem völlig erspart. So</Unicode>
                </TextEquiv>
            </TextLine>
            <TextLine id="r2l10" custom="readingOrder {index:9;}">
                <Coords points="1285,1980 2157,1990 2240,1978 2241,1929 1286,1940"/>
                <Baseline points="1292,1970 1339,1970 1386,1970 1433,1970 1480,1970 1527,1971 1574,1971 1621,1972 1668,1972 1715,1972 1763,1973 1810,1973 1857,1974 1904,1974 1951,1975 1998,1975 2045,1975 2092,1975 2139,1975 2186,1975 2234,1975"/>
                <TextEquiv>
                    <Unicode>nimmt das Stück aus dem Individnalfall (der zugleich</Unicode>
                </TextEquiv>
            </TextLine>
            <TextLine id="r2l11" custom="readingOrder {index:10;}">
                <Coords points="1281,2022 2208,2033 2236,1986 1281,1988"/>
                <Baseline points="1288,2015 1335,2015 1382,2015 1429,2016 1476,2016 1523,2016 1570,2015 1617,2015 1664,2015 1711,2015 1758,2015 1805,2015 1852,2015 1899,2015 1946,2015 1993,2015 2040,2016 2087,2017 2134,2018 2181,2019 2229,2022"/>
                <TextEquiv>
                    <Unicode>für Individuen wie Sala und. Julian der typische Fall</Unicode>
                </TextEquiv>
            </TextLine>
            <TextLine id="r2l12" custom="readingOrder {index:11;}">
                <Coords points="1286,2070 2229,2078 2229,2028 2154,2023 1286,2026"/>
                <Baseline points="1293,2063 1339,2063 1385,2063 1432,2063 1478,2063 1525,2062 1571,2062 1618,2061 1664,2061 1711,2061 1757,2060 1803,2060 1850,2060 1896,2060 1943,2060 1989,2060 2036,2060 2082,2061 2129,2062 2175,2062 2222,2064"/>
                <TextEquiv>
                    <Unicode>ist) heraus eine Wendung zum Gemeinmenschlichen;</Unicode>
                </TextEquiv>
            </TextLine>
            <TextLine id="r2l13" custom="readingOrder {index:12;}">
                <Coords points="1284,2110 2231,2115 2231,2078 2161,2068 1285,2069"/>
                <Baseline points="1291,2105 1337,2104 1384,2103 1430,2103 1477,2103 1524,2103 1570,2103 1617,2103 1664,2103 1710,2104 1757,2104 1804,2105 1850,2105 1897,2105 1944,2106 1990,2106 2037,2107 2084,2107 2130,2107 2177,2107 2224,2107"/>
                <TextEquiv>
                    <Unicode>aber das geschieht nicht mit der wünschbaren durchsichti¬</Unicode>
                </TextEquiv>
            </TextLine>
            <TextLine id="r2l14" custom="readingOrder {index:13;}">
                <Coords points="1282,2155 2152,2166 2234,2156 2234,2112 1282,2114"/>
                <Baseline points="1289,2148 1335,2147 1382,2147 1429,2146 1476,2146 1523,2146 1570,2146 1617,2146 1664,2147 1711,2147 1758,2148 1804,2148 1851,2149 1898,2149 1945,2150 1992,2150 2039,2151 2086,2151 2133,2151 2180,2151 2227,2151"/>
                <TextEquiv>
                    <Unicode>gen Enrschiedenheit, so daß die dramatische Rechnung wie</Unicode>
                </TextEquiv>
            </TextLine>
            <TextLine id="r2l15" custom="readingOrder {index:14;}">
                <Coords points="1286,2193 2239,2218 2240,2157 1286,2155"/>
                <Baseline points="1293,2188 1342,2188 1391,2189 1441,2189 1490,2190 1540,2190 1589,2191 1638,2191 1688,2191 1737,2192 1787,2192 1836,2193 1886,2193 1935,2193 1984,2194 2034,2194 2083,2195 2133,2195 2182,2196 2232,2196"/>
                <TextEquiv>
                    <Unicode>die psychologische nicht bruchlos aufgeht. Das macht</Unicode>
                </TextEquiv>
            </TextLine>
            <TextLine id="r2l16" custom="readingOrder {index:15;}">
                <Coords points="1287,2243 1503,2251 1598,2235 1661,2253 1847,2236 1846,2207 1804,2196 1747,2213 1688,2194 1347,2210 1287,2196"/>
                <Baseline points="1294,2228 1321,2230 1348,2230 1375,2231 1403,2231 1430,2231 1457,2231 1485,2231 1512,2231 1539,2231 1567,2231 1594,2231 1621,2231 1648,2232 1676,2232 1703,2232 1730,2233 1758,2233 1785,2234 1812,2235 1840,2236"/>
                <TextEquiv>
                    <Unicode>die Schwäche des Stückes aus.</Unicode>
                </TextEquiv>
            </TextLine>
            <TextLine id="r2l17" custom="readingOrder {index:16;}">
                <Coords points="1335,2279 2239,2292 2239,2249 2182,2234 2103,2256 1336,2240"/>
                <Baseline points="1342,2274 1386,2275 1431,2277 1475,2278 1520,2279 1564,2280 1609,2280 1653,2281 1698,2282 1742,2282 1787,2282 1831,2282 1876,2282 1920,2282 1965,2282 2009,2282 2054,2282 2098,2281 2143,2281 2187,2280 2232,2280"/>
                <TextEquiv>
                    <Unicode>Wundervoll sind wie immer bei Schnitzler auch in</Unicode>
                </TextEquiv>
            </TextLine>
            <TextLine id="r2l18" custom="readingOrder {index:17;}">
                <Coords points="1277,2332 2245,2326 2191,2280 1277,2297"/>
                <Baseline points="1284,2326 1331,2325 1379,2325 1427,2325 1475,2325 1522,2324 1570,2325 1618,2325 1666,2325 1713,2325 1761,2326 1809,2326 1857,2326 1904,2327 1952,2327 2000,2327 2048,2327 2095,2328 2143,2328 2191,2328 2239,2327"/>
                <TextEquiv>
                    <Unicode>diesem Stücke die eingestreuten Stimmungsbilder. Man</Unicode>
                </TextEquiv>
            </TextLine>
            <TextLine id="r2l19" custom="readingOrder {index:18;}">
                <Coords points="1278,2370 2168,2386 2241,2372 2241,2329 1278,2343"/>
                <Baseline points="1285,2370 1332,2369 1379,2367 1427,2367 1474,2367 1522,2366 1569,2366 1617,2367 1664,2367 1712,2368 1759,2368 1806,2369 1854,2369 1901,2370 1949,2370 1996,2371 2044,2371 2091,2371 2139,2371 2186,2371 2234,2370"/>
                <TextEquiv>
                    <Unicode>mag sagen, sie seien mehr episch (meinetwegen auch lyrisch)</Unicode>
                </TextEquiv>
            </TextLine>
            <TextLine id="r2l20" custom="readingOrder {index:19;}">
                <Coords points="1282,2413 2182,2432 2251,2414 2251,2365 1282,2387"/>
                <Baseline points="1288,2414 1335,2412 1383,2411 1431,2410 1479,2410 1527,2410 1574,2410 1622,2410 1670,2411 1718,2411 1766,2412 1813,2412 1861,2413 1909,2413 1957,2414 2005,2413 2052,2413 2100,2412 2148,2412 2196,2410 2244,2408"/>
                <TextEquiv>
                    <Unicode>empfunden als dramatisch. Aber es ist entzückend, wenn</Unicode>
                </TextEquiv>
            </TextLine>
            <TextLine id="r2l21" custom="readingOrder {index:20;}">
                <Coords points="1283,2471 2185,2466 2243,2459 2243,2421 1283,2426"/>
                <Baseline points="1290,2459 1337,2457 1384,2457 1431,2456 1479,2456 1526,2455 1573,2455 1621,2455 1668,2455 1715,2455 1763,2456 1810,2456 1857,2456 1904,2456 1952,2456 1999,2456 2046,2456 2094,2455 2141,2454 2188,2454 2236,2453"/>
                <TextEquiv>
                    <Unicode>diese Leute anfangen, von Jugenderinnerungen, Natars¬</Unicode>
                </TextEquiv>
            </TextLine>
            <TextLine id="r2l22" custom="readingOrder {index:21;}">
                <Coords points="1287,2506 2240,2521 2248,2474 1286,2474"/>
                <Baseline points="1293,2503 1340,2503 1387,2503 1435,2503 1482,2502 1530,2502 1577,2501 1625,2501 1672,2500 1720,2500 1767,2499 1814,2499 1862,2499 1909,2498 1957,2498 2004,2498 2052,2497 2099,2497 2147,2497 2194,2498 2242,2498"/>
                <TextEquiv>
                    <Unicode>und Kunsteindrücken zu reden in einem leisen, elegischen,</Unicode>
                </TextEquiv>
            </TextLine>
            <TextLine id="r2l23" custom="readingOrder {index:22;}">
                <Coords points="1281,2551 2245,2544 2245,2513 2071,2499 1281,2511"/>
                <Baseline points="1288,2550 1335,2549 1383,2547 1430,2546 1478,2545 1525,2545 1573,2544 1620,2544 1668,2543 1715,2543 1763,2542 1811,2542 1858,2542 1906,2542 1953,2541 2001,2541 2048,2541 2096,2541 2143,2541 2191,2540 2239,2540"/>
                <TextEquiv>
                    <Unicode>sehnsüchtigen Ton, in dem die Seele vibriert. Die weiche</Unicode>
                </TextEquiv>
            </TextLine>
            <TextLine id="r2l24" custom="readingOrder {index:23;}">
                <Coords points="1289,2597 2179,2606 2245,2590 2245,2547 1289,2554"/>
                <Baseline points="1296,2592 1343,2591 1390,2590 1437,2590 1484,2589 1531,2589 1578,2589 1626,2588 1673,2588 1720,2588 1767,2588 1814,2588 1861,2588 1908,2587 1956,2587 2003,2587 2050,2587 2097,2586 2144,2586 2191,2586 2239,2585"/>
                <TextEquiv>
                    <Unicode>Poesie des Wieners feiert hier ihre Feste. Sie schafft</Unicode>
                </TextEquiv>
            </TextLine>
            <TextLine id="r2l25" custom="readingOrder {index:24;}">
                <Coords points="1277,2638 2060,2653 2256,2640 2256,2589 1277,2606"/>
                <Baseline points="1284,2634 1332,2633 1380,2633 1428,2633 1477,2633 1525,2632 1573,2632 1622,2632 1670,2632 1718,2632 1767,2631 1815,2631 1863,2631 1911,2631 1960,2631 2008,2631 2056,2630 2105,2630 2153,2630 2201,2630 2250,2630"/>
                <TextEquiv>
                    <Unicode>den Eindruck des sanft leuchtenden Kolorits, das als</Unicode>
                </TextEquiv>
            </TextLine>
            <TextLine id="r2l26" custom="readingOrder {index:25;}">
                <Coords points="1278,2696 2058,2690 2057,2654 2008,2636 1277,2651"/>
                <Baseline points="1285,2677 1323,2677 1361,2677 1399,2677 1438,2677 1476,2677 1514,2677 1553,2677 1591,2677 1629,2677 1668,2676 1706,2676 1744,2676 1782,2676 1821,2676 1859,2675 1897,2675 1936,2675 1974,2674 2012,2674 2051,2673"/>
                <TextEquiv>
                    <Unicode>feinster Reiz in unserer Seele haften bleibt.</Unicode>
                </TextEquiv>
            </TextLine>
            <TextLine id="r2l27" custom="readingOrder {index:26;}">
                <Coords points="1324,2735 2248,2717 2107,2679 1324,2690"/>
                <Baseline points="1331,2721 1376,2720 1422,2719 1467,2719 1513,2719 1558,2719 1604,2720 1649,2720 1695,2721 1740,2721 1786,2722 1831,2722 1877,2723 1922,2723 1968,2722 2013,2722 2059,2721 2104,2720 2150,2717 2195,2715 2241,2712"/>
                <TextEquiv>
                    <Unicode>Diesem Stimmungsgehalt des Stückes möglichst ge¬</Unicode>
                </TextEquiv>
            </TextLine>
            <TextLine id="r2l28" custom="readingOrder {index:27;}">
                <Coords points="1275,2767 2217,2772 2255,2726 1275,2732"/>
                <Baseline points="1281,2769 1329,2768 1377,2767 1426,2766 1474,2766 1523,2765 1571,2765 1619,2765 1668,2765 1716,2765 1765,2765 1813,2765 1861,2765 1910,2765 1958,2765 2007,2764 2055,2764 2103,2764 2152,2763 2200,2762 2249,2761"/>
                <TextEquiv>
                    <Unicode>recht zu werden, war das offenkundige Bestreben der</Unicode>
                </TextEquiv>
            </TextLine>
            <TextLine id="r2l29" custom="readingOrder {index:28;}">
                <Coords points="1283,2820 2152,2823 2248,2812 2248,2777 1282,2774"/>
                <Baseline points="1289,2815 1336,2813 1384,2812 1431,2812 1479,2812 1527,2811 1574,2811 1622,2811 1669,2811 1717,2812 1765,2812 1812,2812 1860,2812 1907,2811 1955,2811 2003,2810 2050,2809 2098,2808 2145,2806 2193,2803 2241,2801"/>
                <TextEquiv>
                    <Unicode>Regie des Herrn Joseph Danegger. Das gedämpfte</Unicode>
                </TextEquiv>
            </TextLine>
            <TextLine id="r2l30" custom="readingOrder {index:29;}">
                <Coords points="1284,2861 2151,2865 2252,2827 1284,2830"/>
                <Baseline points="1291,2854 1338,2854 1386,2854 1434,2855 1481,2855 1529,2855 1577,2855 1624,2856 1672,2856 1720,2856 1768,2855 1815,2855 1863,2855 1911,2854 1958,2853 2006,2852 2054,2851 2101,2849 2149,2848 2197,2845 2245,2843"/>
                <TextEquiv>
                    <Unicode>Sprechen (ob man auf den hintern Reihen alles ver¬</Unicode>
                </TextEquiv>
            </TextLine>
            <TextLine id="r2l31" custom="readingOrder {index:30;}">
                <Coords points="1277,2912 2251,2909 2250,2864 2204,2855 1277,2877"/>
                <Baseline points="1283,2903 1331,2901 1379,2899 1427,2898 1475,2897 1523,2896 1571,2896 1619,2896 1667,2896 1715,2896 1763,2896 1811,2896 1859,2896 1907,2896 1955,2896 2003,2895 2051,2895 2099,2894 2147,2892 2195,2890 2244,2888"/>
                <TextEquiv>
                    <Unicode>standen hat?), die bedeutungsvollen Pausen, das durch¬</Unicode>
                </TextEquiv>
            </TextLine>
            <TextLine id="r2l32" custom="readingOrder {index:31;}">
                <Coords points="2216,2947 2223,2946 2224,2944 2230,2948 2235,2945 2238,2947 2246,2945 2236,2893 2230,2895 2221,2893 2215,2903 2208,2904"/>
                <Baseline points="2220,2934 2236,2931"/>
                <TextEquiv>
                    <Unicode>—</Unicode>
                </TextEquiv>
            </TextLine>
            <TextLine id="r2l33" custom="readingOrder {index:32;}">
                <Coords points="1290,2955 2112,2956 2210,2950 2210,2912 1290,2919"/>
                <Baseline points="1297,2947 1342,2945 1387,2944 1432,2943 1478,2942 1523,2941 1568,2941 1614,2941 1659,2940 1704,2940 1750,2940 1795,2940 1840,2940 1885,2940 1931,2939 1976,2939 2021,2939 2067,2938 2112,2937 2157,2935 2203,2934"/>
                <TextEquiv>
                    <Unicode>gehende Lento des Rhythmus in Rede und Bewegung —</Unicode>
                </TextEquiv>
            </TextLine>
            <TextLine id="r2l34" custom="readingOrder {index:33;}">
                <Coords points="1282,3004 2250,3003 2250,2948 1281,2961"/>
                <Baseline points="1289,2997 1336,2996 1384,2994 1432,2993 1479,2993 1527,2992 1575,2992 1622,2992 1670,2991 1718,2991 1766,2991 1813,2991 1861,2990 1909,2990 1956,2989 2004,2988 2052,2987 2099,2985 2147,2983 2195,2981 2243,2978"/>
                <TextEquiv>
                    <Unicode>sie schufen die richtige Temperatur für dieses auf Moll</Unicode>
                </TextEquiv>
            </TextLine>
            <TextLine id="r2l35" custom="readingOrder {index:34;}">
                <Coords points="1287,3057 1730,3030 1933,3056 2166,3030 2211,3055 2246,3051 2245,2998 1286,3010"/>
                <Baseline points="1293,3041 1340,3040 1387,3040 1434,3040 1482,3039 1529,3039 1576,3038 1624,3037 1671,3037 1718,3036 1766,3035 1813,3034 1860,3033 1907,3032 1955,3031 2002,3030 2049,3029 2097,3028 2144,3026 2191,3025 2239,3024"/>
                <TextEquiv>
                    <Unicode>gestimmte Drama. Von den Dekorationen taten das</Unicode>
                </TextEquiv>
            </TextLine>
            <TextEquiv>
                <Unicode>box 23/2
Johannas: „Wer hat sie denn gekannt von uns allen?
Wer kümmert sich denn überhaupt um die andern?“
Also: keiner kennt am Ende aller Enden seinen näch¬
sten Nebenmenschen, weiß, was in dessen Tiefstem und
Innerstem vor sich geht, und bemüht sich nicht einmal
besonders darum, es zu wissen. Das wäre also allge¬
meine Lebenstragik, und die Einsamkeit des Weges bis
zum Orkus hinab würde keinem völlig erspart. So
nimmt das Stück aus dem Individnalfall (der zugleich
für Individuen wie Sala und. Julian der typische Fall
ist) heraus eine Wendung zum Gemeinmenschlichen;
aber das geschieht nicht mit der wünschbaren durchsichti¬
gen Enrschiedenheit, so daß die dramatische Rechnung wie
die psychologische nicht bruchlos aufgeht. Das macht
die Schwäche des Stückes aus.
Wundervoll sind wie immer bei Schnitzler auch in
diesem Stücke die eingestreuten Stimmungsbilder. Man
mag sagen, sie seien mehr episch (meinetwegen auch lyrisch)
empfunden als dramatisch. Aber es ist entzückend, wenn
diese Leute anfangen, von Jugenderinnerungen, Natars¬
und Kunsteindrücken zu reden in einem leisen, elegischen,
sehnsüchtigen Ton, in dem die Seele vibriert. Die weiche
Poesie des Wieners feiert hier ihre Feste. Sie schafft
den Eindruck des sanft leuchtenden Kolorits, das als
feinster Reiz in unserer Seele haften bleibt.
Diesem Stimmungsgehalt des Stückes möglichst ge¬
recht zu werden, war das offenkundige Bestreben der
Regie des Herrn Joseph Danegger. Das gedämpfte
Sprechen (ob man auf den hintern Reihen alles ver¬
standen hat?), die bedeutungsvollen Pausen, das durch¬
—
gehende Lento des Rhythmus in Rede und Bewegung —
sie schufen die richtige Temperatur für dieses auf Moll
gestimmte Drama. Von den Dekorationen taten das</Unicode>
            </TextEquiv>
        </TextRegion>
        <TextRegion orientation="0.0" id="r3" custom="readingOrder {index:2;}">
            <Coords points="2254,1590 2254,3549 3277,3549 3277,1590"/>
            <TextLine id="r3l1" custom="readingOrder {index:0;}">
                <Coords points="2247,1648 3158,1625 3201,1611 3200,1569 2246,1610"/>
                <Baseline points="2254,1647 2301,1645 2348,1643 2395,1640 2442,1638 2489,1636 2536,1635 2583,1633 2630,1631 2677,1629 2724,1628 2771,1626 2818,1625 2865,1623 2912,1621 2959,1619 3006,1618 3053,1616 3100,1614 3147,1612 3194,1610"/>
                <TextEquiv>
                    <Unicode>Gärtlein bei Wegraths und das Zimmer im Wegrath¬</Unicode>
                </TextEquiv>
            </TextLine>
            <TextLine id="r3l2" custom="readingOrder {index:1;}">
                <Coords points="2251,1703 3192,1669 3198,1615 2249,1652"/>
                <Baseline points="2258,1694 2304,1692 2351,1689 2398,1688 2444,1686 2491,1684 2538,1682 2584,1680 2631,1679 2678,1677 2725,1675 2771,1674 2818,1672 2865,1670 2911,1669 2958,1667 3005,1665 3051,1663 3098,1661 3145,1659 3192,1658"/>
                <TextEquiv>
                    <Unicode>schen Hause (3. Akt) die beste Wirkung. Die schwarz¬</Unicode>
                </TextEquiv>
            </TextLine>
            <TextLine id="r3l3" custom="readingOrder {index:2;}">
                <Coords points="2248,1740 3213,1713 3211,1668 2246,1705"/>
                <Baseline points="2255,1741 2302,1738 2350,1735 2397,1733 2445,1731 2492,1729 2540,1727 2587,1725 2635,1723 2682,1721 2730,1719 2778,1717 2825,1716 2873,1714 2920,1713 2968,1711 3015,1709 3063,1707 3110,1705 3158,1703 3206,1701"/>
                <TextEquiv>
                    <Unicode>gerahmten Bilder auf der hell tapezierten Wand, dazu</Unicode>
                </TextEquiv>
            </TextLine>
            <TextLine id="r3l4" custom="readingOrder {index:3;}">
                <Coords points="2254,1786 3218,1767 3216,1703 2252,1742"/>
                <Baseline points="2260,1780 2307,1778 2355,1777 2402,1775 2450,1774 2497,1772 2545,1770 2592,1769 2640,1766 2687,1764 2735,1762 2782,1761 2830,1758 2877,1756 2925,1754 2972,1753 3020,1750 3067,1748 3115,1746 3162,1744 3210,1742"/>
                <TextEquiv>
                    <Unicode>die weißen Gardinen, und auf dem dunkeln Sofa vor</Unicode>
                </TextEquiv>
            </TextLine>
            <TextLine id="r3l5" custom="readingOrder {index:4;}">
                <Coords points="2256,1831 3201,1798 3211,1746 2254,1791"/>
                <Baseline points="2262,1823 2309,1822 2356,1821 2403,1819 2450,1817 2498,1815 2545,1814 2592,1812 2639,1810 2686,1808 2734,1806 2781,1803 2828,1801 2875,1799 2922,1797 2970,1795 3017,1792 3064,1791 3111,1788 3158,1786 3206,1784"/>
                <TextEquiv>
                    <Unicode>der Wand die schwarzgekleidete Johanna (Frl. Herterich):</Unicode>
                </TextEquiv>
            </TextLine>
            <TextLine id="r3l6" custom="readingOrder {index:5;}">
                <Coords points="2247,1873 3221,1828 3216,1767 3116,1806 2246,1840"/>
                <Baseline points="2254,1870 2302,1868 2350,1867 2398,1864 2446,1863 2494,1861 2542,1858 2590,1856 2638,1854 2686,1851 2734,1850 2782,1847 2830,1846 2878,1843 2926,1841 2974,1839 3022,1836 3070,1835 3118,1833 3166,1830 3214,1828"/>
                <TextEquiv>
                    <Unicode>das suggerierte mit dem scharfen Kontrast des Dunkeln</Unicode>
                </TextEquiv>
            </TextLine>
            <TextLine id="r3l7" custom="readingOrder {index:6;}">
                <Coords points="2254,1923 3219,1878 3172,1835 2253,1888"/>
                <Baseline points="2261,1917 2308,1914 2356,1912 2403,1909 2451,1907 2498,1905 2546,1903 2593,1901 2641,1899 2688,1897 2736,1895 2784,1893 2831,1891 2879,1888 2926,1887 2974,1884 3021,1882 3069,1880 3116,1877 3164,1874 3212,1871"/>
                <TextEquiv>
                    <Unicode>gegen das Helle schon dem Auge eine leise Trauer¬</Unicode>
                </TextEquiv>
            </TextLine>
            <TextLine id="r3l8" custom="readingOrder {index:7;}">
                <Coords points="2250,1972 3222,1915 3162,1880 2248,1928"/>
                <Baseline points="2256,1959 2304,1957 2352,1954 2400,1951 2448,1949 2496,1947 2544,1945 2592,1943 2640,1941 2688,1939 2736,1938 2784,1936 2832,1934 2880,1932 2928,1930 2976,1927 3024,1925 3072,1922 3120,1920 3168,1916 3216,1913"/>
                <TextEquiv>
                    <Unicode>melodie. Die Darstellung wurde nicht allen Fein¬</Unicode>
                </TextEquiv>
            </TextLine>
            <TextLine id="r3l9" custom="readingOrder {index:8;}">
                <Coords points="2253,2008 3216,1978 3214,1936 3095,1920 2252,1969"/>
                <Baseline points="2260,2001 2307,2000 2354,1998 2402,1997 2449,1995 2497,1993 2544,1991 2591,1990 2639,1988 2686,1986 2734,1983 2781,1982 2828,1980 2876,1977 2923,1975 2971,1973 3018,1971 3065,1968 3113,1966 3160,1964 3208,1961"/>
                <TextEquiv>
                    <Unicode>heiten gerecht. Den Sala nahm Herr Althauser</Unicode>
                </TextEquiv>
            </TextLine>
            <TextLine id="r3l10" custom="readingOrder {index:9;}">
                <Coords points="2251,2056 3226,2020 3224,1975 3138,1969 2250,2007"/>
                <Baseline points="2258,2044 2306,2043 2354,2041 2402,2040 2450,2038 2498,2036 2546,2035 2594,2033 2642,2031 2690,2030 2738,2027 2786,2026 2834,2023 2882,2021 2930,2020 2978,2017 3026,2015 3074,2013 3122,2011 3170,2009 3219,2007"/>
                <TextEquiv>
                    <Unicode>doch wohl nicht überlegen=fein genug; es klang</Unicode>
                </TextEquiv>
            </TextLine>
            <TextLine id="r3l11" custom="readingOrder {index:10;}">
                <Coords points="2267,2093 3173,2067 3222,2057 3221,2018 2266,2063"/>
                <Baseline points="2274,2089 2321,2088 2368,2087 2415,2086 2462,2084 2509,2083 2556,2081 2603,2079 2650,2077 2697,2075 2744,2074 2791,2072 2838,2069 2885,2067 2932,2065 2979,2063 3026,2060 3073,2059 3120,2057 3167,2055 3215,2053"/>
                <TextEquiv>
                    <Unicode>alles etwas gar zu alltäglich, zu unweltmännisch.</Unicode>
                </TextEquiv>
            </TextLine>
            <TextLine id="r3l12" custom="readingOrder {index:11;}">
                <Coords points="2271,2142 3223,2095 3192,2060 2269,2093"/>
                <Baseline points="2278,2135 2324,2133 2371,2131 2418,2130 2465,2128 2512,2126 2559,2125 2606,2123 2653,2121 2700,2119 2747,2117 2793,2115 2840,2112 2887,2110 2934,2108 2981,2106 3028,2103 3075,2100 3122,2098 3169,2095 3216,2092"/>
                <TextEquiv>
                    <Unicode>Den Juliau Fichtner zeichnete Hr. Duschak recht glück¬</Unicode>
                </TextEquiv>
            </TextLine>
            <TextLine id="r3l13" custom="readingOrder {index:12;}">
                <Coords points="2259,2192 3237,2154 3234,2092 2257,2138"/>
                <Baseline points="2266,2179 2314,2176 2362,2173 2410,2170 2458,2169 2506,2167 2554,2165 2603,2163 2651,2162 2699,2161 2747,2159 2795,2158 2843,2156 2891,2155 2940,2153 2988,2151 3036,2149 3084,2146 3132,2144 3180,2141 3229,2137"/>
                <TextEquiv>
                    <Unicode>lich, auch die Maske war klug gewählt. Frl. Herterich</Unicode>
                </TextEquiv>
            </TextLine>
            <TextLine id="r3l14" custom="readingOrder {index:13;}">
                <Coords points="2264,2233 3227,2207 3234,2155 2262,2186"/>
                <Baseline points="2270,2223 2317,2220 2365,2217 2413,2214 2461,2213 2509,2210 2557,2208 2605,2206 2653,2205 2701,2203 2749,2202 2796,2200 2844,2198 2892,2197 2940,2195 2988,2194 3036,2191 3084,2190 3132,2188 3180,2186 3228,2183"/>
                <TextEquiv>
                    <Unicode>brachte die verhalten glühende Leidenschaftlichkeit der</Unicode>
                </TextEquiv>
            </TextLine>
            <TextLine id="r3l15" custom="readingOrder {index:14;}">
                <Coords points="2265,2271 3164,2245 3236,2204 2263,2233"/>
                <Baseline points="2272,2270 2319,2267 2367,2265 2415,2262 2463,2260 2511,2258 2559,2256 2607,2253 2655,2252 2703,2250 2751,2248 2798,2245 2846,2244 2894,2242 2942,2240 2990,2238 3038,2235 3086,2234 3134,2231 3182,2229 3230,2227"/>
                <TextEquiv>
                    <Unicode>Johanna sehr schön zum Ausdruck; da und dort hätte</Unicode>
                </TextEquiv>
            </TextLine>
            <TextLine id="r3l16" custom="readingOrder {index:15;}">
                <Coords points="2260,2313 3186,2288 3237,2271 3236,2232 2259,2276"/>
                <Baseline points="2267,2313 2315,2310 2363,2307 2411,2305 2459,2302 2507,2300 2555,2298 2604,2296 2652,2294 2700,2292 2748,2291 2796,2289 2844,2287 2892,2285 2941,2283 2989,2281 3037,2279 3085,2278 3133,2276 3181,2274 3230,2272"/>
                <TextEquiv>
                    <Unicode>wohl die zehrende Sehnsucht in dieser Mädchenseele noch</Unicode>
                </TextEquiv>
            </TextLine>
            <TextLine id="r3l17" custom="readingOrder {index:16;}">
                <Coords points="2271,2356 3228,2329 3226,2279 2270,2325"/>
                <Baseline points="2278,2353 2325,2351 2372,2349 2419,2346 2466,2345 2513,2343 2560,2341 2608,2339 2655,2338 2702,2336 2749,2334 2796,2332 2843,2331 2890,2329 2938,2328 2985,2325 3032,2323 3079,2322 3126,2320 3173,2318 3221,2316"/>
                <TextEquiv>
                    <Unicode>wärmere, empfundenere Akzente ertragen. Hr. Achterberg</Unicode>
                </TextEquiv>
            </TextLine>
            <TextLine id="r3l18" custom="readingOrder {index:17;}">
                <Coords points="2271,2409 3151,2381 3236,2366 3235,2333 2269,2355"/>
                <Baseline points="2278,2396 2325,2394 2373,2391 2420,2389 2468,2387 2515,2385 2563,2384 2610,2382 2658,2381 2705,2379 2753,2378 2801,2376 2848,2375 2896,2374 2943,2372 2991,2370 3038,2368 3086,2366 3133,2364 3181,2362 3229,2360"/>
                <TextEquiv>
                    <Unicode>war ein frischer, gesunder Felix. Das Ehepaar Wegrath</Unicode>
                </TextEquiv>
            </TextLine>
            <TextLine id="r3l19" custom="readingOrder {index:18;}">
                <Coords points="2273,2442 3195,2420 3229,2414 3228,2374 2272,2411"/>
                <Baseline points="2280,2438 2327,2435 2374,2433 2421,2431 2468,2429 2515,2428 2562,2426 2609,2425 2656,2424 2703,2423 2751,2422 2798,2421 2845,2419 2892,2418 2939,2417 2986,2415 3033,2413 3080,2411 3127,2409 3174,2407 3222,2404"/>
                <TextEquiv>
                    <Unicode>war bei Hrn. Egbert Soltau und Frau Fogarafi wohl</Unicode>
                </TextEquiv>
            </TextLine>
            <TextLine id="r3l20" custom="readingOrder {index:19;}">
                <Coords points="2271,2483 3163,2465 3244,2449 3243,2415 2270,2459"/>
                <Baseline points="2278,2482 2328,2479 2378,2477 2429,2475 2479,2474 2530,2472 2580,2470 2631,2469 2681,2467 2732,2466 2782,2464 2833,2463 2883,2461 2934,2459 2984,2458 3035,2456 3085,2454 3136,2451 3186,2449 3237,2445"/>
                <TextEquiv>
                    <Unicode>aufgehoben; Hr. Soltau charakterisierte diesen herzguten</Unicode>
                </TextEquiv>
            </TextLine>
            <TextLine id="r3l21" custom="readingOrder {index:20;}">
                <Coords points="2276,2525 3138,2512 3245,2500 3244,2474 2274,2489"/>
                <Baseline points="2282,2528 2329,2526 2377,2523 2425,2520 2473,2518 2521,2516 2568,2514 2616,2513 2664,2511 2712,2509 2760,2508 2807,2506 2855,2505 2903,2504 2951,2502 2999,2501 3046,2499 3094,2497 3142,2495 3190,2493 3238,2490"/>
                <TextEquiv>
                    <Unicode>Professor im ganzen durchaus verständnisvoll. Recht ge¬</Unicode>
                </TextEquiv>
            </TextLine>
            <TextLine id="r3l22" custom="readingOrder {index:21;}">
                <Coords points="2280,2576 3248,2550 3247,2520 2278,2531"/>
                <Baseline points="2287,2575 2334,2571 2382,2567 2430,2565 2477,2562 2525,2560 2573,2558 2620,2556 2668,2555 2716,2553 2764,2552 2811,2551 2859,2550 2907,2548 2954,2547 3002,2546 3050,2545 3097,2542 3145,2540 3193,2538 3241,2535"/>
                <TextEquiv>
                    <Unicode>spannt durfte man auf Frl. Martha Flanz sein, die hier</Unicode>
                </TextEquiv>
            </TextLine>
            <TextLine id="r3l23" custom="readingOrder {index:22;}">
                <Coords points="2281,2618 3217,2595 3235,2544 2279,2578"/>
                <Baseline points="2287,2617 2334,2614 2381,2612 2428,2610 2475,2608 2522,2606 2569,2604 2616,2603 2663,2601 2710,2600 2758,2598 2805,2597 2852,2596 2899,2594 2946,2593 2993,2591 3040,2589 3087,2587 3134,2585 3181,2583 3229,2579"/>
                <TextEquiv>
                    <Unicode>zum erstenmale auftrat. Sie gab die Irene Herms, die</Unicode>
                </TextEquiv>
            </TextLine>
            <TextLine id="r3l24" custom="readingOrder {index:23;}">
                <Coords points="2268,2655 3241,2637 3239,2590 3187,2586 2267,2625"/>
                <Baseline points="2276,2659 2323,2657 2371,2655 2419,2653 2467,2652 2515,2650 2563,2648 2611,2646 2659,2645 2707,2643 2755,2642 2802,2640 2850,2638 2898,2636 2946,2635 2994,2633 3042,2631 3090,2630 3138,2628 3186,2626 3234,2624"/>
                <TextEquiv>
                    <Unicode>Bühnenkünstlerin, die in Julian Fichtners Liebesleben</Unicode>
                </TextEquiv>
            </TextLine>
            <TextLine id="r3l25" custom="readingOrder {index:24;}">
                <Coords points="2283,2704 3213,2685 3236,2639 2282,2671"/>
                <Baseline points="2290,2701 2337,2699 2384,2697 2431,2695 2478,2693 2525,2692 2572,2690 2619,2689 2666,2687 2713,2686 2760,2685 2807,2684 2854,2682 2901,2681 2948,2680 2995,2678 3042,2676 3089,2675 3136,2673 3183,2672 3230,2669"/>
                <TextEquiv>
                    <Unicode>einst eine Rolle gespielt hat, auch eine Einsamgewordene,</Unicode>
                </TextEquiv>
            </TextLine>
            <TextLine id="r3l26" custom="readingOrder {index:25;}">
                <Coords points="2283,2744 3239,2722 3238,2692 3127,2677 2282,2702"/>
                <Baseline points="2289,2741 2336,2740 2383,2739 2430,2738 2477,2736 2524,2736 2571,2734 2618,2733 2665,2732 2712,2731 2760,2729 2807,2728 2854,2726 2901,2725 2948,2724 2995,2722 3042,2720 3089,2718 3136,2717 3183,2715 3231,2713"/>
                <TextEquiv>
                    <Unicode>der ihr heißester Wunsch: ein Kind ihr eigen zu nennen,</Unicode>
                </TextEquiv>
            </TextLine>
            <TextLine id="r3l27" custom="readingOrder {index:26;}">
                <Coords points="2276,2802 2921,2783 2958,2756 3252,2771 3250,2719 2275,2768"/>
                <Baseline points="2282,2788 2330,2786 2378,2784 2426,2783 2474,2781 2522,2780 2570,2779 2618,2777 2666,2776 2714,2774 2763,2773 2811,2772 2859,2771 2907,2770 2955,2768 3003,2767 3051,2765 3099,2763 3147,2762 3195,2760 3244,2758"/>
                <TextEquiv>
                    <Unicode>versagt blieb. Die Wiedergabe dieser mehr episoden¬</Unicode>
                </TextEquiv>
            </TextLine>
            <TextLine id="r3l28" custom="readingOrder {index:27;}">
                <Coords points="2284,2846 3247,2803 3246,2765 3212,2763 2283,2802"/>
                <Baseline points="2291,2834 2338,2831 2385,2829 2433,2828 2480,2826 2528,2824 2575,2823 2623,2822 2670,2820 2718,2819 2765,2818 2812,2817 2860,2816 2907,2814 2955,2813 3002,2811 3050,2810 3097,2808 3145,2805 3192,2803 3240,2800"/>
                <TextEquiv>
                    <Unicode>haften Gestalt bewies sofort, daß wir eine verheißungs¬</Unicode>
                </TextEquiv>
            </TextLine>
            <TextLine id="r3l29" custom="readingOrder {index:28;}">
                <Coords points="2281,2876 3251,2866 3250,2816 2280,2850"/>
                <Baseline points="2288,2877 2335,2875 2383,2873 2431,2871 2479,2869 2527,2868 2574,2866 2622,2865 2670,2864 2718,2862 2766,2861 2813,2860 2861,2859 2909,2857 2957,2856 3005,2854 3052,2853 3100,2851 3148,2849 3196,2846 3244,2844"/>
                <TextEquiv>
                    <Unicode>volle Kraft gewonnen haben. Das Spiel war von einer</Unicode>
                </TextEquiv>
            </TextLine>
            <TextLine id="r3l30" custom="readingOrder {index:29;}">
                <Coords points="2288,2919 3101,2916 3248,2903 3247,2865 2287,2887"/>
                <Baseline points="2295,2922 2342,2920 2389,2917 2436,2914 2484,2912 2531,2911 2578,2909 2626,2908 2673,2907 2720,2906 2768,2906 2815,2905 2862,2904 2909,2903 2957,2902 3004,2901 3051,2899 3099,2897 3146,2895 3193,2892 3241,2889"/>
                <TextEquiv>
                    <Unicode>freien Natürlichkeit und eindringlichen Einfachheit, die</Unicode>
                </TextEquiv>
            </TextLine>
            <TextLine id="r3l31" custom="readingOrder {index:30;}">
                <Coords points="2285,2975 3216,2950 3248,2943 3247,2903 2283,2928"/>
                <Baseline points="2291,2965 2338,2964 2386,2962 2433,2961 2481,2959 2528,2958 2576,2957 2623,2956 2671,2955 2718,2955 2766,2954 2814,2953 2861,2952 2909,2950 2956,2948 3004,2947 3051,2945 3099,2942 3146,2940 3194,2937 3242,2933"/>
                <TextEquiv>
                    <Unicode>sehr wohltaten. Ihr Abgang im zweiten Akt, wie sie</Unicode>
                </TextEquiv>
            </TextLine>
            <TextLine id="r3l32" custom="readingOrder {index:31;}">
                <Coords points="2291,3026 3252,2996 3252,2941 2289,2977"/>
                <Baseline points="2297,3009 2344,3008 2391,3007 2439,3006 2486,3004 2534,3004 2581,3002 2629,3001 2676,3000 2724,2999 2771,2998 2818,2996 2866,2995 2913,2993 2961,2992 3008,2990 3056,2988 3103,2986 3151,2983 3198,2981 3246,2978"/>
                <TextEquiv>
                    <Unicode>Felix, in dem sie Julians Sohn entdeckt hat, und dann</Unicode>
                </TextEquiv>
            </TextLine>
            <TextLine id="r3l33" custom="readingOrder {index:32;}">
                <Coords points="2290,3055 3142,3047 3258,3033 3257,2994 2289,3030"/>
                <Baseline points="2297,3057 2344,3055 2392,3053 2440,3052 2487,3050 2535,3049 2583,3048 2630,3047 2678,3046 2726,3044 2774,3043 2821,3041 2869,3040 2917,3039 2964,3037 3012,3035 3060,3032 3107,3030 3155,3028 3203,3025 3251,3022"/>
                <TextEquiv>
                    <Unicode>Julian, dem einstigen Geliebten, Adien sagt, das war</Unicode>
                </TextEquiv>
            </TextLine>
            <TextLine id="r3l34" custom="readingOrder {index:33;}">
                <Coords points="2291,3106 3263,3066 3262,3040 3113,3030 2290,3072"/>
                <Baseline points="2298,3102 2348,3099 2398,3097 2449,3095 2499,3093 2550,3091 2600,3090 2651,3088 2701,3087 2752,3086 2802,3085 2853,3083 2903,3082 2954,3080 3004,3079 3055,3077 3105,3075 3156,3072 3206,3069 3257,3065"/>
                <TextEquiv>
                    <Unicode>nach Mimik wie nach Ausdrucksstärke vortrefflich. Der</Unicode>
                </TextEquiv>
            </TextLine>
            <TextLine id="r3l35" custom="readingOrder {index:34;}">
                <Coords points="2288,3141 3180,3114 3267,3143 3266,3089 2287,3114"/>
                <Baseline points="2294,3145 2342,3142 2390,3139 2438,3137 2487,3135 2535,3134 2583,3133 2632,3132 2680,3131 2728,3130 2777,3130 2825,3129 2873,3128 2921,3127 2970,3126 3018,3125 3066,3123 3115,3122 3163,3119 3211,3116 3260,3113"/>
                <TextEquiv>
                    <Unicode>Dr. Reumann, der Arzt im Wegrathschen Hause, ge¬</Unicode>
                </TextEquiv>
            </TextLine>
            <TextLine id="r3l36" custom="readingOrder {index:35;}">
                <Coords points="2284,3188 3232,3169 3259,3122 2283,3153"/>
                <Baseline points="2291,3185 2339,3184 2387,3182 2435,3181 2483,3180 2531,3179 2579,3178 2627,3177 2675,3176 2723,3175 2772,3174 2820,3173 2868,3172 2916,3170 2964,3169 3012,3168 3060,3167 3108,3165 3156,3163 3204,3161 3253,3159"/>
                <TextEquiv>
                    <Unicode>toann in der Darstellung des Hrn. Arthur Ehrens kein</Unicode>
                </TextEquiv>
            </TextLine>
            <TextLine id="r3l37" custom="readingOrder {index:36;}">
                <Coords points="2300,3235 3270,3221 3260,3152 2299,3195"/>
                <Baseline points="2306,3229 2353,3227 2401,3225 2449,3223 2497,3221 2545,3220 2593,3219 2640,3218 2688,3217 2736,3216 2784,3216 2832,3215 2880,3214 2928,3213 2975,3212 3023,3211 3071,3210 3119,3209 3167,3207 3215,3205 3263,3203"/>
                <TextEquiv>
                    <Unicode>rechtes Leben. Der Mediziner Schnitzler läßt diesen Arzt</Unicode>
                </TextEquiv>
            </TextLine>
            <TextLine id="r3l38" custom="readingOrder {index:37;}">
                <Coords points="2297,3286 3267,3253 3266,3217 3173,3208 2296,3240"/>
                <Baseline points="2304,3272 2351,3271 2399,3269 2447,3268 2495,3267 2543,3266 2590,3265 2638,3264 2686,3263 2734,3262 2782,3261 2829,3260 2877,3259 2925,3258 2973,3257 3021,3255 3068,3254 3116,3252 3164,3251 3212,3249 3260,3247"/>
                <TextEquiv>
                    <Unicode>tluge Dinge sagen, die auf der Bühne anders heraus¬</Unicode>
                </TextEquiv>
            </TextLine>
            <TextLine id="r3l39" custom="readingOrder {index:38;}">
                <Coords points="2285,3312 2352,3331 2399,3318 2419,3331 2487,3317 2571,3325 2608,3311 2607,3290 2559,3271 2533,3279 2512,3270 2470,3286 2437,3274 2402,3288 2338,3276 2306,3286 2284,3274"/>
                <Baseline points="2292,3314 2317,3313 2343,3313 2369,3313 2395,3312 2420,3312 2446,3311 2472,3311 2498,3311 2523,3310 2549,3310 2575,3309 2601,3309"/>
                <TextEquiv>
                    <Unicode>kommen müßten.</Unicode>
                </TextEquiv>
            </TextLine>
            <TextLine id="r3l40" custom="readingOrder {index:39;}">
                <Coords points="2345,3362 3267,3349 3265,3307 3197,3287 2343,3328"/>
                <Baseline points="2351,3358 2396,3359 2441,3359 2487,3358 2532,3357 2578,3356 2623,3354 2669,3352 2714,3350 2760,3348 2805,3346 2850,3344 2896,3342 2941,3340 2987,3339 3032,3337 3078,3336 3123,3335 3169,3335 3214,3335 3260,3336"/>
                <TextEquiv>
                    <Unicode>Von einem starken Erfolg des Stückes läßt sich nicht</Unicode>
                </TextEquiv>
            </TextLine>
            <TextLine id="r3l41" custom="readingOrder {index:40;}">
                <Coords points="2298,3426 3232,3390 3263,3382 3262,3339 2297,3378"/>
                <Baseline points="2305,3407 2352,3405 2400,3404 2447,3402 2495,3401 2542,3400 2590,3399 2637,3397 2685,3396 2732,3395 2780,3394 2828,3393 2875,3392 2923,3390 2970,3389 3018,3387 3065,3385 3113,3383 3160,3381 3208,3379 3256,3377"/>
                <TextEquiv>
                    <Unicode>sprechen; aber es war höchst verdienstlich, daß man es</Unicode>
                </TextEquiv>
            </TextLine>
            <TextLine id="r3l42" custom="readingOrder {index:41;}">
                <Coords points="2290,3446 3044,3450 3284,3418 3283,3390 3198,3380 2290,3418"/>
                <Baseline points="2297,3450 2346,3449 2395,3448 2444,3447 2493,3446 2542,3445 2591,3444 2640,3443 2689,3442 2738,3440 2787,3439 2836,3438 2885,3436 2934,3435 2983,3433 3032,3431 3081,3429 3130,3427 3179,3425 3228,3423 3277,3421"/>
                <TextEquiv>
                    <Unicode>uns vorgeführt hat. An den Werken Schnitzlers darf</Unicode>
                </TextEquiv>
            </TextLine>
            <TextLine id="r3l43" custom="readingOrder {index:42;}">
                <Coords points="2289,3504 3228,3486 3269,3431 2414,3451 2288,3481"/>
                <Baseline points="2295,3493 2343,3492 2391,3491 2440,3490 2488,3489 2537,3488 2585,3487 2633,3486 2682,3485 2730,3484 2779,3482 2827,3481 2875,3480 2924,3478 2972,3476 3021,3474 3069,3473 3117,3470 3166,3468 3214,3466 3263,3463"/>
                <TextEquiv>
                    <Unicode>eine Bühne mit literarischen Ambitionen nimmermehr</Unicode>
                </TextEquiv>
            </TextLine>
            <TextLine id="r3l44" custom="readingOrder {index:43;}">
                <Coords points="2292,3543 2372,3539 2441,3555 2474,3542 2490,3550 2502,3540 2514,3548 2571,3545 2573,3513 2519,3494 2457,3506 2445,3497 2383,3497 2291,3520"/>
                <Baseline points="2299,3539 2325,3538 2352,3538 2379,3537 2406,3536 2433,3536 2459,3535 2486,3535 2513,3534 2540,3534 2567,3534"/>
                <TextEquiv>
                    <Unicode>vorübergehen.</Unicode>
                </TextEquiv>
            </TextLine>
            <TextEquiv>
                <Unicode>Gärtlein bei Wegraths und das Zimmer im Wegrath¬
schen Hause (3. Akt) die beste Wirkung. Die schwarz¬
gerahmten Bilder auf der hell tapezierten Wand, dazu
die weißen Gardinen, und auf dem dunkeln Sofa vor
der Wand die schwarzgekleidete Johanna (Frl. Herterich):
das suggerierte mit dem scharfen Kontrast des Dunkeln
gegen das Helle schon dem Auge eine leise Trauer¬
melodie. Die Darstellung wurde nicht allen Fein¬
heiten gerecht. Den Sala nahm Herr Althauser
doch wohl nicht überlegen=fein genug; es klang
alles etwas gar zu alltäglich, zu unweltmännisch.
Den Juliau Fichtner zeichnete Hr. Duschak recht glück¬
lich, auch die Maske war klug gewählt. Frl. Herterich
brachte die verhalten glühende Leidenschaftlichkeit der
Johanna sehr schön zum Ausdruck; da und dort hätte
wohl die zehrende Sehnsucht in dieser Mädchenseele noch
wärmere, empfundenere Akzente ertragen. Hr. Achterberg
war ein frischer, gesunder Felix. Das Ehepaar Wegrath
war bei Hrn. Egbert Soltau und Frau Fogarafi wohl
aufgehoben; Hr. Soltau charakterisierte diesen herzguten
Professor im ganzen durchaus verständnisvoll. Recht ge¬
spannt durfte man auf Frl. Martha Flanz sein, die hier
zum erstenmale auftrat. Sie gab die Irene Herms, die
Bühnenkünstlerin, die in Julian Fichtners Liebesleben
einst eine Rolle gespielt hat, auch eine Einsamgewordene,
der ihr heißester Wunsch: ein Kind ihr eigen zu nennen,
versagt blieb. Die Wiedergabe dieser mehr episoden¬
haften Gestalt bewies sofort, daß wir eine verheißungs¬
volle Kraft gewonnen haben. Das Spiel war von einer
freien Natürlichkeit und eindringlichen Einfachheit, die
sehr wohltaten. Ihr Abgang im zweiten Akt, wie sie
Felix, in dem sie Julians Sohn entdeckt hat, und dann
Julian, dem einstigen Geliebten, Adien sagt, das war
nach Mimik wie nach Ausdrucksstärke vortrefflich. Der
Dr. Reumann, der Arzt im Wegrathschen Hause, ge¬
toann in der Darstellung des Hrn. Arthur Ehrens kein
rechtes Leben. Der Mediziner Schnitzler läßt diesen Arzt
tluge Dinge sagen, die auf der Bühne anders heraus¬
kommen müßten.
Von einem starken Erfolg des Stückes läßt sich nicht
sprechen; aber es war höchst verdienstlich, daß man es
uns vorgeführt hat. An den Werken Schnitzlers darf
eine Bühne mit literarischen Ambitionen nimmermehr
vorübergehen.</Unicode>
            </TextEquiv>
        </TextRegion>
        <TextRegion orientation="0.0" id="r4" custom="readingOrder {index:3;}">
            <Coords points="3246,1621 3246,1682 3285,1682 3285,1621"/>
            <TextLine id="r4l1" custom="readingOrder {index:0;}">
                <Coords points="3243,1657 3251,1656 3252,1658 3258,1659 3265,1650 3279,1644 3281,1641 3292,1642 3290,1615 3282,1616 3275,1625 3266,1617 3264,1620 3259,1616 3252,1624 3241,1626"/>
                <Baseline points="3249,1643 3285,1641"/>
                <TextEquiv>
                    <Unicode></Unicode>
                </TextEquiv>
            </TextLine>
            <TextLine id="r4l2" custom="readingOrder {index:1;}">
                <Coords points="3237,1661 3246,1661 3267,1677 3276,1673 3283,1673 3279,1646 3270,1647 3267,1650 3264,1648 3259,1655 3243,1644 3235,1646"/>
                <Baseline points="3246,1672 3276,1668"/>
                <TextEquiv>
                    <Unicode>*</Unicode>
                </TextEquiv>
            </TextLine>
            <TextEquiv>
                <Unicode>
*</Unicode>
            </TextEquiv>
        </TextRegion>
    </Page>
</PcGts>
