3484 4320
1128 316 1190 388 W
849 332 1020 386 ISaN
1457 323 1921 407 box 23/5
316 321 1323 417 18. Der
607 1245 717 1396 4
827 1330 1478 1435 Dr. Max Goldschmidt
830 1411 1474 1497 Büro für Zeitungsausschnitte
1205 1460 1643 1545 Teleion: Norden 3051
653 1499 957 1599 BBRLIN N4
985 1585 1337 1662 Ausschnitt aus:
809 1636 1549 1749 Neue Leipziger Zeitung
1194 1742 1585 1823 11. Apr. 1927
1084 1883 1691 1973 Der einsame Weg
908 1959 1859 2023 Gastspiel Bassermann im Schauspielhaus
973 2018 1849 2078 Arthur Schnitzler ist, seitdem sein „Reigen“
909 2048 1859 2107 manchen Direktor vor der Pleite gerettet hat, auf
916 2099 1865 2137 den deutschen Bühnen selten geworden. Er war
913 2139 1855 2187 immer ein Stiller in österreichischen Landen, und die
909 2176 1867 2225 Zeit ist laut und hat ihn ein wenig in den Winkel
905 2216 1857 2262 der Vergessenheit gedrängt. Es gibt Schriftsteller,
911 2259 1859 2302 die nicht mitmachen wollen, die nicht hinter den
903 2286 1859 2348 neuen Zeitläuften her sind und es vorziehen, auf
906 2331 1862 2377 eine leise und vornehme Art unmodern zu werden.
912 2370 1860 2414 Weltkrieg und Revolution sind an ihm abgeglitten,
916 2408 1861 2462 als wären sie nicht. Die sogenannten großen
914 2440 1865 2487 Probleme, sie existieren nicht für ihn. In Stich ge¬
908 2484 1859 2530 lassen von der „neuen Zeit“, blieb er wie auf einer
910 2531 1873 2573 Insel in seiner wienerischen Seelenlandschaft zurück.
922 2570 1859 2610 So steht er da, melancholisch=heiter, spielerisch=sinnend,
914 2598 1871 2644 ewig variierend das Thema vom Eros und vom
919 2641 1044 2692 Tode.
981 2659 1863 2733 Es ist die Problematik der müden, ausgelebten,
910 2717 1862 2758 leeren Herzen, eine Aesthetenproblematik von vor
916 2753 1868 2805 1911, die in diesem Schauspiel eine zarte Seelen¬
925 2790 1867 2838 kammermusik macht. Es ist das melancholische Thema
914 2838 1866 2877 von der Empfindungsarmut, die sich nach starkem,
926 2874 1878 2918 naivem Erlebenkönnen sehnt und diese Sehnsucht
920 2915 1873 2955 schon im Augenblick ihres Entstehens ironisch um¬
922 2943 1875 2998 spielt. Herr von Sela kennt seine Bestimmung,
931 2991 1868 3032 immer außerhalb des Gegenwärtigen, immer abseits
924 3024 1877 3072 des wirklich Lebendigen zu stehen. Gelebtes wird
925 3072 1880 3111 Spiel, Gespieltes wird Leben, Gegenwärtiges ver¬
919 3107 1873 3148 blaßt schon zum Vergangenen, Vergangenes wirkt
929 3139 1875 3185 wie Gegenwartiges. Eine solche allgemeine Zer¬
931 3185 1884 3236 setzung des Charakters bedingt ein chronisches Ein¬
932 3230 1886 3277 samkeitsgefühl, das überdies noch durch die akute
927 3259 1889 3303 Krise des Alterns und der Todesnähe verschärft
937 3293 1879 3344 wird. Dieser Herr von Sala wäre weiter nichts als
932 3330 1890 3378 eine schattenhaft blasse, kranke, also etwas peinliche
932 3370 1891 3418 Aesthetenfigur aus dem Hofmannsthal=, George= oder
937 3407 1885 3461 Rilke=Kreis, hätte er nicht im morbiden Blut einige
934 3448 1883 3505 Tropfen Kraft: Ironie und Haltung. Man könnte
926 3485 1893 3529 fast erschrecken bei Herrn von Salas männlichen
933 3525 1888 3576 Worten: „Ich will mich um das Bewußtsein meiner
1622 3559 1901 3619 Zwei Jahr¬
925 3564 1619 3616 letzten Tage nicht betrügen lassen.“
935 3600 1897 3652 zehnte später hat Rainer Maria Rilke den gleichen
938 3641 1896 3699 Wunsch, sein schweres Sterben bis zuletzt zu erleben,
942 3678 1899 3731 wahr gemacht. Das Wirklichwerden eines Dichter¬
932 3730 1875 3779 wortes ist immer ein Adelszeichen hohen Wertes.
1939 1871 2852 1918 Dassermanns Stephan von Sala ist eine
1876 1907 2835 1959 exqvisite Mischung aus Literat und Kavalier. Um
1887 1943 2835 1994 seine schmalen, abwärts geneigten Lippen ist alles
1884 1981 2833 2034 Wissen um alle Lust der Welt und der fade Geschmack
1878 2016 2827 2076 davon und sehr viel Skepsis und Müdigkeit und
1874 2061 2811 2110 Trauer. Dieser kranke Körper federt noch imme
1880 2101 2816 2163 sein dekadenter Geist bewahrt unbedingt Haltung
1872 2145 2852 2188 und ist keiner Untadeligkeit fähig. Er hat eine Axt
1881 2173 2848 2230 heroischer Melancholie, die weder weich noch pathe¬
1881 2224 2842 2264 tisch und immer graziös ist. Die Rauheit seiner
1887 2272 2838 2308 Stimme schützt die Gestalt vor weichlich=lyrischem
1876 2297 2842 2339 Zerfließen. War ihr fehlt, ist die leicht wienerische
1880 2345 2577 2397 Klangfarbe, der österreichische Tonfall.
1931 2386 2843 2452 Josef Krahé (Professor Wegrath) kam im Aus¬
1883 2428 2858 2473 druck der Untadeligkeit dem Gast am nächsten. Er ist
1892 2473 2854 2523 ein Herr von Sala ohne dessen geistige Kompliziert¬
1880 2511 2848 2565 heit, die seinen Scharw ausmacht. Ueberhaupt muten
1892 2552 2853 2596 die Gestalten dieses Stückes wie die Gliede einer
1885 2587 2839 2641 großen Familie an; sie sind alle untereinander ein
1885 2642 2841 2680 wenig verwandt, entstammen einer geistigen Inzucht.
1889 2666 2838 2719 Auch Julian Fichtner (Otto Stoeckel) ist eine Ab¬
1889 2713 2844 2755 wandlung des Herrn von Sala, ein bißchen nach der
1892 2746 2855 2794 bedenklich=zügellosen Seite hin. Ganz Haltung,
1893 2785 2852 2828 Bravheit, unkompliziert, aber gemütvoll war Hans
1893 2827 2842 2870 Böhms junger Leutnant. Else Bassermann
1897 2853 2863 2921 (Irene Herms) hatte die menschlichen, echten Töne
1891 2898 2853 2945 einer Resignation die sich in Heiterkeit gerettet hat.
1893 2947 2846 2991 Gertrude Langfelder zeigte ergreifend ein stilles
1903 2980 2846 3023 Sterben. Dem allen Aeußerlichkeiten abholden Stil
1892 3022 2849 3069 des Stückes war Sieglinde Weichert (Johanna)
1902 3058 2341 3109 nicht ganz gewachsen.
2351 3054 2857 3098 s ist allerdings nicht leicht,
1898 3091 2855 3134 dieses schwer verdrehte Mädchen von Unnatur zu be¬
2510 3119 2861 3196 Hans Natonek.
1908 3133 2071 3190 wahzen.
