3436 4320
1153 225 1221 306 N
1490 232 1965 336 box 23/2
335 223 1387 327 18. Der einsane deg
617 862 1926 938 Griechenlund konnte die Situation Englands auf der Insel nur ver¬
1924 863 3414 952 Wahler beim Betreten des Wahllokats dreißig und mehr „Vorder= hieraus
617 915 1919 971 schlimmern; keinesfalls sieht England davon eine Förderung seiner Schiff¬
1923 917 3222 995 männer“ vorfanden, wickelte sich das Wahlgeschäft recht langsam
3217 928 3420 987 Periode
617 959 1923 1023 fahrtsinteressen veraus. Man fürchtet sich hier nicht vor der angedrohten
1923 967 3225 1039 ab. Unter einer halben Stunde Warten mögen wenige davon¬
3224 971 3419 1037 schlechter
616 996 1925 1060 Vereinigung Kretas mit Griechenland, welche das kretische Parlament in
3220 1025 3412 1084 völkerung
1930 1018 3235 1080 gekommen sein. Daß dieses lange Warten von vielen Wählern
606 1046 1932 1102 einer Art von Staatsstreich nach dem Muster Ostrumeliens vornehmen
3226 1072 3428 1131 eine Ver
1935 1060 3226 1138 als eine wenig angenehme Folge des jetzigen Wahlmodus — nahe¬
604 1090 1926 1141 könnte. Das Vorgehen der Rumelioten kann von einer insularen Be¬
1916 1111 3228 1183 zu 800 Wähler wählen in einem Bezirk — empfunden wurde,
3219 1114 3431 1180 hierzu n
610 1135 1922 1197 völkerung nicht nachgeahmt werden, welche nach der Sachlage keine tat¬
1924 1149 3226 1225 war unverkennbar und wurde nicht bloß von Wählern der rechts¬
3225 1162 3431 1223 der nebe
613 1177 1932 1233 sächliche Vereinigung zu vollziehen vermag, wie es das dem bulgarischen
1922 1202 3220 1267 stehenden Parteien unverhohlen ausgesprochen. Von einem unserer
3217 1213 3423 1278 rechtliche
609 1209 1928 1271 Gebiete benachbarte Ostrumelien tun konnte. Der betreffende Beschluß
1927 1256 3226 1319 Gewährsmänner wird uns mitgeteilt, daß er am Vormittag drei¬
609 1258 1928 1321 des kretischen Parlaments wäre nichts anderes als eine platonische De¬
620 1305 1922 1358 monstration ohne praktische Bedeutung. Nur die Mächte können im Ein¬
1918 1296 3244 1387 viertel Stunden im Wahllokal sich aufgehalten hat, ohne seine
3224 1303 3430 1368 sich mith
609 1346 3424 1403 vernehmen mit der Türkei die Wünsche des Generalkommissars erfüllen. Stimme abgeben zu können, am Nachmittag, wo die Abfertigung: Abzug d
621 1443 1923 1503 Mutter Gewordenen ihn vor Jahren einsam wandeln wollte.
3211 1452 3427 1518 unvorteil
1928 1306 3227 1521 Siimme abgeben zu konnen, am Nachmittag, wo die Abfertigung
3218 1497 3423 1557 abgeforde
617 1497 1925 1564 Schnitzler gibt damit nur eine Variation des schon von Diderot
1917 1502 3219 1564 Bernaus Felix war mehr die große Mühe, die er seiner Aufgabe
387 1499 631 1611 JM
3217 1540 3406 1597 dem ein
618 1554 1923 1610 „wie dann wieder von Gutzkow, dem jüngeren Dumas und Augier
1935 1549 3226 1601 offenbar gewidmet hatte, als der Erfolg zu rühmen. So erwiesen
412 1569 630 1653 +
3226 1569 3421 1642 schabendes
617 1597 1929 1659 behandelten Themas vom „fils naturel“ im Verhältnis zu seinem
1921 1594 3219 1656 sich denn eigentlich nur Herr Botz und Frl. Mayer als zuver¬
3219 1626 3405 1684 Scherzo,
617 1635 1929 1701 pflichtvergessenen Vater. Einsam aber hat auch der gutmütige
1923 1645 3232 1714 lässige Stützen der Aufführung. Vielleicht dürfte der noch hoffende
3223 1666 3418 1726 Grade he
605 1685 1921 1739 Professor Wegrath sein Leben hingebracht, denn das Herz seiner
1923 1690 3231 1746 und ringende Julian in seinem Gegensatze zu dem ironischen und
3226 1711 3425 1781 liedartige
609 1726 1921 1793 Frau (Frau Gustine) gehörte bis zum Tode dem Jugendgeliebten.
1924 1739 3226 1802 blasierten Lebenskünstler Sala temperamentvoller erscheinen, aber
3212 1752 3411 1818 strömen
621 1769 1916 1840 So ging auch sie im Hause des Gatten ihren einsamen Weg, und
1918 1788 3227 1841 auf dem vorherrschenden Grundtone der Resignation führte Herr Botz
3218 1784 3421 1852 im Gemi
604 1819 1919 1892 weder bei Vater noch Mutter findet die Tochter dieser ungleichen
1926 1836 3228 1899 die Rolle folgerichtig durch. In der höchst dankbaren Aufgabe der
3222 1827 3410 1900 Repertoir
605 1872 1917 1925 Eltern, Johanna, Anschluß. Schnitzler hat dieser seiner jugend¬
3213 1880 3331 1945 findel
1918 1882 3223 1946 etwas an die Mizi Schlager der „Liebelei“ erinnernden Schau¬
599 1917 1922 1979 lichen Heldin den visionären Zug geliehen den schon seine „Frau
1927 1932 3222 1996 spielerin a. D. erfreute Frl. Mayer, der diesmal auch ihre heimat¬
598 1965 1928 2029 mit dem Dolche“ zeigte; Johanna ist fest davon überzeugt, daß
1921 1977 3223 2033 liche österreichische Mundart gute Dienste leistete, durch frischen
610 2014 1926 2083 ihre heutige Existenz nur die Wiederholung eines längst gelebten
1927 2026 3208 2095 Humor und die Natürlichkeit, mit welcher das naive Geplauder
608 2068 1920 2127 Lebens sei. Aber im übrigen hat er Johannas Charakter und
1925 2076 3210 2150 von Julians abgedankter Geliebten den düstern Grundton des
616 2112 1921 2171 Handeln höchst unklar, fast skizzenhaft behandelt. Dagegen spiegelt
1918 2113 2708 2188 Schnitzlerschen Thesenstückes durchbrach.
3015 2118 3184 2201 6ork
615 2162 1930 2221 sich auch in den Schicksalen der Nebenpersonen, des von Johanna
610 2215 1929 2274 zurückgewiesenen Doktors (Herr Johow) und der in ländliche
614 2250 1926 2334 Zurückgezogenheit sich flüchtenden Schauspielerin Irene, die Haupt¬
606 2295 867 2372 idee wider.
702 2345 1923 2414 Was Schnitzler in seinem Drama zur Darstellung bringen
2431 2330 2689 2428 Konzert.
608 2384 1924 2451 wollte, ist deutlich genug, und zum Überflusse läßt er es auch noch
1990 2409 3128 2483 Es ist noch nicht lange her, da zog Bronislaw Hubermann
608 2445 1920 2508 den um seine Tochter klagenden Wegrath aussprechen, wie schrecklich
1925 2451 3153 2553 geigender Wunde#abe durch die Konzertsäle der musikalischen Hau
615 2490 1913 2552 die Tatsache sei, daß selbst die einander Nächstverbundenen nicht
1928 2503 3143 2565 städte wie gegenwärtig Franz von Vecsey und Mischa Elman.
605 2539 1917 2594 miteinander, sondern unverstanden, also einsam, nebeneinander
1921 2554 3150 2613 Herbste 1893 begann er, aus der Schule Joachims kommend, als
611 2573 1920 2649 dahinlebten. Mit geistvollen Aphorismen ist der Dialog des Stückes
1921 2602 3181 2655 jähriger Knabe seine Konzertlaufbahn, erntete beispiellose Erfolge
616 2641 1914 2697 ausgestattet. Aber seine Ideen, seine These nun auch in lebendige
1916 2641 3194 2701 Europa und Amerika, gewann, was vom künstlerischen Standpunkte aus
608 2690 1916 2748 dramatische Handlung umzusetzen, das ist Schnitzler diesmal nicht
1918 2682 3220 2747 noch wertvoller ist, die bewundernde Anerkennung Joachims und Brahms',
3343 2703 3409 2754 keit
3219 2696 3321 2763 Fert
1920 2717 3221 2793 zog sich aber 1898 von der Offentlichkeit zurück, um seine musiktheoretischen
612 2729 1921 2806 geglückt. Es ist ein bedeutender Versuch, der trotz seiner Mängel
3214 2746 3413 2801 Ddur-Or
1914 2770 3215 2828 Kenntnisse zu vertiefen. Im Herbste 1902 trat er wieder vor das
614 2781 1923 2842 achtungsvolle Teilnahme verdient, aber ein dramatischer Treffer ist
3215 2786 3411 2845 leiter, ge
1913 2813 3211 2872 Publ kum, und nun als erwachsener Künstler lenkte er auch seine Schritte
605 2813 1924 2893 das Werk sicher nicht. Leider war nun auch die von Herrn Bonno
3221 2814 3418 2889 gewachsen
1922 2853 3227 2919 nach Breslau, wo er am 25. November im Saale der Börse mit den
3222 2871 3417 2933 rechtigter
608 2873 1923 2936 geleitete Aufführung in ihrem schleppenden Tempo und mit verfehlten
1926 2901 3214 2961 Violinkonzerten von Mendelssohn und Tschalkowsky und der Cioconna
3223 2915 3416 2975 zu sehr 5
607 2927 1922 2986 Besetzungen in einem Grade ungenügend, wie das glücklicherweise
1920 2928 3218 3011 von Bach seine außergewöhnliche Künstlerschaft nachwies. Der äußere
3214 2959 3413 3015 Anerkenn
608 2962 1924 3032 im Lobetheater bis jetzt nicht oft der Fall war. Der Dichter von
1915 2989 3220 3045 Erfolg blieb ihm merkwürdigerweise bei seinen hiesigen Konzerten an¬
3221 3006 3413 3064 schwierig
617 3011 1912 3074 Beatricens Schleier“ scheint im Lobetheater von besonderem
1921 3031 3219 3084 fänglich versagt, erst im vorigen Jahre konnte er bei uns vor aus¬
3225 3052 3410 3105 Huberma
614 3064 1912 3120 Mißgeschick verfolgt zu werden. Die an sich schon unklare
1917 3075 3222 3126 verkauftem Saale spielen. Daß sein erstes und, wie angezeigt wurde,
3215 3095 3410 3148 Program
616 3109 1921 3175 Rolle Johannas hatte wie das ganze Stück unter übel
1918 3124 3219 3177 einziges diesjähriges Konzert nicht dasselbe günstige Ergebnis zuwege
3215 3130 3404 3194 Backsisch
1913 3166 3229 3220 brachte, hat seinen Grund in der verhältnismäßig großen Anzahl von
606 3146 1922 3211 angebrachten Strichen zu leiden, und Frl. Santen wollte es nicht
3227 3171 3409 3241 trampelte
1921 3206 3223 3260 Geigerkonzerten, die uns vor dem seinigen beschert wurden. In der neuen
610 3208 1919 3279 gelingen, durch ihre Darstellung die Mängel zu verdecken. Die
3214 3220 3393 3276 haben.
1921 3243 3216 3309 Saison war der kleine Elman die „Sensation“, und eine solche lenkt natur¬
619 3257 1917 3316 Rollen des Ehepaares Wegrath wurden geradezu schlecht gespielt,
3216 3263 3404 3323 Schubert
1916 3293 3218 3355 gemäß das Interesse des Publikums von rivalisierenden Unternehmungen
3213 3301 3411 3367 Unersätt
617 3289 1912 3362 Herr Wendt gab den reichen Stefan von Sala steif und elegant,
1922 3321 3224 3388 ab. Das wird auch wieder einmal anders werden, und zu günstigerer
3228 3342 3414 3414 geber sich
614 3336 1919 3413 blieb aber im übrigen der vom Dichter sehr kompliziert geschaffenen
1913 3369 3229 3442 Zeit wird auch Hubermann wieder einen vollen Saal bei uns vorfinden.
3222 3380 3377 3453 fand.
616 3394 1928 3461 Gestalt so ziemlich alles schuldig. Die Gartenszene litt zudem
1918 3402 3219 3475 Sein diesmaliges Programm trug an der Spitze die selten gespielte
3219 3440 3401 3494 Form an
610 3436 1922 3509 unter der unnugenden Ausstattung. An die Realität des Teiches,
1915 3458 3224 3509 Dmoll-Klavier=Violin=Sonate von Schumann. Ihr seltenes Erklingen
3214 3484 3406 3557 abzugew
615 3498 1927 3554 in dem Ich Johanna ertränken soll, vermochte auch ein phantasie¬
1921 3504 3222 3571 hat seinen Grund nicht so sehr in ihrer großen Schwierigkeit als vielmehr
615 3542 1927 3610 begabter Zuschauer nicht zu glauben. Einen für die Rolle des zur
1917 3553 3222 3605 in ihrer Undankbarkeit für den Geiger. In ihrem von kraftvoller, un¬
613 3570 3261 3674 Wahl zwischen Pflegevater und natürlichem Vater aufgerufenen! stäter Leidenschaftlichkeit erfüllten ersten Satze bewegt sich die Geige sehr
