3436 4448
1078 253 1156 315 N
890 257 996 317 am
1417 235 1882 337 box 23/1
259 252 1268 363 18. Der
1500 1062 1977 1166 Der Roland von Berlin.
2360 1061 2460 1181 25
993 1208 2476 1289 Seinsganz wunderliches Dech des Herrn Kommerzienrat Diktor Hahn, daß
998 1253 2478 1336 er* dem Aufsichtsrat solcher, an unerfreulichen Ueberraschungen reichen
1180 1318 1512 1390 aften angehört.
1195 1354 2469 1439 r für solch kleinere Sensationen ist man gegenwärtig nicht so
1194 1408 2477 1499 sonst empfänglich; das ganze Interesse der Burgstraße wird
1002 1404 1116 1496 sel
1185 1471 2470 1536 sien beherrscht, und das Ausbleiben wichtiger Nachrichten vom
1184 1524 2473 1589 auplatze verstimmt deshalb die Börse. Die neue Woche begann
1009 1497 1128 1597 900
1001 1574 2486 1659 dah## weniger rosiger Stimmung, und die Zuversicht der letzten
1007 1649 2469 1720 Tage der Vorwoche schien gänzlich geschwunden. Ebenso schnell wie
1008 1705 2469 1758 im Kriege wechseln auch an der Börse Glück und Unglück, und was
2072 1746 2483 1827 in Berlin C. nicht
1017 1746 2064 1810 die nächste Zukunft bringen wird, ist gegenwärtig
1008 1808 1960 1888 minder schwer als in Ostasien vorauszusagen.
2151 1798 2383 1894 Quidam.
1059 2007 2080 2134 044 Berliner Teben.
1134 2095 2484 2192 „Der einsame Weg“ von Arthur Schnitzler. Der Titel deckt
1013 2173 2471 2244 nicht völlig, den, Inhalt des Stückes, das im Deutschen Theater nicht
1018 2226 2481 2316 gerade beifällig a##### mmen wurde. „Einsame Wege“ müßte das
1018 2276 2479 2359 Schauspiel heißen; ## von den acht Hersonen, die darin handelnd
1019 2334 2480 2396 auftreten, ziehen drei von ihrem einsan Lebensweg in das stille Tal
1020 2390 2481 2465 des Todes, und den fünf Ueberlebenden scheint nach dem Willen des
1031 2449 2483 2522 Dichters auch kein besseres Los beschieden zu sein. Mit Ueberlegung¬
1027 2496 2479 2576 und Absicht gebrauche ich die ehrende Bezeichnung „Dichter“. Mag das
1027 2560 2486 2623 Drama an sogenannten technischen Mlängeln leiden, mag es noch so
1618 2605 2482 2671 — es ist eine Gelegenheitsdichtung im
1032 2616 1621 2688 wenig bühnenwirksam sein
1031 2650 2493 2739 Goethe'schen Sinne, eine poetische Beichte inneren Kämpfens und
1031 2728 2354 2791 Ringens, und auch ihm „gab ein Gott, zu sagen, was er leidet“.
1154 2769 2463 2824 Die Gattin, die das Geheimnis ihrer Sünde ins Grab nimmt —
1036 2833 2493 2890 der rechte Dater ihres Sohnes, der gewissenlos und egoistisch durchs
1030 2873 2495 2942 Dasein gepilgert ist und sein eigen Fleisch und Blut für alle Ewigkeit
1039 2937 2488 3011 in dem Augenblick verliert, da er — zu spät — dem Sohne die wahre
1026 2983 2485 3070 Herkunft enthüllt — das hrsterische junge Mädchen, das die kräftige,
1042 3043 2488 3108 männliche Neigung eines bedeutenden Arztes und Menschen verschmäht,
1045 3091 2493 3163 um der Laune eines verlebten Crnikers ihre Jungfräulichkeit zu opfern, und
1042 3169 2495 3215 dann freiwillig in den Tod geht — sie alle wandeln einsame Wege, und
1047 3197 2481 3275 selbst der fröhliche Lebensmut einer ehemaligen Schauspielerin trübt sich,
1035 3280 2498 3324 wenn die unerfüllte Sehnsucht nach einem Kinde das alternde, liebeleere
1034 3306 2494 3384 Herz beschleicht. Rein warmer, heller Frühlingssonnenschein des Glücks,
1031 3361 2496 3430 der Freude, der Zufriedenheit fällt in die düstere Einöde, in die uns
1041 3414 2496 3494 Schnitzler führt; müde, traurige, verzweiflungsvolle Herbststimmung, die
1037 3497 2499 3541 ein Hauch von Derwesung durchweht; grau in grau zeichnet er die
1033 3527 2500 3590 Menschen und das Leben; kein Himmelsblau durchbricht den dichten,
1039 3596 2494 3661 grämlichen Wolkenflor. Schnitzler, der Verfasser des „Reigen“ und des
1051 3626 2510 3728 „Abschiedssouper“ entflieht aus dem Hörselberge. Angetan mit der
