3436 4384
916 158 983 214 MRARTE
2428 180 2620 239 Erkenntr
1887 185 2334 254 würdigen fortgeworsen
1896 228 2682 290 sie ihre Liebe schenkte, und Preiwillig #
1888 275 2708 356 scheidet. Auch Sala steht, von Johansas
1358 284 1831 389 box 23/5
2836 309 2958 381 n
1890 323 2779 386 vernichtet, am Schlusse auf den Trümhtern
206 304 1226 421 18. Der einsane Ren
1885 367 2895 436 Lebens, das er mit so kunstvoller Sorgfolt scheind
1905 419 2931 486 so stolz aufgebaut hatte. Und nur der alte Mecrech
1927 465 2042 529 leibt
2060 466 2958 531 icht gal Ansam, uns ihm bit ung anch
1862 500 2958 583 furchtbaren Schlägen ein Schimmer von Altersglück
1870 549 2049 650 übrig.
1974 573 2968 679 So stellt sich in großen Zügen die Handlung des
1890 649 2974 735 Schnitzlerschen Bühnenwerkes dar. Menschenschicksele
1867 689 2976 778 ballen sich zusammen und ziehen an unserem Auge
1879 749 2961 842 vorüber, vom Geiste eines Dichters gedeutet, aber
1883 795 2967 881 doch nicht des Restes an Rälselhaftem, Unerklärlichem
845 841 1305 911 Malland, Milmcapens,
1889 848 2968 903 lund Unerforschlichem entkleidet, der ihnen erst den
854 866 1806 967 Trancisco, Stockholm, „St,Betershurg  oloie.
1906 884 2967 961 Zauber des Menschlichen und Poetischen verleiht. Die
1080 929 1821 1008 (Quellenangabe alüie Gecäbe)# S###lGf
1918 943 2965 1016 verwortenen Pfade, die wir gehen, werden mil behntsamer
1915 979 2965 1055 und zarter Hand entwirrt, aber es wird nicht der
839 987 1798 1081 Ausschnitt aus: Cofrespondent, Brünn
1915 1037 2975 1099 truchtlose Versuch gemacht, auch das Unentpirrbare
1019 1072 1146 1147 18 94,
1927 1072 2979 1170 Mulösen. Ein Feuerwerk geistreicher, biesdeingenden
853 1093 1025 1167 vom:
1907 1134 2975 1197 Aebensweisheit prasselt aus den Szenen hervor und
1898 1176 2974 1252 beleuchtet mit flackerndem Scheine die Jäden, die sich
1893 1220 2972 1286 hin= und herziehen. Doch zu dem Punkte, wo diese
920 1193 1860 1347 Theated Kunst und Literatur.
1881 1278 2979 1341 0 Faden sich zu Schicksalsknoten verschlingen, bringt
1900 1326 2976 1384 das Licht nicht — soll es, darf es nicht dringen, wenn
1078 1323 1698 1424 „Deer einsame Weg.“
1897 1376 2976 1456 der Dichter es ernst meint und sich nicht mit billiger
845 1385 1908 1480 Schauspiel in Künf Akten von Artur Schnitzler.
1904 1424 2364 1506 Pointe zufrieden gibt.
967 1460 1843 1514 (Erstaufführung im Brünner Stadttheater)
1985 1452 2984 1536 Doch ein anderes ist Schnitzlers Werk als Dichtung,
842 1513 2981 1577 Gastspiel des k. u. k. Hofschauspielers Harry Walden. ein anderes als Theaterstück. Jenes, die Dichlung,
955 1550 2979 1622 Sehr ernste Gedanken sind es, die Artur Schnitzler;wird jeder lieben, und ihre Schwächen erscheinen nur
843 1577 2987 1668 in seinem Drama „Der einsame Weg“ offenbart. als die Kehrseite ihrer Schönheiten Das Theaierstück
862 1657 1933 1731 Es isi eine wehmütige Erkenntnis, die letzten Endes
857 1668 2984 1769 bei aller Welt= und Lebensbetrachtung in uns Wurzel aber wird von diesen Schwächen schwer betroffen und
868 1745 2991 1815 schlägt: wir sind allein und bleiben allein. Daslicht allerorten behauptet es sich darum auf der Bühne.
866 1750 3011 1864 Schicksal bringt uns mit anderen Menschen zusammen, Das Interesse des Zuschauers ist ganz verschieden von
1724 1803 2998 1896 Wdem des Lesers. Im Lichte der Ramne erkennt zunit¬
1820 1860 1949 1907 TR
863 1849 1682 1913 pee-greunven uun- nsberwaldtrn,
856 1844 2991 1938 — wir bleiben allein. Nicht in dem schlechten Sinne# d##s Terschwommene und technisch Unzulängliche gar
870 1889 2994 1979 des Wortes, gewiß nicht Wir leben mit vielenszu deutlich. Dem Publikum im Theater liegen jene
881 1936 3011 2067 Menschen zusammen, Jahre hindurch, wir wechselnseinen und zarten Beziehungen und Andeutungen nicht
886 1989 3004 2098 mit ihnen Hundertlausende von Sätzen, Millionenjnahe und vermag nur schwer zu dem Dichterwertei
1925 2051 2369 2125 Stellung zu nehmen.
884 2085 1942 2151 von Worten, und plötzlich, eines Tages, merken wir,
2007 2061 2995 2160 Nur eine ganz vorzügliche Darstellung vermag
872 2139 1951 2216 daß wir im Grunde gar nichts von ihnen gewußt
1932 2125 3014 2206 alle Schönheit der Szenen ins rechte Licht zu stellen
869 2184 1945 2261 haben, daß sie selbst nichts von uns wissen, daß jeder
876 2189 2993 2279 mit seinen Träumen, seinen verschwiegenen Wünschen und so den Erfolg des Ganzen zu sichern. Dies war
885 2218 3007 2323 und Leidenschaften, mit seinem Grauen vor sich selbsthier gestern dank der Mitwirkung des Herrn Harry
1939 2282 3003 2357 [Walden der Fall. Sein Stephan von Sala war
880 2316 1935 2391 und seiner Sehnsucht ein eigenes, abgeschlossenes Leben
1946 2323 3011 2404 eine Gestalt von weltmännischer Kultur und tief er¬
899 2369 1931 2433 führt. Und wehe denen zumal, die mit unzulänglicher
889 2368 3010 2467 Kraft dies eigene Leben allzu bewußt mistern wollen faßter Charakteristik, Herr Rubel als Fichtner hatte
902 2405 3023 2521 Sie werden am grausamsten in die Einsamkeit per, neben dem Gaste einen schweren Stand, aber er stattete
1937 2455 3025 2562 seine wenig dankbare Rolle mit der ganzen Kraft
904 2515 1099 2598 schlagen.
974 2497 3033 2628 Schnitzler hat in seinem Schauspiel eine Anzahls seines Temperamentes aus. Die schwierige Partie des
1945 2571 3053 2642 Leutnants Felix führte Herr Rehberger mit schöner
887 2615 1945 2691 von Menschen vereinigt, an denen sich jener Fluch,
1949 2614 3021 2701 Warme des verhaltenen Empfindens durch. Dem Pro¬
888 2670 1956 2726 der auf uns allen lastet, unerbittlich bewährt. Zwei
887 2666 3020 2764 Egoisten stehen im Mittelpunkt, zwei von den Toren fessor Wegrath gab Herr Recke den Ton sympathi¬
889 2700 3027 2837 die, wie wir es eben formulierten, ihr Dasein allzus'scher Schlichtheit, der ihm gebührt. Herr Strauß
889 2766 3051 2874 bewußt meistern wollten, zwei alternde Männer, die spielte den Arzi Neumann mit souveräner Über¬
886 2807 3022 2919 sich ihr Leben lang gescheut haben, ihre Existenz mitt legenheit. Von ungleicher Wirkung waren die mitspie¬
889 2858 3032 2983 einer andern anders zu verknüpfen als zu Genuß und lenden Damen. Die Babriele des Fräuleins Birn¬
886 2888 3035 3002 Rausch der Leidenschaft und die nun zehnsach morg.jbaum sprach zu leise und war meistenteils unver¬
1947 2943 3022 3024 ständlich, ebenso die Johanna des Fräuleins Graf.
899 3000 3016 3081 lisch bankerott dem Ende entgegentaumein. Es ist eintn übrigen lösten sie ihre beiresfenden Aufgaben
893 3029 3032 3113 Maler und ein geistreichen Kemann, der als ein Als eine episodisch auftretende sitliche Schauspielerin,
922 3083 1972 3169 seiner, aber schwacher Dichtet #lettierte: Julianz
901 3135 3035 3218 Jichtner und Stephan v. Sala. Sie haben — der die sich noch ganz die Anmut, Frische und Liebens¬
897 3134 3024 3264 eine in heißem Drang, alle schlummernden Kräfte zurwürdigkeit der Jugend bewahrt hat, war Frau Brandt
1966 3212 2213 3280 vortrefflich.
2042 3211 3036 3313 Die Szenierung der Novitäl war eine sorgfältige.
899 3251 1962 3319 reichen Entsaltung zu bringen, der andere in berech¬
2032 3285 3027 3357 Die allzulangen Zwischenaktspausen beeinträchtig¬
897 3278 1979 3353 nender, blasie###: Kühle — nie ein winzig Stückchen
908 3322 1975 3399 ihres Selbst #eopfert, haben Existenzen zertrümmert,
1959 3336 3036 3434 sien nicht wenig die Gesamtwirkung der Aufführung
909 3382 1950 3480 Hoffnungen getötet, Illusionen gemordet und haben —
2028 3380 3051 3454 Das Publikum, das alle Räume des Hauses füllte,
910 3426 1963 3512 genossen. Nun stehen sie frierend da in ihrer Ein¬
1963 3434 3055 3526 zeichnete die Hauptdarsteller, namentlich den Gast¬
1963 3478 2818 3565 kunsiler durch Beifall und Hervorrufe aus
930 3501 1108 3572 samkeit.
2588 3485 2958 3597 W S
1000 3510 1967 3618 In die Familie ihres Freundes, des wackeren
903 3565 1986 3671 und viederen Professors Wegrath, sind sie beide ein¬
923 3607 1997 3695 gebrochen. Fichtner, als er einst die Braut des Ver¬
925 3653 2010 3742 trauenden verführte und verließ, Sala, indem er jetzt
938 3710 2003 3802 seiner jugendlichen Tochter heißblütige Sinnlichkeit
943 3766 1990 3850 sich zu Nutze macht. Der schlanke Leutnant Felix
912 3816 1935 3904 Wegrath trägt seinen Namen zu Unrecht; er
937 3837 2012 3953 Zichiners Sohn, und der in der Verlassenheit Ertrin¬
925 3908 2007 3981 kende möchte sich die Liebe seines Kindes nach der
916 3963 2019 4034 Mutter Tode retten. Er sagt ihm alles; sagt ihm, wie
913 4001 2022 4091 ler dereinst, im lauen Sommer vor 23 Jahren, seine:
911 4047 2010 4161 Mutter geliebt und wie er sich von ihr brutal los¬
912 4102 1997 4180 Igerissen. Doch der Sohn, den ein tiefes Gefühl zu
906 4134 2033 4235 Tihm gezogen hatte, solange##r in ihm nur den Freund¬
