3532 4320
2454 526 2888 619 Volks-Zeitung
952 540 1471 630 Seite 8 — Folge 316
908 613 2931 685 E: Schuhkurse. An der Handfertigkeits= zwei Jahrzehnten geschaffen! Dieser Gedante#wird noch se
1774 679 2936 727 war sogar im Titel enthalten „Der einsame moderne Au
863 678 1755 728 schule, VI., Wallgasse 3 9, täglich 5 bis
1773 709 2927 777 Weg“: Johanna, die einzige Tochter des hinausgekom
863 718 1758 765 7 Uhr, Anmeldungen für diese Kurse. Kurs¬
1762 751 2911 811 braven Professors Wegrat, geht freiwillig in Ausdruck se
872 764 1767 818 dauer: 10 Donnerstage 5 bis 7 Uhr. Honorar
2654 796 2931 864 ebensolche A
1765 805 2657 853 den Tod, und der Vater, der sie aufgezogen,
873 804 1650 869 für die ganze Dauer des Kurses 15 S.
1775 847 2664 899 der sie herangewachsen gesehen hat — er ahnt
2663 848 2883 903 virtuosen,
952 843 1764 898 * Brand. Aus Berndorf wird uns berichtet:
880 890 1765 930 In einem Schupfen der Konsumanstalt der Berndorfer
1774 890 2656 938 nicht, warum sie es getan. Er weiß so eigent¬
2666 890 2928 945 wie der v
867 932 1761 972 Metallwarenfabrik brach vor einigen Tagen Feuer
1768 928 2929 983 lich nichts von ihr. Seine Gattin hat auch ein Aufmerksam
878 959 1765 1005 aus, das die rasch erschienene Stadtfeuerwehr bald
1770 985 2654 1027 Geheimnis mit ins Grab genommen, die „ehr¬
2666 975 2906 1028 Wührer
869 991 1764 1033 gelöscht hatte. Der Brand entstand dadurch, daß ein
1768 1023 2667 1070 würdige Lüge“, auf der diese ganze glückliche
2656 1006 2929 1076 Flügel ausg
871 1032 1760 1070 Unterstandsloser sich in dem Raum ein Nachtquartier
879 1065 1763 1103 suchte, wobei er unvorsichtig mit Zündhölzern han¬
1768 1061 2669 1111 Ehe aufgebaut war: daß der Sohn des Hauses
2660 1061 2929 1133 Orchester vo
877 1102 1764 1142 tierte. Er konnte sich nur mit Mühe ins Freie retten,
1776 1095 2648 1168 nicht vom gesetzlichen Vater stammt, sondern
2656 1100 2921 1172 leitet. Ein¬
867 1124 1761 1173 erlitt aber doch so bedeutende Brandwunden,
1772 1148 2442 1198 von dessen Freund und Kollegen.
2648 1149 2888 1204 allgemeine
862 1152 1762 1219 daß seine Ueberführung ins Spital notwendig wurde.
1839 1169 2648 1237 Bernard Shaw hat im „Arzt am Scheide¬
2668 1182 2921 1251 Korngol
984 1207 1771 1252 * Verkehrsunfälle. Gestern wurde der 77jährige
1778 1233 2887 1288 weg“ scherzhaft gemeint, medizinische Wahr= Suite zu
865 1223 1762 1281 Konstrulieur Ernst Schlemlch, VI., Handngasse 3,
873 1260 1767 1319 in der Schönbrunnerstraße von einem Lastenauto
1775 1272 2924 1331 heiten leben nicht länger als zwanzig Jahre. Dirigentenp
863 1308 1760 1349 niedergestonen und erlitt mehrfache Rißquetschwunden
1774 1311 2920 1371 Dann werden sie alt und sterben. Dichterische Nummer st
909 1342 1764 1379 — Am Heumarkt wurde gestern die 73jährige Pfründnerin
1774 1360 2903 1405 Wahrheiten aber leben weiter und bleiben Hornpipe
876 1375 1766 1415 Katharine Heim, IV., Wiedner Hguvistraße 37, beim
880 1401 1762 1446 Ueberqueren der Fahrbahn von dem Auto A VII 956,
1778 1397 2927 1454 jung. Siehe Schnitzler und Sarment. Des Trotz vorg¬
868 1438 1763 1482 das ein gewisser Franz Pichler, V., Stolberggasse 44,
1777 1447 2654 1492 Wiener Dichters Gedanke von der Einsamkeit
2661 1438 2936 1503 noch die leb
880 1465 1767 1515 lentte, erfaßt und niedergestoßen. Ei wurde mit mehr:
1767 1484 2664 1535 des Menschen ist uns in dem Stück des
2665 1484 2930 1541 Weibern v
883 1495 1728 1544 fachen Verletzungen in das Rudolsspital gebracht.
1777 1520 2656 1580 Parisers zwanzig Jahre später noch neu vor¬
2663 1521 2921 1591 stürmender
1089 1538 1774 1595 weß das Autotaxi AVI 919, das der
877 1535 1098 1586 Am 15. d
876 1564 1766 1620 Chausseur Anton Berg, XV., Mär straße 13, lenkte,
1772 1569 2659 1640 gekommen. Aber er hatte nur ein modernes
2652 1573 2907 1628 Die ganze,
874 1603 1771 1642 in der Landstraßer Hauotstraße bei der Kreutung mit
1776 1612 2121 1677 Kostüm angelegt.
2660 1609 2922 1689 als „Repul
869 1630 1764 1672 der Apostelgasse mit dem aus dieser Gasse kommenden
1847 1635 2668 1717 Doch das Hauptmotiv des Schnitzlerschen
873 1668 1778 1708 Sannatsauto All 62, das von dem Chaufseur Karl
871 1689 1770 1754 Kronlisch gelentt wurde, zusammen Insolge des
1774 1683 2666 1758 Dramas ist nicht die seelische Einsamkeit in
869 1731 1772 1791 Anoralles gingen mehrere Fensterscheiben in Trümmer.
1768 1740 2663 1790 die wir schuldlos geraten, weil sie unserer
2670 1741 2919 1812 morgen D
868 1774 1305 1825 Verletzt wurde niemand.
1778 1781 2655 1835 Unvollkommenheit entspringt. Das Haupt¬
2664 1789 2929 1860 [Schatte
969 1789 1770 1849 * Baugebrechen. In dem Hause XVII., Odoaler¬
1782 1825 2656 1885 motiv ist das Verlassensein als Strafe. Einsam
2672 1837 2875 1893 erstenmal
879 1849 1771 1892 gasse 7 mußte gestern mittag die Feuerwehr ausrücken
1785 1869 2662 1916 schreitet der Mensch zum Grabe, wenn er
878 1880 1767 1921 und eine Pölzung der Decke des Stiegenhauses, die
2663 1869 2928 1939 Färbers Fr.
877 1905 1769 1957 durchsautt war, vornehmen. Das Stadtbacamt wurde
1777 1905 2666 1964 Egoist war. Die beiden Helden des Stückes,
2673 1925 2858 1984 Oeftvig,
873 1948 1091 2006 verständigt.
1780 1954 2664 2000 der Lebekünstler Herr von Sala, der nur ge¬
2674 1967 2937 2021 Musikalische
1001 1978 1768 2035 Benzinexplosion in einer Trogerie.
1779 1994 2664 2038 liebt werden wollte und nie geliebt hat, und
2676 2011 2880 2083 ½7 Uhr.
876 2031 1775 2092 Aus Graz, 16. d., wird gemeloet: In dem
1773 2036 2670 2085 der Künstler Julian Fichtner, der sich um
2801 2048 2922 2117 Im
877 2067 1777 2122 Drogengeschäft des Romeo Sukalja er¬
1775 2079 2662 2140 seinen natürlichen Sohn nie gekümmert hat
2673 2084 2915 2168 Mittwoch &
882 2115 1776 2167 folgte heute nachmittag eine Benzinexplosion,
1776 2123 2665 2178 und nun plötzlich von dem erwachsenen
2669 2145 2917 2218 zur Auffüh
883 2158 1778 2213 wodurch der Firmeninhaber lebensgefährliche
1774 2163 2671 2223 jungen Mann Liebe fordern will, weil er sie
2747 2188 2913 2237 Es wire
884 2204 1771 2254 und dessen Bruder Anton schwere Brand¬
1789 2206 2131 2266 im Alter braucht
2169 2208 2664 2264 es geschieht ihnen beiden
2675 2211 2900 2270 die Herren
875 2244 1775 2299 wunden erlitten, Beide Brüder eilten nach der
1786 2249 2670 2319 recht, daß sie allein bleiben. Sie haben's nicht
2670 2255 2901 2305 Höbling, Em;
2674 2290 2905 2347 Karl Zesla #
869 2283 1779 2338 Explosion mit brennenden Kleidern
1773 2293 2092 2352 besser verdient.
2823 2328 2895 2390 9
870 2321 1782 2376 auf die Straße,. wo ihnen Passanten
1848 2318 2667 2386 Der Herr von Sala war vielleicht der erste
875 2371 1776 2413 Hilfe leisteten. Das Warenlager und
2677 2360 2907 2434 morgen das
1790 2373 2664 2428 bedeutende Eindruck, den die Wiener von
879 2412 1771 2481 die Geschäftseinrichtung sind zum größtenteil
2670 2414 2905 2480 [Leiter“
1771 2409 2672 2469 Albert Bassermann empfangen haben.
879 2460 1126 2517 verbrannt.
2675 2460 2913 2526 Gavault a
1776 2463 2663 2516 Er kam damals mit der Truppe Brahms aus
1009 2486 1776 2551 Einbrüche. In der Nacht zum 15. d. wurde
1780 2503 2671 2560 Berlin hieher und bezwang uns schon durch
879 2529 1779 2586 im Postamt Aspangbahnhof ein Einbruch
1789 2545 2660 2612 die Kunst seiner Sprache und die Anmut
2675 2532 2905 2609 Bünde
891 2574 1772 2625 verübt, bei dem die Täter etwa 100 rekommandierte
1789 2576 2670 2649 seiner Geste. Sein Wort war voll Kraft, ob¬
2681 2588 2909 2651 wird, weri
877 2611 1781 2663 Briefe geöffnet, den Inhalt untersucht und, so weit
1779 2627 2903 2692 gleich es, wie von einer leichten Feder ge= Gruppen 1
878 2636 1775 2690 er zu verwerten war mitgenommen haben. Aus einem
883 2681 1775 2733 Briefe entwendeten sie eine Note zu 20 Dollar, einem
1780 2673 2909 2726 trieben, emporschnellte. Diese Sprache war Anzahl en
883 2715 1779 2753 anderen Briefe entnahmen sie einen Scheck der Filiale
1791 2708 2676 2791 norddeutsch, obgleich ein österreichischer Offizier
2664 2720 2922 2787 für die b
878 2743 1770 2792 Innsbruck der Zentralbank der Deutschen Sparkassen
1790 2761 2901 2813 sie sprechen sollte. Aber das vergaß man voll= und III u
893 2780 1775 2831 an die Firma Szalay, III., Mohsgasse 30, auf 780 S.
1781 2814 2905 2874 ständig! Und so wie vor zwanzig Jahren Sitze wird
964 2817 1776 2860 Gestern nacht haben unbekannte Täter in dem
885 2838 1779 2884 Heurigenschank der Mizzi Siegl in der Sandgasse 8
1788 2847 2910 2909 ergeht es uns auch jetzt. Man gibt sich dieseml erfolgen, ##
886 2880 1780 2938 einen Einbruch verübt, bei dem sie Tischtücher, zwei
1775 2891 2672 2954 Schnitzlerschen Helden gefangen, obwohl er so
877 2914 1718 2964 Violinen, Ziehharmonika und Gitarre erbeuteten.
1789 2935 2399 3002 wenig von dessen Schöpfer hat.
2814 2941 2907 3016 9
1007 2945 1781 2998 * Tot aufgefunden. Im Hause II., Tabor¬
1860 2962 2675 3035 Die übrige Darstellung war nicht gerade
889 2986 1791 3041 straße 73, wurde gestern der 29jährige Hutmacher¬
2680 2980 2901 3056 Dienstag
1783 3021 2675 3076 ein bedeutendes Ereignis. Der einheitliche
889 3024 1771 3072 gehilfe Wolf Rosenblatt bewußtlos aufgefunden.
2685 3031 2890 3088 Escamillo
898 3060 1773 3103 Die Rettungsgesellschaft konnte nur mehr den Eintritt
1793 3063 2679 3113 Stil fehlte ihr völlig. Herrn Feldhammer
2683 3076 2896 3131 singt Fre
893 3095 1778 3137 des Todes feststellen. Rosenblatt, der an epileptischen
1786 3108 2668 3174 den Fichtner zu geben, war nicht klug. Warum
2677 3112 2910 3179 Rittershei
901 3128 1778 3182 Anfällen litt, dürfte während eines solchen Anfalles
1785 3145 2682 3205 muß dieser junge Schauspieler jetzt immer
896 3158 1368 3213 den Tod gefunden -haben.
1787 3194 2674 3244 alte Herren geben? Dazu ist sein Temperament
979 3192 1776 3252 * Großer Erfolg. Dem kleinen Michael
2679 3190 2901 3269 gelangt &
1794 3238 2676 3296 noch zu ungezügelt. Außerdem ist über das
893 3249 1780 3299 hat die Gonvernante mit Hilfe einer Apfelsine
2685 3244 2913 3319 inszeniert,
1789 3274 2671 3332 ganze Stück ein Flor gebreitet. Dem Dialog
897 3277 1786 3347 die Bewegung der Erde um die Sonne klar¬
2690 3300 2887 3354 Mephisto
1790 3315 2670 3373 sind Sordinen aufgesetzt. Das vergaßen aber
898 3336 1787 3394 zumachen versucht. Michael hat entzückt zu¬
2682 3316 2905 3405 zur Auffi¬
1795 3363 2679 3410 die meisten Darsteller. Charakteristisch war
896 3369 1788 3437 geschaut, endlich sagt er: „Und nun machen
2757 3385 2893 3438 Gretch¬
1785 3399 2682 3455 die Frau Wegrat der Frau Loos. Auf den
2688 3404 2884 3466 Fasser; B#
889 3408 1503 3486 Sie 's mal mit ’ner Banane.“
1778 3446 2670 3499 rechten Ton gestimmt der Wegrat des Herrn
2691 3453 2887 3502 Skraup; S
2685 3480 2895 3535 berg; sein
1788 3490 2670 3544 Forest. Nur die Maske war unmöglich.
986 3468 1793 3535 * Namenstage am 17. November. Gregor Th,
2680 3515 2875 3568 Kutschera,
1368 3533 1791 3570 Sonnenaufgang:
2532 3526 2675 3575 Viktor
2366 3527 2487 3582 Arzt
894 3508 1334 3591 Hugo. Gertrud. Hilda.
1797 3533 2341 3588 Eine Erquickung der
2685 3552 2887 3597 Felix Kroi
927 3566 1786 3608 7 Uhr 10 Minuten. — Sonnenuntergang:
2226 3558 2681 3635 voll österreichischem
1797 3563 2130 3625 Kutscheras
2677 3585 2892 3640 Guttmann
887 3597 1782 3636 16 Uhr, 20 Minuten. — Mondaufgang: 8 Uhr
1789 3608 2316 3676 wienerischen Pessimismus.
898 3625 1795 3673 8 Minuten. — Monduntergang: 17 Uhr 32 Mi¬
905 3662 1036 3723 nuten.
1863 3637 2689 3716 Daß wir nicht vergessen: Voll Klugheit
2688 3648 2893 3722 stadt?
1787 3681 2907 3769 und Geist die Johanna des Fräulein stahls“ a
1779 3741 2680 3793 [Lvovsky. Diese Johanna ist die schwer¬
2675 3746 2899 3813 tag und.
907 3713 1766 3841 Theater und Kunst.
1774 3769 2683 3848 mütige Schwester Ernas, die Fräulein Lvovsky
2676 3799 2892 3859 gelangt d
1782 3821 2684 3878 noch besser spielt. Sehr angenehm der
2681 3833 2903 3912 stören“ b.
1775 3869 2682 3939 Leutnant Felix des Herrn Schott. Er
946 3854 1738 3959 Dr. Prügers Spar¬
1798 3904 2682 3958 bewährte den Ausspruch des Herrn von Sala
2682 3912 2894 3993 [Lüder
1801 3958 2687 4008 von dem neuen besseren Geschlecht, das jetzt
1107 3940 1579 4031 programm.
2682 3973 2898 4032 Mülle
1788 3996 2679 4052 heranwächst: „Weniger Geist und mehr
1001 3997 1708 4084 Vom Ministerrat gutgeheißen.
2674 4021 2902 4091 [Theat
1799 4039 1999 4104 Haltung.“
2502 4033 2652 4103 J. St.
977 4061 1793 4118 Die „Politische Korrespondenz“ schreibt:
1855 4089 2676 4167 Abschied der Exlbühne vom Komödienhaus.
2693 4099 2879 4171 theat
882 4120 1796 4169 Die finanzielle Lage der Bundestheater
2607 4156 2656 4195 De
2724 4159 2872 4207 en
