3436 4320
1383 207 1851 301 box 23/3
247 212 1240 307 18. Der einsane Neg
875 3705 1688 3881 Theater und Musik.
1084 3866 1872 3935 gtheater: Neueinstudierung von
702 3881 1501 3956 Schnitzlers „Einsamem Weg“.
780 3933 1886 4020 Nrauslassen, was nicht reif probiert ist; aber
1374 3994 1465 4081 aun
1949 201 3061 281 auch nichts preisgeben, was einmal leidlich gelebt hat“ —
3120 205 3317 295 die herrli
1951 276 3096 322 dieser dramaturgische Grundsatz Laubes ist auch der Brahms.
3115 277 3316 334 Irene He
1936 321 3096 377 Wie man sich denn immer mehr der inneren Aehnlichkeiten
3123 318 3301 379 schwüle,
3115 361 3302 418 wie reife
1946 360 3097 410 bewußt wird, die den gegenwärtigen Leiter des Lessing¬
1932 403 3089 446 theaters mit jenem nüchternen und engsinnigen, aber charak¬
1937 450 3090 495 tervollen und männlich bewußten Korporal der deutschen
3114 448 3315 507 Stelle Rittl
1950 487 3091 547 Schauspielkunst verbinden. Für das Neuland der Seele, das
3112 489 3319 556 ner spieltch
1950 529 3093 590 sich vor ihnen aus den Fluten der Zeit hoh, war der eine
3109 539 3323 608 der imme
1939 577 3092 624 so verblendet wie der andere; für das romantische und
3124 583 3302 638 sich nun
1937 625 3088 676 musikalische Elemenk, nach dem es die Sehnsucht einer wer¬
3124 621 3317 686 sucht, um
1938 666 3092 710 denden Generation verlangte, hatten sie weder Organ noch
3118 671 3328 722 an Stelle
1939 707 3100 761 Verständnis — was aber innerhalb ihres engen Gesichts¬
3107 708 3308 771 vielleicht
1936 754 3096 796 kreises blühte und was sie einmal mit ihrer tätigen Liebe
3112 745 3301 820 für aber
1939 801 3106 856 und Teilnahme ergriffen hatten, dem hielten sie auch die
3112 786 3323 862 allzu wei
1939 837 3099 893 Treue, das ließen sie so leicht nicht wieder fahren. Immer
3119 842 3322 906 Emanu
1941 891 3099 949 enger und dichter wird der Zaun, den Brahm um seinen
3100 885 3316 951 verdanken
1934 925 3100 980 Acker zieht, aber innerhalb dieses Geheges läßt er Hacke und
3109 930 3309 984 moderner
1931 964 3099 1026 Spaten nicht ruhen, sucht er den stets von neuem um¬
3117 972 3317 1031 hartes W
1937 1007 3099 1067 brochenen Schollen stets neuen praktischen und künstlerischen
3113 1012 3318 1083 nun nich
1941 1065 3094 1120 Gewinn abzuzwingen. So hat er neuerdings den „Florian
3112 1053 3317 1128 wehleidig
1939 1101 3100 1149 Geyer“, das „Hannele“ und den „Biberpelz“, so hat er den
3116 1099 3318 1162 erträglich
1929 1154 3091 1201 „Volksfeind“, die „Wildente“ und „Rosmersholm“ von frischem
3115 1143 3320 1208 lungsfähig
1928 1192 3090 1244 zu erobern gesucht; so bemüht er sich jetzt auch um Schnitzler
3114 1191 3310 1248 ein Mem
1923 1232 3095 1290 — trotz der schmerzlichen Enttäuschungen, die dieser in letzter
3114 1230 3300 1291 weichen,
1934 1280 2991 1347 Zeit ihm und seiner Kasse augenscheinlich bereitet hat.
3117 1278 3301 1344 verführer
3118 1319 3306 1382 wenigen
1997 1322 3092 1386 Was die Brahmsche Regie in den zwei Jahren, seit
3110 1364 3307 1425 daß eine
1930 1372 3081 1428 wir den „Einsamen Weg“ kennen, hinzugelernt hat, ist blitz¬
3110 1406 3311 1465 ein Kind
1930 1415 3092 1464 wenig — wenigstens an dem gemessen, was anderswo für
3104 1451 3311 1509 bevorstehe
1930 1460 3091 1502 die stimmungsvolle Herausarbeitung der inneren Melodie
3117 1496 3310 1553 verdreifach
1927 1505 3084 1550 einer Bühnendichtung geschieht. Dabei haben wir es bei
3111 1542 3312 1596 seine Stel
1922 1548 3099 1614 dieser Erinnerung und Gegenwart, Gegenwart und Ahnung
3121 1585 3309 1642 Fall vor
1930 1595 3084 1639 symphonisch verwebenden Lebens= und Todeselegie mit einem
3116 1625 3307 1687 Zucht hal
1933 1638 3089 1698 Werke zu tun, das ganz auf Lyrik und Symbolik gestellt
3110 1668 3313 1729 über eine
1935 1677 3090 1734 ist, das nur den geringeren Teil seiner schmerzlich=süßen
3106 1714 3275 1777 adjunkt
1919 1721 3090 1774 Reize enthüllt, wenn den Stimmen der äußeren, sichtbaren
3108 1761 3275 1819 Lebens“
1929 1769 3093 1823 Handlung nicht die inneren Stimmen der Natur und der
3117 1805 3312 1861 auch bein
1926 1805 3085 1873 Umgebung verständnis= und bedeutungsvoll entgegenkommen.
3100 1843 3300 1912 nichts, an
1931 1857 3083 1913 Ich zweifle keinen Augenblick daran, daß man das im
3108 1895 3251 1951 starke,
1925 1891 3095 1941 Lessingtheater so gut weiß und fühlt, wie ich; ja hier und
3108 1936 3295 1990 licherweis
1924 1939 3081 2002 da, namentlich in den Gartenszenen bei Wegraths und in
3113 1979 3313 2038 auszufülle
1926 1980 3089 2034 der Parkszene bei Herrn von Sala sind sogar schüchterne An¬
1919 2025 3219 2072 sätze zu bemerken, dieser heimlichen symbolischen Wechsel= nach
3110 2066 3306 2133 Ohne Rit
1925 2075 3091 2136 wirkung zwischen Natur und Menschen, zwischen äußerem
3177 2111 3303 2178 wirh
1915 2114 3089 2172 und innerem Geschehen zur lebendigen Anschauung zu ver¬
1921 2158 3093 2229 helfen. Aber nicht minder deutlich zeigt sich doch auch, wie
1917 2206 3099 2255 schwer die nüchterne Tradition der naturalistischen Ver¬
1929 2245 3096 2308 mand über seinen eigenen Schatten springen kann. Im¬
1926 2292 3101 2365 gangenheit auf der Brahmschen Regie lastet und daß nie¬
1922 2335 3096 2395 zweiten Akt soll ein „recht vornehmes“ Zimmer gezeigt wer¬
1917 2380 3089 2430 den, die Behausung eines Künstlers, der auf den Höhen
1921 2419 3082 2472 des Lebens und des Genusses geschritten ist, dessen wiene¬
1911 2466 3076 2532 rische Aesthetenseele sicher nichts Geschmackloses in ihrer Nähe
1917 2500 3098 2577 duldet. Offenbar hat sich der Dekorateur bemüht, dem „Rech¬
1912 2558 3090 2612 nung zu tragen“. Aber was ist dabei herausgekommen? Ein
1922 2604 3090 2665 Diplomatenschreibtisch von anno 1890, ein paar geschnitzte
1920 2648 2950 2696 Bücherschränke, ein par rote Klubsessel und
2999 2655 3079 2712 im
1917 2679 3068 2736 Hintergrunde ein Erker mit einem Bogen in buntem moder¬
1912 2737 3064 2793 nem Schnitzwerk und einer Ballustrade von blankpolierten
1909 2780 3064 2836 gedrechselten Nußbaumsäulchen! Schauderhaft und unerträg¬
1912 2821 3076 2883 lich für diesen Schönheitsegoisten! Dies nur ein Beispiel
1915 2857 3073 2930 für viele, die alle gleich sehr die Unfähigkeit dieser Regie
1903 2912 3070 2979 beweisen, den Duft und Flaum einer Szene zu erfühlen
1907 2946 3066 3013 und auch dem Zuschauer fühlbar zu machen. Von dem
1917 2987 2841 3058 inneren Rhythmus der Aufführung will ich
2890 3000 3073 3056 rnicht
1915 3039 3072 3112 sprechen; derlei unwägbare Feinheiten waren der Brahm¬
1909 3077 2557 3147 Bühne immer böhmische Dörfer.
1985 3138 3077 3213 Anders klingt das Lied, sobald man auf die einzelnen
1901 3186 3073 3256 schauspielerischen Leistungen kommt. Wer einen Rittner,
1905 3217 3070 3289 einen Bassermann einen Sauer, eine Triesch und eine
1915 3267 3069 3331 Lehmann ins Feld führen kann, der ist noch immer reich.
1906 3307 3068 3380 Und wenn die Männer so ernst und ehrlich an sich arbeiten
1907 3350 3061 3399 wie der Darsteller des Stephan von Sala (Basser¬
1911 3397 3067 3455 mann) und der des alten Wegrath (Sauer), so kann
1901 3447 3071 3506 das Wunder geschehen, daß ihre Leistungen jetzt noch reicher,
1907 3492 3058 3562 feiner und vornehmer erscheinen als vor zwei Jahren, wo
1907 3529 3064 3590 sie doch schon Bewunderung genug erregten. Insbesondere
1907 3570 3069 3627 Bassermann hat jetzt noch eine ganze Anzahl neuer, leiserer
1901 3623 3063 3685 und differenzierterer Ausdrucksformen für die vorschwebenden
1897 3660 3061 3710 geistigen Regungen und Schwingungen gefunden, aus denen
1896 3701 3057 3767 sich dieser wurzellose und unfruchtbare, von den Sensa¬
1907 3746 3060 3801 tionen des Lebens ermüdete Schöngeist zusammensetzt. Was
1909 3790 3063 3838 er durch immer erneutes, immer verstärktes Ringen einem
1900 3830 3067 3885 widerwilligen Organ und einem ungelenken Temperament
1900 3879 3073 3947 ablisten muß — vielleicht erscheint er uns dadurch gerade
1899 3932 3074 4004 als ein immer Junger, immer Werdender — das pflückt
2095 3972 2287 4058 Anaeen
