3436 4256
118 135 262 194 dern
130 178 295 255 s i
130 231 263 295 und
130 282 356 380 len bei #
164 358 376 441 Sie hal.
142 419 378 499 n, bürstete
145 477 382 543 zu finden
143 658 354 837 rat
144 812 365 896 en Namen
159 868 373 928 mitteilte.
174 917 385 992 sagte sie
143 1006 287 1077 ernst.
136 1044 375 1127 kung nicht,
133 1116 383 1179 nem Vor¬
146 1154 395 1224 duftenden
144 1210 369 1269 tdem an¬
143 1253 340 1323 Hausjacket
136 1296 319 1368 Feundlich
148 1356 306 1414 t streng
163 1399 287 1464 sofort
151 1445 305 1511 nen, we
158 1497 281 1570 te verd
164 1571 249 1659 ester
267 4017 356 4126 7
637 75 793 154 S
1696 76 2871 171 eeee, A
523 129 1691 188 Brahms — einst hieß es Deutsches, jetzt heißt es Lessing¬
2861 125 3313 216 wenig wie dem sch
1689 133 2874 201 liebe; eine grausige Probe und ein ungeheurer Bühnen¬
513 181 1695 233 theater — zu einem längeren Gastspiele im Theater an der
1693 190 1954 272 effekt
2856 189 3309 263 mann Fichtner. Trotz
524 225 1703 288 Wien eingezogen. Es war auch gar nicht anders möglich:
1777 220 3317 297 Von der heimlichen Sehnsucht, die Kerr einmal als stürmischen Demonst#
510 277 1696 346 nach der überschwenglichen Begeisterung, die voriges Jahr
1697 280 3310 357 den Grundzug aller Dramen seines Lieblingspoeten be=s Werke und seinen T
517 330 1696 401 dem kleinen und neuen Theater aus Berlin und die vor
2864 347 3313 400 Man hatte den Eindr
1703 348 2871 404 zeichnet hat, ist in „Elga“ nichts zu verspüren. Es ist eine
511 372 1696 442 wenigen Wochen den Moskauer Schauspielern entgegen¬
2873 395 3312 472 Entladung eine lan
1700 393 2875 460 recht gute Dramatisierung, die sich von ähnlichen Arbeiten
519 417 1701 490 gebracht worden war, konnte man nicht gleich wieder die
2865 432 3293 501 kundgeben und den
1694 442 2872 508 kanderer Nutzdramatiker nur durch eine edlere Sprache,
513 476 1698 542 Fackeln des Enthusiasmus anzünden und in die Fanfaren
2861 486 3296 549 der „Einsame Weg“,
1700 493 2878 541 durch gelegentlich aufleuchtende schönere Bilder und durch
521 527 1692 583 des lautesten Lobes stoßen. Ein Augenblick der Erschöpfung
2858 529 3317 613 „Der Ruf des Leben
1696 542 2868 599 Ansätze zu psychologischer Vertiefung unterscheidet. Der
508 581 1693 632 und Abspannung mußte naturnotwendig dem übertriebenen
2867 586 3047 655 waren.
1693 589 2861 642 Schluß bei Grillpaczer (Oginski entspringt, Starschenski
510 624 1699 688 Jubel folgen, eine Ruhepause unvermeidlich eintreten. Be¬
1703 638 2881 701 töket Elgan) scheint mir abschließender und stilgemäßer
2938 609 3325 700 Den stärksten, sc
520 668 1695 732 dauerlich wäre es gewesen, wenn das Lessingtheater unter
1698 686 2866 749 als Hauptmanns Lösung, in der Elga mit einem: „Ich
2873 684 3350 762 und zur Verdrängung
517 711 1702 782 dieser Reaktion zu leiden gehabt hätte. Denn das zugunsten
2859 735 3329 802 die hier bekannte und
1691 712 2767 789 hasse dich! Ich speie dich an!“ das letzte Wort behält.
520 766 1706 829 Reinhardts so oft totgesagte Theater Brahms zeigt dies¬
1774 754 3324 848 Elga war Irene Triesch: klug und fesseind, wie hol m=Aufführung d
518 815 1703 887 mal von neuem alle die Vorzüge, die ihm einst seinen
1699 824 2887 886 immer, aber nicht so einheitlich, wie sonst. Den Grafen gab
2866 829 3325 896 Fortschritt Otto Brah
519 857 1698 919 Weltruf eingetragen haben. Ihm gehören große Schau¬
1700 882 2871 932 [Rittner mit seinem ziemlich unverändert durch die Jahre
2872 880 3314 941 mus hinaus, daß er
519 916 1694 978 spielerindividualitäten, wie Bassermann, Sauer, Rittner,
2865 916 3328 986 fürs nächste Jahr stat
1701 928 2865 984 gehenden Naturburschentum, dessen urwüchsige Naivität bei
509 958 1695 1020 Irene Triesch und Else Lehmann, an, was man bei Rein¬
1695 978 2876 1038 dem leichtgläubigen polnischen Edelmanne gut am Platze
2869 971 3318 1049 einen ganzen Ibsenzh
528 1004 1700 1066 ##rdt so sehr vermißt; seine Regie ist der Reinhardts ziem¬
1693 1020 2878 1086 war. Auch Reichers trockene Art paßte trefflich zu dem wort¬
2869 1017 3329 1096 1886 geschrieben, heu
518 1052 1704 1124 lich gleichwertig; nur in der Ausstattung bleibt Brahm
2869 1064 3311 1137 kann, ergreift mit
1701 1075 2876 1138 kargen, treuen Hausverwalter. Wenn der starke Erfolg der
520 1108 1698 1172 hinter seinem jüngeren Rivalen zurück, da ihm, wie er
1699 1119 2870 1195 ersten Aufführung gleichwohl nicht anhielt, so lag das zu¬
2870 1114 3316 1183 freiem Individualisn
508 1159 1707 1222 kürzlich wieder erklärt hat, das Wort des Dichters und das
2865 1169 3322 1240 tum die Gemüter wie
1693 1162 2864 1229 meist an den langen Pausen, die sich, des Dekorations¬
508 1200 1693 1286 Wort des Schauspielers wichtiger seien. Nochmals: es wäre
1694 1222 2879 1282 wechsels halber, zwischen die kurzen, heißatmigen Szenen
2870 1217 3326 1291 Bassermann oder Ire
519 1260 1697 1326 schade gewesen, wenn Brahm und seine Künstler durch den
1699 1265 2877 1330 einschoben. Schlag=auf=Schlag=Stücke wie Elga kann man
2874 1271 3323 1336 geweihten Ton leid
525 1303 1700 1363 ratzenjammer der öffentlichen Meinung gelitten hätten.
2872 1322 3328 1387 höheren Dasein anzus
1690 1319 2875 1385 nur auf der Drehbühne spielen. Und den Dramaturgen der
518 1340 1690 1418 Dem war aber nicht so. Die große Menge der Theater¬
1697 1371 2878 1427 Zukunft bleibt es überhaupt vorbehalten, als wichtigste
2881 1368 3330 1435 völlig unbegreiflich,
510 1403 1699 1470 besucher läßt sich durch das Urteil der Presse viel weniger
1693 1420 2879 1480 Bedingung so manches Erfolges die möglichste Abkürzung
2873 1415 3339 1475 Rosmer wie den So
515 1441 1697 1518 beeinflussen, als gemeiniglich augenommen wird. Während
1687 1461 2893 1542 der Pausen miltels Geschwindigkeit und Drehbühne durch¬
2870 1468 3330 1534 eines „fast voll befrie
524 1500 1696 1560 die gefeierten Russen vor leeren Stühlen spielter, erziesen
1694 1508 1911 1586 zusetzen.
2870 1510 3336 1580 haupt „des eigentliche
520 1549 1709 1623 die vernachlässigten Deutschen einen Tag wie den anderen
1785 1538 2872 1626 Zur Einleitung wurde vor Elga das erste der drei
2874 1555 3330 1625 Epoche“ erlangen kon
519 1605 1704 1652 volle Häuser, so daß das Gastspiel bereits verlängert werden
1701 1588 2890 1665 Schnitzlerschen Marionettenspiele, der nachdenkliche „Pup¬
2876 1600 3336 1675 Sprachrohr Deutschla
528 1642 1700 1700 konnte. Allerdings hat Brahm aus seinem letzten mißglück¬
1695 1643 3336 1722 spenspieler“ gegeben, ein Einakter, der für Wien fast umfangreichen Theate
515 1691 1707 1752 ten Besuche (im Frühjahr 1904) die richtigen Lehren abge¬
1702 1712 2880 1768 als Novität in Betracht kommen konnte, da er nur ein
2872 1714 3328 1772 tästisch=bizarre Elemen
528 1745 1703 1810 leitet. Damals hatte er nur drei Stücke mitgebracht, die bis
1693 1753 2882 1816 einzigesmal — vor zwei Jahren in einer Wohltätigkeits¬
2873 1754 3333 1839 dings leicht entflammt
517 1788 1703 1840 zum Überdrusse gedrehorgelt wurden: die für Wien zu jener
1693 1803 2886 1870 vorstellung des Carltheaters — von Jarno gespielt, aber
3035 1807 3337 1870 „Lieber Meis
525 1837 1697 1908 Zeit noch neuen „Weber“, bei denen er auf das sozialistische,
3030 1853 3335 1920 Gott mit un
515 1885 1708 1969 Dreyers „Tal des Lebens“, bei dem er auf das sexuelle,
1707 1903 2899 1963 Puppenspieler“ ist die Geschichte eines Dichters, der nach
3037 1902 3342 1972 Ich geh' selt
513 1931 1702 2017 und Bahrs „Meister“, bei dem er auf das Moment speku¬
1703 1949 2899 2005 seinem ersten Bühnenerfolge das Theater zu verachten und
3039 1938 3333 2019 doch seh dic
514 1990 1706 2052 liert hatte, daß Bahr als vielumstrittener Autochthoner
1699 1994 2870 2064 mit wirklichen Menschen zu spielen beginnt. So führt er
3034 2001 3339 2068 laß ich alles
523 2034 1709 2114 ficherlich starke Anziehungskraft ausüben würde. Er hatte
1704 2032 2907 2117 einen zaghaften jungen Freund und eine liebe junge
3040 2045 3342 2110 stülpe meinen
3031 2086 3336 2160 laufe schleun
1703 2088 2899 2165 Freundin bei einem fröhlichen Feste zusammen. Was er
601 2121 1703 2206 Heute bietet er dagegen ein abwechslungsreiches Reper¬
1701 2140 2890 2208 spielend einleitet, führt jedoch das Leben zu fruchtbarem
3029 2140 3338 2209 und belege e
520 2168 1706 2231 koire teils von Stücken, die für Wien neu sind oder, weil
1700 2183 2885 2254 Ernste und Ende. Es vereinigt die beiden „Puppen“ zu
2951 2178 3332 2258 Je ein einziges
525 2226 1697 2291 lange nicht gespielt, wie neu anmuten, teils von solchen
1694 2230 3342 2297 einer glücklichen, mit einem Kinde gesegneten Ehe, während! maturalistischen Parad
521 2275 1702 2341 Stücken, die ob ihres spezifisch norddeutschen Charakters von
1695 2281 3343 2353 es den Puppenspieler selber in Heimatlosigkeit, Armut und Hauptmanns „Weber“
520 2325 1698 2400 einem Wiener Ensemble nie so vollkommen wiedergegeben
1702 2333 2880 2387 Einsamkeit stürzt. Erst nach vielen Jahren kreuzt die zu¬
2941 2331 3341 2412 Der „Biberpe
520 2376 1246 2443 werden können als von Berlinern.
1704 2383 2889 2445 friedene Familie zufällig den einsamen Weg des Schöpfers
2873 2386 3326 2452 gegeben, damit sich
604 2398 1709 2488 Neuheiten waren für Wien bisher Gerhart Haupt¬
1701 2437 2883 2503 ihres Glückes, der nun obendrein noch hören muß, daß die
2881 2432 3340 2506 Wallnertheaters, dere
531 2468 1703 2542 manns „Elga“ und Schnitzlers „Einsamer Weg“,
1695 2475 2887 2556 junge Freunoin damals ihn geliebt habe und ihm so
2872 2489 3343 2556 sind (Regine, Hanne,
527 2524 1709 2590 zwei Werke, die nach ihrer Berlistek kranfführung und bei
1698 2535 2645 2608 gern ein friedliches Heim bereitet hätte....
2870 2540 3333 2601 perament ziemlich kon
519 2573 1701 2642 ihrem Erscheinen im Buchhandel (Verlag S. Fischer)
1779 2559 2877 2640 Albert Bassermann, nach wie vor seit Mitter¬
2876 2587 3339 2653 zeigen konnte. Gleiche
512 2615 2889 2691 ausführlich (auch im Tagesboten) gewürdigt worden sind.  wurzer der blutvollste und geistigste Schauspieler Deutsch¬
2875 2640 3303 2707 dessen Domäne die
601 2667 1709 2733 Von „Elga“ könnte gelten, was seinerzeit von „Schluck
1698 2679 2876 2735 lands, vermochte aus diesem fragwürdigen Lebenskünstler
2881 2677 3302 2747 zieller Konvention“
536 2711 1707 2791 und Jau“ gesagt wurde: man hätte es höchstens in Haupt¬
1696 2718 2885 2814 eine vom schmerzlichen Zauber entsagender Einsamkeit
2881 2728 3344 2812 schen Amtsvorsteher A
531 2767 1713 2831 manns Nachlaß finden dürfen. Freilich wird Brahm das
1695 2761 2793 2838 wundersam umwehte, unvergeßliche Gestalt zu bilden.
2877 2777 3085 2862 zurufen.
525 2816 1714 2882 Werk seinem Hausdichter wohl abgenötigt haben. Denn seit
1787 2817 2885 2894 Wie eine Fortsetzung dieser Figur erschien Bassermanns
2967 2806 3329 2897 Hingegen wurde
531 2864 1702 2941 seinem Geburtsjahre (1894) war das deutsche Theater ge¬
1699 2876 2881 2930 Sala in der zweiten Novität des Lessingtheaters, im „Ein¬
2873 2866 3351 2947 listischen, überhumanen
517 2908 1706 2986 wohnt, sein Saisonereignis von Hauptmann zu erhalten.
1700 2924 2874 2981 ssamen Weg“, sowie dieses Drama selbst eine weitere
2878 2932 3344 2997 nur für und von Ba
525 2983 1721 3033 Nach „Rose Bernd“ aber stockte es plötzlich, und da werden
1703 2974 2885 3037 Ausführung des Grundgedankens im Puppenspieler sein
2873 2975 3343 3046 schließlich durch ihn
518 3023 1714 3076 sie den Dichter so lange gequält haben, bis er aus seinem
1704 3022 2885 3078 mag. Dieser Grundgedanke besagt, daß der Mensch, der sein
2877 3024 3352 3089 Bassermann, mit ger
521 3058 2884 3132 Schreibtisch diese, nach seiner eigenen Angabe 1896 geschrie¬ Leben lang niemandem aus ganzem Herzen angehört und
2880 3071 3358 3148 unser Kainz, stattet je
522 3110 1707 3177 bene, ganz skizzenhaft rohe Dramatisierung der Grillparzer¬
1704 3115 2882 3186 mit dem Schicksal der andern immer nur gespielt hat, seinen
2872 3132 3332 3188 Geist auch mit einem
523 3157 1715 3224 schen Novelle vom Kloster zu Sendomir hervorsuchte. (Daß
1703 3170 2888 3243 verkehrten Egoismus mit schrecklicher Verlassenheit im Alt¬
2874 3166 3288 3252 der kühlere Kainz —
518 3221 1711 3281 die Veröffentlichung früher erfolgte als die Aufführung,
1714 3214 2878 3271 werden und Sterben büßen müsse, besagt, daß der einsame
2883 3214 3164 3294 imstande ist.
514 3267 1706 3324 war gewiß literarischer Takt.) Es sind fünf mehr hinge¬
1709 3264 2894 3338 Weg ein Irrweg sei. Außer an Sala wird die These, daß
2946 3261 3347 3339 Schon bei „Trau
513 3312 1709 3387 wischte als ausgeführte Szenen, die wie „Hannele“ in den
1707 3312 2893 3370 alle Lebensspieler bankrott werden, auch an dem zweiten
2876 3312 3347 3382 übrigen Mitwirkenden
512 3361 1315 3422 Rahmen eines Traumes gesteckt sind.
1706 3369 2881 3426 Helden des Stückes, Julian Fichtner, bewiesen. Von der
2884 3363 3358 3439 Bös aber ist eine Vorst
611 3385 1705 3473 Szene 1: In dem Grafen Starschenski wird durch
1710 3416 2881 3476 Schauspielerin Irene, die ihn geliebt hat, riß Julian sich
2877 3406 3368 3486 nur anspruchsloseren
521 3463 1714 3539 seinen Hausverwalter Timoska der Verdacht erweckt, daß
1715 3462 2879 3520 einst los und verführte die Braut seines Freundes Wegrath.
2877 3463 3351 3531 Martersteig rügt in d
540 3512 1133 3585 hn sein Weib Elga betrüge.
1713 3511 2877 3568 Weil er sich aber nicht binden wollte, ließ er auch dieses
2879 3516 3347 3587 verwerfliche Praxis B
620 3538 1714 3619 Szene 2: Elga und ihr Geliebter, der Vetter Oginski,
1715 3544 2886 3619 Glück im Stich. So geschah es, daß der ahnungslose Weg¬
2881 3560 3341 3627 Stücke später mit Bes
520 3589 1712 3682 werden vom betrogenen Gatten beinahe überrascht; doch
1711 3611 2889 3667 rath die Verführte heiratete und den Sohn Julians für
2874 3607 3358 3682 geschäftlich auszubeuter
533 3664 1172 3714 entkommt Oginski unerkannt.
1717 3656 2885 3722 sein eigenes Kind hielt. Jetzt. da Julian alt geworden ist,
2868 3656 3359 3734 zu biet n, in denen der
621 3679 1715 3767 Szene 3: Elga redet ihrem Mann ein, der nächtliche
1706 3708 2877 3761 möchte er seinen Lebensabend durch einen liebenden Sohn
2880 3710 3358 3775 eines rünstlerischen Ge
528 3733 1717 3811 Besuch habe einem Kammermädchen gegolten. Gleich darauf
1712 3750 2887 3818 verschönern und enthüllt dem jungen Wegrath das Geheim¬
2879 3750 3353 3827 bart“, und nennt diese
538 3798 1719 3850 findet Starschensl im Schmuckkästchen seiner Frau ein
1717 3807 2885 3874 nis seiner Geburt. Der aber weist ihm die Tür. Und ebenso
2877 3805 3340 3873 Ruhn des Theaters
531 3850 1723 3927 Medaillonbild Oginskis, dem sein (des Grafen) zwei¬
1714 3855 2885 3908 rücksichtslos handelt der Jüngling, als ihm bekannt wird,
2882 3856 3363 3913 kums lugenscheinlich
531 3900 1492 3957 jähriges Töchterchen verblüffend ähnlich sieht.
1703 3888 2884 3954 daß der andere Held, Sala, seine Schwester Johanna ver¬
2885 3910 3356 3978 guten genschaften
627 3927 1725 4029 Szei; 4: Starschenski ladet den Vetter aufs Schloß
1701 3941 2879 4025 führt und so indirekt ihren Selbstwerd verursacht hat. Er
2874 3950 3070 4016 auch di
3076 3956 3357 4017 schon litera
535 3994 1664 4056 ein, bewegt ihn zui Geständnis und läßt ihn erdrosseln.
1711 3992 2882 4067 entdeckt dem ahnungslosen Sala, daß er, Sala, schwer herz¬
2879 4002 3363 4076 seiner T hnik nicht ##
635 4049 2833 4108 Szene 5, wohl Ursprung und Zeitpunkt der ganzen leidend sei und nur mehr wenige Wochen zu leben habe.
2892 4046 3359 4111 Weberaufführung hat
525 4064 3365 4155 Dramatisierung: Elga, vom Grafen in das abgelegen: Auf dem Theater zerflattert dieses typische Lesedrama, Vorstellung beigebrachts
