3484 4384
257 399 1251 502 13. Der einsane Neg
314 724 1160 801 Lusschnitt aus: Die Zeit, Wien
323 812 741 895 om: 29 0AN 19·
717 884 760 938 10
503 925 1297 1061 Theater und Kunst.
454 1024 1379 1101 b Burgtheater. In Schnitzlers „Ein¬
432 1077 1388 1157 samen Weg“ soll nun Herr Mürt den
435 1115 1394 1201 Professor Wegrat vorstellen, und entzaubert mit
432 1162 1383 1246 seiner klaren, harten, schroffen Art die Anmut,
431 1204 1388 1285 die um die rührende Gestalt gebreitet ist. Auch
427 1250 1386 1335 sonst hat die Darstellung nur die äußere Ruhe,
432 1296 1390 1372 nicht die innere Bewegtheit für dies edle, blasse
445 1342 1396 1415 Seelenspiel. Aber das zahlreich versammelte
443 1383 1395 1469 Publikum war doch dankbar, wieder einmal
436 1432 1396 1502 einen Dichter zu hören, der in unser Jahr¬
441 1477 1464 1556 hundert zuständig ist, fühlte den Herbstreiz —
443 1522 1399 1596 dieses einsamen Alterns, die leise, fast zu
445 1560 1395 1641 moralische Strenge, mit der hier Verrat, Zucht¬
438 1599 1402 1673 losigkeit und Selbstsucht sich unerbittlich rächen.
444 1652 1402 1732 Es scheint, daß die Talentlosen, die Mittel¬
443 1690 1404 1762 mäßigen und Nur=Biederen den Krieg jetzt für
450 1721 1419 1823 sich auf dem Theater ausnützen möchten, aber sie
452 1790 1402 1852 irren, ihre Zeit ist ferner als je, Geistigkeit,
461 1821 1411 1908 Geschmack, Verstehen nunmehr auf der Bühne
448 1870 1411 1953 nur noch willkommener. Das bewies das aus¬
453 1898 1426 2001 verkaufte Haus, sein Beifall und seine Er¬)
444 1982 693 2046 griffenheit.
393 2546 1251 2653 Ausschnitt aus: grbeiter-Zeiung.
662 2651 1054 2758 26 2. 1911
400 2697 616 2782 vom
620 2717 1627 2814 Der weise Nathan und der klerikale Dummkopf.]
449 2790 1624 2863 Aus Amsterdam schreibt man uns: Der Rotterdamer „Maas=1
446 2834 1625 2893 bode“ veröffentlicht am 20. d. einen Wiener Brief, der die ###
446 2879 1612 2951 christlich oziale Entrüstung über das gottlose — Burgtheater breit¬
444 2928 1601 2992 mäulig ausgeifert. Wir zitieren daraus folgenden kostbaren
449 2986 1603 3037 Satz: „... Die beiden anderen Stücke sind zweifellos mehr
440 3022 1600 3100 bekannt. Es ist selbst möglich, daß irgend einem Leser schon von
427 3068 1587 3139 —dieser Flut von Fäulnis, die aus Schnitzlers „Einsamem Weg
439 3094 1598 3177 strömt, übel geworden und daß ek üblk die grotesken
448 3168 1611 3232 Raivitäten, die „Nathan der Weise“ der Welt
447 3218 1601 3286 als prima Weisheit auf drängen will, in Ver¬
439 3261 1599 3318 wunderung geraten ist.“ Und auf Lessings dramatische Ver¬
452 3316 1601 3368 kündung des Humanitätsgedankens bezieht sich noch folgender
447 3351 1602 3413 Satz: „Während der müde Soldat im seuchten Laufgraben das
435 3399 1596 3474 langvergessene Vaterunser wieder stammelt . . . beschäftigen sich
440 3446 1606 3509 die ersten Schau pieler Wiens, einen Gottesdienst anzupreisen,
440 3497 1606 3539 der in Wirklichkeit kein Recht hat, diesen herrlichen Namen zu¬
448 3544 1605 3601 tragen, und nichts anderes bezielt, als die halbidioti¬
434 3588 1602 3664 ischen Sentenzen verbummelter Theologen
451 3644 1605 3701 an den Platz der alleinseligmachenden Lehre des heiligen
450 3684 1609 3730 Evangeliums zu setzen.“ — Köstlich ist übrigens die Meinung¬
450 3729 1586 3785 des Korrespondenten, daß ein Leser möglicherweise
445 3777 1616 3835 „Nathan den Weisen“ kennen könnte. Da jeder halbreas
450 3821 1608 3888 gebildete Holländer die klassische deutsche Literatur kennt, charakte¬
454 3875 1225 3938 risiert der „Maasbode“ so seine Leserschaft.
1415 384 1854 483 box 23/4
2037 581 2990 673 Ausschnitt ausgesenereur, lan
2182 635 2464 718 7713 1916
2036 689 2214 745 Vol:
1948 816 2975 949 Theater, Kunst, Musik.
2169 944 2728 1041 Theaternotizen.
1962 1017 3037 1096 Eine feine Burgtheaterwoche! Montag: Schönherrs
1892 1079 3037 1147 „Weibsteufel“, Dienstag: Schnitzlers-„Der einsame Weg“,
1875 1128 3036 1182 Freitag: Rößlers „Die fünf Frankfurter, Samstag:
1896 1164 3034 1231 Schnitzlers „Komödie der Worte“ ... Nämlich: Wir haben
1869 1224 3039 1280 im kaiserlich königliches Hofburgtheater. Wir haben die
1873 1247 3038 1326 „beste deutsche Bühne“, ein Haus voll großer Vergangen¬
1876 1302 3034 1361 heit. Auch ein teures Haus. Aber das macht nichts. Der
1883 1335 3050 1402 Kaiser bezahlt alles. Dafür haben wir aber auch in unse¬
1880 1384 3033 1438 nom Hofburgtheater einen wahrhaftigen Kunsttempel.
1877 1429 3038 1491 Täglich kann die arme, durch die Kriegsnöte bedrückte Be¬
1878 1472 3032 1540 völkerung der Kaiserstadt im Burgtheater Erhebung,
1883 1517 3038 1573 edle Anregung finden, täglich kann sie aus der rauhen
1876 1548 3039 1618 Wirklichkeit flüchten in das Reich des Erhabenen. Ur¬
1884 1597 3044 1667 lauber, die viele Monate lang im Feuer gestanden sind,
1883 1648 3056 1711 verbringen einen der wenigen, köstlichen Abend der Hei¬
1880 1685 3038 1752 mat im Burgtheater. Wirklich, man kann seine helle
1877 1719 3048 1789 Freude an dieser Bühne haben. Sie erfüllt ihren hohen
1883 1770 3038 1843 Daseinszweck mit edler Beharrlichkeit. Montag: Große
1889 1825 3047 1886 sexuelle Auseinandersetzung zwischen einem geilen Weib,
1889 1858 3040 1922 einem impotenten Mann und einem augenscheinlich po¬
1880 1902 3047 1969 tenten Grenzjäger. Dienstag: Klagelied eines Gealterten,
1884 1958 3042 2017 der die Familien seiner Freunde verseucht hat, dafür aber,
1879 1990 3045 2063 recht geschieht ihm, einsam geblieben ist. Freitag: Die
1879 2032 3049 2094 Geldgeschäfte der Bankiers Rothschild. Zu wie viel Pro¬
1890 2074 3041 2141 zent leihen sie ihre Gelder den Kaisern und Königen?
1887 2111 3045 2201 Samstag: Nur nicht g'schamig sein] Ob der Freund dem
1892 2193 3053 2280 Freunde die Braut verführt, oder ob ein anderer Freund
1886 2245 3079 2317 einem anderen Freunde das Weib wegnimmt, oder ob#ein
1896 2313 3071 2370 Weib ihren Mann mit einem Freund betrügt... nein,
1892 2342 3059 2417 wir sind nicht mehr so g'schamig, uns etwas daraus zu
1891 2385 3060 2461 machen. Und überhautt: die Kunst stellen wir über alles.
1891 2417 3057 2485 Vollends über das Hofburgtheater lassen wir nichts kom¬
1896 2464 3058 2547 men. Gerade das, was dort jetzt gespielt wird, gerade
1892 2500 3065 2574 das brauchen wir jetzt wie einen Bissen Brot. Wie könnte
1903 2531 3074 2640 denn sonst unser Volk geistig durchhalten? Vielleicht gar
1905 2593 3066 2677 mit den Klassikern? Das ist zum Lachen. Das geschwollene
1903 2637 3098 2722 Zeug von Schiller und Grillparzer, das kann uns gestohlen &
1908 2690 3065 2765 werden. Wie weltfremd, wie unlebendig! Da loben wir
1908 2709 3081 2809 uns unseren Schönherr und unseren Schnitzler. Die stehen
1913 2765 3068 2850 im Leben. Die kennen die Not und das Bedürfnis unserer
1911 2812 3068 2892 Zeit. Die fallen nicht hinein auf den dummen, im Ge¬
1908 2857 3087 2922 hirne des Toren erzeugten Wahn, daß der Mensch zu was
1910 2906 3094 2992 Besserem geboren sei. Lächerliche Gefühle, die sich im Her¬
1908 2946 3075 3019 zen ankündigen. Die Regungen des Unterleibes allein be¬
1908 3011 2349 3081 stimmen unser Tun.
1996 3028 3068 3099 Ja, wir haben ein kaiserlich königliches Hofburg¬
1921 3092 2810 3160 theater! Ein schönes, großes, teures Haus!
1991 3178 3088 3259 Ueberhaupt eine interessante Theaterwoche! Auf dem
1906 3225 3106 3302 Burgtheater schachern die fünf Frankfurter. An der
1920 3261 3081 3345 „Neuen Wiener Bühne“ wird „Onkel Bernhard“, nicht
1917 3303 3082 3393 müde, in der Firma und in der Liebe herumzumauscheln,
2212 3375 2244 3399 #.
1915 3360 3084 3421 auf der „Volksvühne“ erhebi die Feldmann ihren koscheren
1922 3414 3084 3474 Gettoschrei, den scheinbar niemand mehr hören will, und
1932 3441 3082 3520 auf der „Residenzbühne“ singen im „Golem“ aufgeregte
1920 3483 3078 3553 Kaftanträger ihre rituellen Klagegesänge. Am nächsten
1927 3534 3087 3603 Samstag kommt im Deutschen Volkstheater ein neues
1936 3569 3083 3640 Stück heraus, das, wie uns heute schon zart schonend mit¬
1923 3614 3086 3694 geteilt worden ist, auch wieder eine „Jargon=Rolle“ ent¬
1928 3654 3090 3736 halten wird. Bleibt von sämtlichen Wiener Schauspielbüh¬
1937 3688 3094 3780 nen das einzige Stadttheater, auf dem derzeit noch deutsch
1928 3754 3081 3812 gesprochen wird. Wer weiß, wie lange noch. Wie arg die
1930 3794 3090 3870 penetrante Last dieser Invasion ist, vermag man daraus
1937 3821 3089 3913 zu ersehen, daß imlängst ein „Neues Wiener Journal“ (1)
1934 3879 3089 3962 seufzend gefragt hat, wann man denn endlich wieder ein¬
1940 3915 3089 3990 mal lauter Christen auf der Bühne sehen werde. Völlig
1937 3961 3085 4026 verstört aber irrt der thoaterlustige Wiener Arier umher.
2017 4016 2970 4078 „Da blickt der Steffel seufzend auf uns nieder
2014 4060 2763 4121 Und denkt sich still der stolze Dom:
2752 4078 2907 4154 Lieder
2014 4104 2753 4156 Ist das mein Wien, die Stadt der
2696 4141 2728 4174 *
2022 4141 2714 4215 Am schönen, blauen Donaustrom?“
2012 4234 3090 4320 Im preußischen Abgeordnetenhaus hat ein sozial¬
2497 4304 2533 4348 1
2083 4307 2155 4348 a
2286 4302 2418 4370 Hehr
