3392 4384
818 239 1406 324 e een eeen
814 271 1567 367 zur Hand! Was mag der Grund für
825 313 1567 415 die Zögerung gewesen sein? Nichts
825 371 1572 462 als ein Irrtum, wie sich jetzt heraus¬
818 428 1578 504 stellt! Kein Wiener Theatermann hat
829 469 1591 562 es sich damals denken können, daß ein
830 524 1588 604 Stück, an dessen fünf Aktschlüssen sich
832 568 1591 657 von der zweiten Vorstellung an keine
834 614 1638 697 applaudierende Hand rührt, der Ziel###
834 662 1619 758 punkt von vielen Tausenden werden
838 709 1591 797 würde. Denn Abend für Abend — ich
839 757 1598 854 schreibe erst nach der zehnten Auffüh¬
842 814 1604 891 rung — ist das Haus gefüllt. Es ist
848 868 1603 941 ein Erfolg der dichterischen Persönlich¬
846 905 1602 992 keit. Alle anderen Motive sind hinfäl¬
854 954 1606 1041 lig. Wo wäre hier die große Szene,
842 1003 1619 1090 die bei französischen Stücken für die
852 1019 1652 1133 Schwüche des Stoffes oder der Form 7
861 1098 1611 1190 entschädigt! Wo die überrumpelnde
863 1155 1621 1235 Situation, die das gelangweilte Publi¬
852 1192 1619 1285 kum erst aus der Gleichgültigkeit reißt!
863 1245 1633 1337 Wo der Wortwitz, wo die originellen
861 1297 1632 1380 Charaktere! Die Leidenschaften, von
873 1351 1624 1435 denen wir hören, stehen in ihrem
871 1397 1634 1474 Herbst, auch die des jungen Mädchens;
879 1449 1635 1518 kein Schrei wird laut, ob es gleich Tote
882 1482 1630 1569 gibt, die Liebende zurücklassen. Wir
882 1530 1635 1627 sind diesen stillen Menschen ebenso¬
890 1581 1637 1663 wenig auf der Straße begegnet, wie
886 1645 1636 1723 den feurigen Schillers, aber sie atmen
892 1676 1641 1767 wie jene von Geistes und Gemütes
885 1724 1641 1825 Gnaden. Der Fehltritt der Frau
1663 1720 2435 1828 s
1676 1812 2421 1897 Jahre besitzen — Wedekinds „Kam¬
907 1846 1655 1906 kommt hier nicht zu den Ohren des Gat¬
1673 1875 2428 1937 merfänger“, Courtelines „Bou¬
900 1890 1653 1959 ten und doch fühlt man die Notwendig¬
1678 1921 2424 1988 bouroche" und Schnitzlers „Li¬
913 1945 1653 2012 keit dieser schonenden Lösung. Gerin¬
1678 1968 2429 2037 teratur“ die ihrem Alter und allen
912 1989 1665 2061 geres Maß solcher Schonung wäre
1674 2020 2432 2091 schlecht besuchten Ar aufführungen des
907 2031 1657 2110 Mord geworden. Wir sehen die Lüge
1678 2066 2431 2138 Deutschen Volkstheaters zum Trotz, in
909 2084 1658 2153 zur Lebenserhalterin werden, indem der
1680 2118 2435 2181 ihren neuen Gewändern und erfüllt mit
915 2140 1663 2204 vermeintliche Vater sich erst in dem
1690 2159 2431 2239 dem kräftigen Leben schauspielerischer
911 2173 1670 2257 Augenblicke zum wahren Vatergefühl
1676 2218 2432 2290 Individualitäten als vollkommene Neu¬
912 2232 1669 2295 bekennt, da er nur noch allein unwissend
1688 2258 2433 2331 heiten aufgenommen wurden. Auch an
916 2275 1662 2347 ist. And in einer so zart empfindenden
1684 2319 2440 2367 dem dritten Abend der Hofbühne, von
913 2325 1669 2391 Amgebung lebt er, daß niemals an die¬
1693 2358 2432 2430 dem ich berichte, gab das schlechthin
918 2375 1663 2444 ser Anwissenheit gerührt werden wird.
1691 2405 2432 2475 Neue nicht den Ausschlag, denn Felix
913 2423 1661 2500 Acht Menschen, acht Schicksale; wie es
1690 2456 2436 2522 Saltens „Auferstehung" (aus
915 2474 1674 2538 im Drama sein soll! Aber ist es ein
1693 2502 2433 2578 dem Zyklus „Vom anderen Afer“), die
917 2517 1665 2593 Aufeinanderplatzen von Welt= und Le¬
1687 2554 2445 2612 man wiederholt in Wien gesehen hatte,
911 2568 1672 2637 bensanschauungen? Ist es nicht viel¬
1685 2605 2443 2663 siegte über den Dreiakter der Dänen
920 2628 1671 2686 mehr ein Aneinandervorübergleiten von
1688 2649 2439 2713 Bergström und Larsen, „Vaga¬
929 2670 1671 2739 Menschen, die niemals ganz zu einan¬
1692 2703 2436 2760 bunden“, den hier niemand kannte.
928 2716 1666 2794 der kommen können? Sie bringen sich,
1692 2748 2440 2820 Vielleicht noch ungewöhnlicher als
924 2776 1668 2836 wie es einmal heißt, nur „die Stich¬
1686 2790 2440 2870 Schnitzlers Menschen aus dem „Ein¬
928 2820 1677 2895 worte“ für ihre feinen Lebensabstrak¬
1689 2835 2437 2904 samen Weg“ ist die Situation, in der
924 2860 1666 2921 tionen, aber wir tragen mehr daraus
1691 2896 2440 2967 Saltens Lebenskünstler Konstantin Trüb¬
926 2923 1670 2977 hinweg als aus anderen Dramen, die
1692 2948 2448 3006 ner steht; aber Saltens Schilderungs¬
925 2959 1674 3020 uns einreden wollen, daß sie fern von
1698 3006 2438 3057 mittel kommen dem Handwerk des
924 3017 1680 3082 aller Komödie stehen. Schnitzler gehört
1698 3032 2440 3116 Theaters beträchtlich näher. Der Dia¬
921 3061 1674 3123 zu den Weisen des Landes, und da er
1695 3091 2451 3157 log tritt, besonders gegen Ende hin,
929 3103 1682 3178 obendrein klug genug ist, keine Weis¬
1700 3140 2446 3203 mit derben Stiefeln auf, und rechtfer¬
925 3155 1687 3230 heit von sich zu geben, ehe er ihr die
1698 3202 2443 3259 tigt den Titel Komödie mit eindrucks¬
936 3224 1679 3276 klarste Form aufgeprägt, so kann man
1696 3244 2457 3301 vollen Gründen. And doch hätte der
927 3254 1690 3325 seinen „Einsamen Weg“ heute an der
1704 3286 2450 3352 Einfall zu einer Tragikomödie ausge¬
943 3311 1693 3364 Hand des Theaters mit derselben Ent¬
1695 3331 2452 3406 reicht, und der Novellist Salten hat ge¬
938 3354 1689 3426 deckerfreude gehen, wie vor elf Jahren,
1704 3390 2457 3451 zeigt, daß ihm die Psychologie dazu
935 3409 1683 3473 da man, in Wien wenigstens, nur das
1703 3433 2461 3508 nicht fehlt. In den „Vagabunden“ ist
936 3449 1682 3526 Buch vor Augen hatte. And wer, wie
1699 3480 2455 3538 von modernen Nerven, von Sanatorien,
934 3503 1683 3571 ich, noch einmal nach dem Buche greift,
1698 3531 2451 3597 Autos, Elektrizität und Bildhauerkitsch
946 3565 1696 3611 um zu entscheiden, ob die ausgezeichnete
1700 3581 2456 3640 die Rede; auch eine richtige Liebschaft
943 3607 1698 3662 Aufführung oder die Lektüre das Stück
1706 3626 2465 3699 und etwas Flirt gibt's drin, aber sonst
940 3647 1686 3717 inniger lieben lehrt, dem wird die hö¬
1704 3676 2459 3739 geht hier längst versunkene Harmlosig¬
938 3693 1696 3757 here Freude zuteil, daß beide Arten der
1708 3718 2463 3798 keit um, wie wir sie — derber — bei
937 3747 1699 3821 Aneignung erst im Verein den Meister
1718 3775 2457 3842 Holberg antreffen, spießbürgerlicher bei
943 3801 1192 3865 recht loben.
1716 3817 2457 3891 Benedix und Moser. Immerhin liegt
992 3827 1689 3913 Das Burgtheater griff nicht nur hier
1714 3860 2467 3943 über diesen dänischen Lustspielen eine
942 3891 1696 3957 auf Bewährtes zurück. Es erwarb auch
985 3915 2475 4006 — und erwerben heißt hier: für lange feine bunte Schicht, die man Grazie,
2314 4030 2462 4110 475
3284 4209 3366 4296 —
