3484 4352
1060 348 1159 414 N
779 346 990 415 nSam
1408 340 1870 438 box 23/1
247 350 1277 454 18. Der einaune neg
700 1272 1205 1417 soriner Tugebind
835 1483 1190 1591 TL FBBIOG
1633 1562 2874 1646 Tochter Johanna, ist ein hysterisches Mädchen, in der ein unruhiges
1623 1593 2882 1700 abenteuerndes Blut hämmert. Auch Fichtner selbst ist wieder ins
707 1611 1313 1706 Drei Premièren.
1638 1650 2870 1730 Haus gekommen, ein Mann von Welt, mit einer verfeinerten und kalt¬
430 1664 1629 1747 F. E. Arthur Schnitzlers neuestes Schauspiel, ein gebehnter
1635 1694 2875 1778 blütigen Genußsucht, erfüllt aber auch von Bitterkeit, weil sein Traum
375 1725 1635 1796 Fünfakter: „Der einsame Weg“ hatte gestern im Deutschen
1632 1746 2875 1828 von großem Künstlertum keine Erfüllung gefunden hat. Noch ein
376 1770 1628 1839 Theater keinen Erfolg. Nur mühsam kamen einige Hervorrufe zu
1635 1787 2872 1849 kanderer Mann, Fichtner ähnlich in den Regungen einer rücksichts¬
380 1802 1624 1893 stande, warm befürwortet von einem Häuflein, das in Schnitzler,
1631 1823 2882 1900 losen Ichanbetung, nur eisiger noch, ist in diesen Kreis getreten. Es
388 1853 1637 1917 auch wenn er ein mißglücktes Stück geschrieben, noch immer einen
1631 1872 2708 1932 ist Herr v. Sala, Globetrotter und geistreicher Räsonneur.
377 1908 875 1979 liebenswerten Poeten sah.
1690 1882 2917 1984 Fichtner und dieser Herr v. Sala werden allmählich — ach wie
447 1909 1650 2005 Ein mißglücktes Stück? Ein Stück überhaupt? Schon „Der
1649 1944 2887 2024 allmählich! — die traurigen Helden des Schauspiels. Nach dem Tode der
378 1976 1641 2047 Schleier der Beatrice“ zeigte diese Neigung des Dichters, mit
1645 1987 2883 2076 Frau Gabriele bricht der auf Unwahrheit gegründete Familienverban#
385 2006 1636 2103 jener hier und da für genial gehaltenen Absichtlichkeit klare
1644 2028 2888 2107 auseinander. Alle Beteiligten, nur der Pseudovater Wegrats,
383 2058 1651 2144 Gedanken bis zur Unkenntlichkeit einzuhüllen. Man glaubt ein Ibsen
1651 2065 2903 2151 wissen nicht, daß Felix in Fichtner seinen Erzeuger zu sehen hit.
386 2097 1650 2187 zu sein, indem man sich in Nebel einspinnt und nur durch dicke Wolken¬
1642 2116 2895 2202 Fichtner umschwärmt nun das Herz des Sohnes. Alternd, an Ent##u¬
385 2145 1644 2206 wände, die jeden Schall und jeden Sinn verändern, zum gemeinen Volke
1652 2156 2899 2237 schungen reich, sehnt er sich nach Stab und Stütze. Zu spät. Dem jungen
393 2192 1646 2287 spricht. Gerade Schnitzler, der nicht nur ein starker Empfinder, sondern
1651 2195 2901 2280 Lentuant scheint Blut nicht dicker als Wasser. Mit dem feinen Insthikt
393 2232 1652 2303 auch eine große Intelligenz ist, hätte nicht auf diesen Weg ge¬
1643 2236 2905 2316 des anständigen Charakters sieht er in Fichtner nur den Mann, Der
401 2273 1645 2343 raten sollen, nicht aus Modesucht, auch nicht in dem ehrlichen
1654 2290 2827 2363 das ahnungslose Herz der Mutter verraten hat. S
400 2305 1641 2384 Streben, an das gern geglaubt sei, über sich selbst hinauszukommen
1642 2327 2820 2398 indessen, nicht minder ergraut, aber noch voll von
406 2354 1652 2432 und die letzten Firnen der Kunst zu ersteigen. Seine Persönlichkeit,
1641 2371 2904 2452 kunftsplänen, auch Sala sieht seine Gottähnlichkeit in Trümmer
412 2410 1650 2475 mit ihrer Weichheit und dem Auflug von wektkundigem Cynismus,
1653 2412 2900 2497 gehen. Drohende Todeskrankheit läßt ihn von seinen großen Ent¬
402 2443 1624 2532 war bedeutend genug, um unverkünstelt durch sich selbst zu wirken.
1646 2447 2909 2537 würfen abstehen. Und noch mehr. Johanna Wegrath, die ihn liebt,
451 2481 1651 2564 Nun wollte er wieder einmal in die tiefste Tiefe steigen und geriet in
1647 2497 2903 2570 nimmt sich selbst das Leben. Die Tochter jener Frau, die nicht den
396 2529 1652 2609 die breiteste Breite des Epos. Nun wollte er letzte psychologische
1651 2531 2907 2607 Mut zum Sterben hatte, als sie in Schande geriet, eilt, wie dem Hörer!
406 2576 1656 2654 Finessen geben und wurde für die schaulustige Menge unver¬
1658 2570 2908 2662 scheinen muß, ohne ersichtlichen Grund, in einer krankhaften Begierde
397 2612 1644 2686 ständlich, ganz oder beinahe. Mit Mühe nur entziffert sich die
1652 2618 2901 2705 nach Schmerz, aus dem Ringe der Lebendigen. Nun geht auch Sala
399 2654 1655 2721 Nunenschrift, in der er seine Charaktere beschreibt; mit Mühe nur
1652 2667 2908 2739 und tötet sich. So stiebt alles auseinander, in den Tod oder!
393 2697 1656 2775 löst sich aus langen Reflexionen der Kern des Schauspiels; mit
1660 2706 2903 2785 in ein friedloses Leben. Jeder geht den „einsamen Weg“, jeder in
395 2748 1655 2812 Mühe nur hören wir das schöne und eines Dichters immer würdige
1661 2736 2907 2831 keiner Art. Mit Untreue, Lüge und Selbstsucht sind die Alten vor
405 2783 1658 2856 Leitmotiv heraus, das heißt: „Liebet einander. Verstehet einander.
1657 2784 2907 2885 jenen zwei Jahrzehnten einander begegnet. Nun rächt es sich an
401 2840 980 2912 Mensch sein, heißt sich opfern.“
1668 2859 2164 2923 ihnen und an ihrer Brut.
456 2858 1656 2940 Auch darin zwingt Schnitzler sich in Ibsens Spuren, daß er die
1707 2859 2910 2960 In so furchtbarem Ernst löst sich zuletzt Schnitzlers Schauspiel.
405 2914 1658 3004 knappen Ereignisse des Stückes aus einer weit zurückliegenden Vor¬
1660 2917 2930 3004 Das ist nicht mehr die sanfte Melancholie, die der Wiener sonst ##
403 2953 1668 3045 geschichte entwickelt. „Tote Dinge spielen das Leben,“ wie er selbst in
1659 2970 2924 3052 aus den Volksliedern seiner Heimat auf die Bühne zu §
407 2995 1667 3092 einer seiner Erzählungen einmal gesagt hat. Vor zwanzig und mehr
1665 3009 2918 3089 bringen wußte. Das ist völlige Verzweiflung und absolute!
405 3041 1663 3116 Jahren hat Gabriele auf dem stillen Dorfe zwei junge Maler kennen
1658 3054 2930 3141 Verneinung. Eine Verneinung, an die uns glauben zu machen, dem ##
413 3076 1660 3163 gelernt. Wegrath hieß der eine, ein braver junger Mann, der sie zur
1668 3080 2926 3171 Stück die großgestaltende, menschenschöpferische, wahrhaft künstlerische
407 3127 1663 3225 Frau begehrte, Julian Fichtner der andere, ein Feuerkopf mit ein¬
1664 3130 2923 3219 Natur nicht minder fehlt wie die Klarheit. Miserere! Miserere!
408 3167 1652 3237 geborener Macht über alles Weibliche. Mit Fichtner wollte sie fliehen,
1670 3180 2920 3267 In Sterbeseufzer und Selbstzerfleischung klingt mit dem frischen Ruf
403 3189 1666 3282 als sie sich ihm gegeben hatte. Aber Fichtner selbst war es, der
1672 3208 2936 3301 gesünderen Lebens nur eine einzige Stimme hinein. Sie gehört einer ##
400 3235 1666 3334 flüchtete. Mit dem hestigen Egoismus seiner Künstlernatur schreckte
1673 3260 2920 3339 Frau, die einst von Fichtner geliebt, aber schnell mit Paschalaune bei¬
417 3294 1661 3376 er vor allen Fesseln und Verantwortungen zurück. Gabriele ging
1670 3309 2929 3391 seite geschoben war, einer Frau mit dem Scheine der Verderbtheit,
404 3314 1666 3423 nicht in den Tod. Sie heiratete den biederen Wegrath. Sie schenkte
1672 3334 2935 3423 aber rührend in der Stärke ihrer unbefriedigten Muttersehnsucht.
410 3380 1666 3454 ihm einen Sohn, den er den seinen nannte. Schenkte ihm später
1669 3382 2928 3469 Diese Figur ist bester Schnitzler. Und uns lieber noch, als die vielen
400 3433 1117 3503 auch eine Tochter, die die seine war.
1672 3429 2937 3515 geistreichen Sentiments, die wir uns an den langen Wegstrecken des
467 3434 1671 3537 Zwanzig und mehr Jahre sind vorüber — ich sagte es schon.
1679 3470 2928 3554 Schauspiels pflücken dürfen, und die uns dann auf Minuten die
408 3505 1668 3608 Wegrath ist Akademiedirektor, Gabriele, seine Frau, ist eine Sterbende,
1670 3531 2387 3612 Schwäche des Ganzen vergessen lassen.
413 3530 1673 3641 als der Vorhang zum ersten Mal sich hebt. All die Zeit hat sie mit
1719 3542 2940 3626 Es war Else Lehmann, die eben dieser Frau ihr ganzes prächtiges
416 3589 1672 3681 der Lüge an seiner Seite gelebt und hat, wie nun das Leben so ist, ihm
1678 3607 2940 3674 Lebendigsein gab. Auch sonst kam das Stück mit seiner Fülle verhaltener
410 3637 1669 3706 doch ein behagliches Familienglück aufgebaut. Der Sohn, Fichtners
415 3645 2955 3751 Sohn Felix, ist nun schon junger Offizier; die Tochter, Wegraths Stimmungen der Spielweise Brahms auf halbem Wege eutgegen.
2870 1547 3335 1625 Herr Bassermann
2875 1600 3328 1674 zu sehr Biedermeier.
2872 1627 3343 1703 ausgezeichnet. Rudolf
2874 1685 3352 1748 (Wegrath), Irene Trig
2883 1734 3326 1788 der Schwermut besser
2881 1767 3353 1834 getöntes Gesamtspiel. Un
2871 1800 3353 1877 diesem Jahr! — zeigte d
2881 1852 3352 1925 Theater die „Errungensch
