3484 4352
956 283 1311 388 14 FEB.8900
486 395 1462 516 1 Theater und Musik
870 459 1396 530 (Siehe auch erste Beilage.)
658 506 1752 572 Deutsches Theater. Zum 1. Male: „Der einsame
508 568 1746 618 Weg“, Schauspiel in 5 Akten von Arthur Schnitzler.
618 599 1745 655 Mir ist, als hätte ich nie so stark den Dichter als Lebens¬
511 638 1736 683 deuter in Schnitzler verspürt, als den Deuter unseres eigensten
520 675 1742 716 Lebens und Wesens. Was, laut und leise, aus seinem neuen
523 714 1742 770 Schauspiel „Der einsame Weg“ hervortönt, es ist die Sprache
507 759 1747 811 von uns allen und unserem Gewissen, mit dem wir auf langer
510 790 1745 842 Wanderung einig geworden sind, ohne ihm sein Uebergewicht neh¬
505 817 1071 879 men zu können. Wir alle
512 826 1742 920 Menschen im „Einsamen Weg“ kehren Schnitzlers
1223 873 1740 921 sind Einsamkeitsmenschen.
516 901 1747 937 Wie wäre es sonst möglich, daß wir Dinge in uns verschlössen und
509 944 1742 987 Geheimnisse mit uns trügen, während uns unsere Nächsten und
513 985 1752 1024 Liebsten zu kennen meinen. „Und wenn uns ein Zug von
504 1022 1740 1064 Bacchanten begleitet — den Weg hinab gehen wir alle allein ...
514 1058 1735 1110 wir, die selbst niemandem gehört haben.“ Und von einem Zwei¬
510 1098 1748 1146 ten sprechen sie: von der Sehnsucht, die uns nicht läßt, die wahr
515 1116 1747 1176 ist oder falsch ist und doch die Sehnsucht bleibt, die Sehnsucht in
522 1177 1746 1228 die weite Welt, die rätselhaften Fernen. Darin liegt ein Heimat¬
519 1212 1741 1261 loses, und wer die Heimat verlor — und ginge er nicht einen
520 1249 1332 1303 Schritt weit von der väterlichen Scholle —
1333 1255 1735 1309 der geht einen ein¬
516 1287 1739 1341 samen Weg. Und aus diesem wiederum resultiert ein drittes:
516 1335 1740 1380 Das Gefühl der Zugehörigkeit, für uns Zufallsgeschöpfe. Nicht
513 1371 1748 1425 wer uns in die Welt gesetzt — wer uns zum Menschen erzogen
523 1413 1426 1458 und uns das Leben erschlossen, ist unser Vater
611 1419 1728 1490 Gabriele, die Gattin des Wiener Akademiedirektors Weg¬
513 1487 1747 1531 rath, kommt zum Sterben. Mit ihr erlischt das Licht, das den
524 1517 1745 1574 Familienkreis erhellt hat, und die Wege der einzelnen gehen weit
528 1570 1744 1619 auseinander, ins Leben, in den Tod, immer aber in die Einsam¬
522 1587 1739 1650 keit. Und Frau Gabriele selbst? Sie ist wohl den einsamsten
521 1631 1747 1676 Weg gegangen, aus einer Enttäuschung heraus, der sie das Kind¬
523 1672 1748 1731 dankt, von dem ihr Gatte glaubt, es sei sein ältestes. Doppelt
521 1714 1749 1774 einsam, weil sie dem, der ihr Gatte ward, nicht die Illusionen
518 1786 1748 1855 Buße war ihr Schweigen. Und die Buße des Jugendgeliebten,
512 1834 1745 1883 der einst, in letzter Stunde, geflohen war, weil ihn die Sehnsucht
516 1857 1739 1914 nach den rätselhaften Fernen, der Freiheit und Unge¬
529 1912 1733 1966 bundenheit unwiderstehlich lockte, wird das einsame
522 1948 785 2006 Alter und
833 1947 1139 2008 das ehrliche
1177 1937 1743 1999 Beharren des Sohnes
519 1993 1738 2045 bei dem Manne, der ein Menschenalter hindurch die
517 2018 1742 2083 Pflichten des Vaters erfüllte; bei dem Manne, der durch die
529 2064 1740 2109 heimatlose Liebe eines Dritten seine Tochter verliert, die auch
523 2108 1739 2156 ihren Weg gegangen ist, auf dem es keinen Rater gibt als die
521 2144 1735 2187 Stimme, die in uns ist, wenn wir am einsamsten sind. Der ein¬
519 2182 1736 2237 same Weg — der Weg der Liebe. Handelnd oder duldend. Das
530 2220 1746 2270 ist wie eine schmerzliche Ironie. Nicht der Stimme des ererbten
519 2259 1738 2316 Blutes folgen wir, wir folgen der Stimme unseres individuelten
511 2312 1726 2367 Blutes. Und wissen nicht, was wir tun .. So ist das Leben. —
610 2337 1734 2380 Kein Drama, was uns Schnitzler bietet. Nichts davon.
521 2360 1746 2423 Eine Novelle. Eine Elegie. Und dennoch übt sie von der
517 2412 1744 2469 Bühne herab einen so eigentümlichen Zauber aus, weil die Wahr¬
507 2455 1738 2501 heit in ihr zu einem plastischen Gebilde wird und das Antlitz von
513 2490 1735 2542 Menschen trägt. Nicht die Wahrheit überhaupt. Wer wollte die
518 2527 1735 2573 ergrunden? Aber eine Wahrheit; die nicht minder groß ist,
519 2571 1737 2620 weil sie nur einen Teil darstellt. An solch eine stille und tiefe
504 2614 1743 2660 Dichterschöpsung soll man nicht mit dem kühlen Blick des For¬
516 2646 1741 2695 schers, an sie soll man mit der lauschenden Seele des Mit= und
504 2689 1751 2749 Nachempfindenden herantreten. Ob ein Strich zu viel, ob einer zu
515 2725 1754 2777 wenig=geschehen ist, ob eine Parallele nicht die Konsequenz des¬
514 2767 1736 2826 Dramgs rein unterstützt, was kümmert es hier viel. Wie der Traum
509 2813 1739 2870 eines Herbstabends ist es, jener klaren und darum um so stim¬
519 2834 1747 2893 mungsschwereren Abende, an denen alle Horizonte sich zu weiten
515 2879 1739 2941 scheinen, die inneren und die äußeren, und wir empfinden ein
530 2924 1378 2971 Erschauern vor der enteilenden Gegenwart. —
605 2947 1742 3010 Die herbe Luft war nichts für die „kompakte Majorität“.
515 3003 1737 3047 Unberechenbar wie das Premierenpublitum ist, wollte es
512 3027 1745 3092 keinen Dichter, es wollte heute einen Theatraliker. Die feinen
524 3075 1746 3138 seelischen Fäden, die wie ein Herbstgespinnst hin und her
518 3115 1735 3170 webten, sah es nicht, oder wollte sie nicht sehen und
517 3157 1739 3206 noch weniger verstehen. In den nicht allzu starken Applaus
522 3195 1732 3248 klang übellauniges, harfes Zischen. Eine Anzahl Damen des
524 3232 1739 3295 ersten Ranges platzten mehrfach in amüsiertestes Gelächter aus.
520 3267 1273 3334 Auch Böotien hatte seinen Damenflor
606 3295 1740 3361 Die Darstellung hätte ein etwas stärkeres Rückgrat ber¬
518 3344 1738 3394 tragen. Der Ton war zu weichlich genommen. Leute, die Wege
514 3381 1749 3450 gehen wie die Menschen in diesem Schnitzlerschen Werk, pflegen
518 3435 1731 3473 nicht zu weinen, sondern die Zähne aufeinander zu beißen, wenn
532 3461 1731 3508 sich die Begleichung einer Rechnung herausstellt. Für ein be¬
521 3482 1743 3552 sonderes Leben hat man besonders zu zahlen. Bassermann
519 3516 1749 3587 war am interessantesten. Seine feine Blasiertheit, unter der die
520 3574 1742 3630 Vornehmheit des Kavaliers immer wieder aufzuckte, war eine
521 3615 1732 3666 tiefe künstlerische Leistung. Rudolf Rittner war der
1490 3655 1735 3706 ein Drei¬
517 3665 1415 3715 lebensechteste. Maske, Spiel, Empfindung
502 3686 1741 3744 klang in eins. Irene Triesch bot eine fesselnde Studie zum
520 3734 1756 3785 nrewigen Kapitel des Frauenrätsels, das keines ist, wenn wir
517 3766 1733 3822 unsere Sinne befragen. Sympathisch wirkte Hedwig Pauly,
526 3809 1753 3863 schlicht Hans Godeck, schlichter und ergreifender Oskar
518 3860 1737 3900 Sauer. Eine Ueberraschung aber schuf Else Lehmann,
528 3880 1743 3939 eine Ueberraschung erfreulichster Art. Sie spielte eine einstige
515 3923 1730 3968 Schauspielerin, eine Frau mit Naturinstinkten, die sich nicht zer¬
528 3964 1732 4012 mürben lassen, und spielte sie mit einem Charme und einer
519 4005 1734 4064 Frische, die der Künstlerin ein neues, großes Feld zu eigen
521 4040 1745 4106 gaben. Arthur Schnitzler dankte nach den letzten vier
530 4092 1261 4159 Akten denen, die mitgegangen waren.
1244 4107 1732 4191 Rudolf Herzog.
2084 263 3015 336 Sunden mit direktem Nachrichtendienst durch
2251 314 2764 386 eigene Korrespondenten.
2547 371 2955 448 Telephon: 1l, 3051.
2072 373 2416 449 Berlin N. 24.
1995 439 2548 494 —
2288 490 2734 560 Ausschnitt aus
2062 788 2735 884 Vossische Zeitung. Bertin
2357 875 2707 977 14 FEB. 1903
2268 977 2730 1080 Theater und Musik.
1945 1046 3054 1108 Arthur Schnitzlers neues Schauspiel „Der einsame Wege
1918 1089 3005 1179 fand gestern abend im Deutschen Theater eine Aufnahme,
1923 1132 3066 1225 nach den meisten Akten einem Erfolge glich und nur nach der
1906 1186 3080 1269 vierten Akte einem Mißerfolge wegen einer Dunkelheit des Textes
1906 1236 3090 1309 der die Regie nicht aufzuhelfen im stande war. In diesem
1899 1289 3067 1382 Stücke, in dem auch der Dichter einsame Wege wandelt, kreuzen
1904 1358 3084 1452 sich mehrere Schicksale, und das Publikum hatte einige Mühe, sich
1900 1413 3085 1498 die etwas verschlungenen Fäden zu entwirren, besonders da keine
1921 1445 3084 1530 Hauptfigur sich in den Vordergrund stellt, sondern die Personen
1911 1502 3091 1562 löfen sich ab mit gleichem Werte und gleichem Gewicht mehr nach
1912 1545 3085 1613 der Technik des Romans als nach der des Dramas. Es ist in der Haupt¬
1914 1596 3086 1657 sache die tragische Geschichte von zwei alternden Männern, die einen
1925 1643 3085 1731 einsamen Weg bis zum Ende gehen müssen, weil sie zerstört und
1914 1696 3094 1771 nicht gebaut haben. Der eine sucht seinen Sohn, der rechtlich und
1923 1733 3098 1827 offiziell einem verheirateten Freunde gehört, um ihn ganz zu ver¬
1921 1789 3096 1877 lieren, nachdem er seine Vaterschaft bekanut hat. Der andere
1927 1842 3100 1907 nimmt die rückhaltlose Leidenschaft der Tochter dieses Freundes
1932 1892 3103 1970 an, und da diese ihrem Leben ein Ende macht, bleibt ihm nichts
1932 1925 3102 1998 anderes übrig, als sich auch zu beseitigen. Der eine ist warm, ein
1926 1988 3092 2052 Egoist aus Temperament, der andere kalt, ein Egoist aus Be¬
1938 2028 3104 2109 rechnung, beide werden bankerott und sie schleichen als Bettler
1935 2087 3111 2159 aus dem Hause des Mannes, der von seiner Frau belogen
1935 2123 3115 2205 worden ist wie von den beiden Freunden, dem sich die Tochter
1945 2168 3110 2255 nie aufgeschlossen hat, der aber, weil er sich zu opfern verstand,
1941 2219 3116 2297 wenigstens einen Menschen gewinnt, nämlich den Sohn, auf
1940 2265 3117 2344 den ihm die Natur kein Anrecht gegeben hat. So schließt das Stück,
1937 2324 3119 2397 in dem der Egoismus verschiedenster Arten mit sehr viel Geist
1935 2363 3112 2453 begründet, in dem die Grausamkeit des Lebens mit kühler Ge¬
1941 2434 3123 2503 lassenheit hingenommen wird, in der auf feine Weise fühlbar
1953 2464 3119 2546 gemachten Pointe, daß nur die Selbstlosigkeit Frucht bringt
1950 2511 3127 2593 und nur die Güte sich behauptet, die allerdings mit etwas
1950 2558 3126 2641 Blindheit geschützt sein muß. Für die Aufführung hatte das
1952 2597 3132 2691 Deutsche Theater seine ersten Darsteller aufgeboten. Herr
1951 2653 3127 2742 Rittner gab den natürlichen Vater, der seinen Sohn sucht, um
1956 2703 3126 2783 ihn zu verlieren. Im Anfang wenigstens brachte er das starke
1957 2742 3124 2834 Temperament eines alten Lebensstürmers sehr gut heraus, aber
1962 2795 3128 2890 auf die Dauer gelung es ihm nicht immer, die hohen jugend¬
1954 2846 3126 2938 lichen Töne zu vermeiden, die seinem grauen Barte wider¬
1971 2903 3135 2979 sprachen, und die Rolle des Mannes der gerade dem
1969 2951 3137 3027 Sohne sein Verhältnis zur Mutter sachlichst auseinander¬
1962 2993 3141 3064 setzen muß, bietet wohl einige menschliche Widerwärtigkeiten,
1973 3032 3135 3115 die durch keine Darstellung annehmbar zu machen sind. Eine bessere
1972 3090 3145 3169 Aufgabe war Herrn Bassermann mit der Rolle des kühlen Lebe¬
1970 3130 3139 3223 mannes zugefallen, der im Stück die geistreichsten Raisonzements hat,
1962 3199 3147 3273 und der Künstler gab nicht nur einen Kavalier von tadellosen Manieren
1973 3243 3146 3310 und bei aller Trockenheit verführerischer Distinktion, sondern er schuf
1979 3277 3143 3356 auch einen Menschen, der nach der verschuldeten Katastrophe
1976 3343 3143 3402 aus der Blasiertheit ganz schlicht und ergreifend herauskam.
1963 3376 3152 3453 Nicht ganz verständlich wurde das verführte Mädchen, das sich
1974 3424 3159 3508 in den Teich stürzte, wie überhaupt die Absicht des Selbst¬
1981 3471 3147 3559 mordes nicht gleich verstanden wurde, eine Schuld, die gewiß
1987 3522 3164 3612 nicht Fräulein Irene Triesch, sondern Herrn Schnitzler selbst
1990 3573 3161 3654 beizumessen ist. Sehr gut hielt sich als ihr Bruder Herr
1992 3633 3151 3710 Stieler mit der richtigen Mischung von jugendlicher Zart¬
1978 3662 3158 3745 heit und Männlichkeit. Sein offizieller Vater geriet bei Herrn
1981 3715 3166 3816 Sauer bei aller Tüchtigkeit etwas zu nüchtern und anspruchslos.
1990 3766 3164 3849 In der episodischen Rolle einer früheren Schauspielerin, die sich
1991 3814 3155 3911 ins Landleben zurückgezogen hat, ließ Frau Else Leh¬
1986 3872 3161 3945 mann ihre prachtvolle Laune springen, wie sie auch mit
1999 3914 3171 3994 den melancholischen Tönen dieser Figur, mit der Klage
1987 3950 3173 4032 um versäumte Mutterschaft, aufs innigste ergriff. In Bezug auf
2001 4002 3172 4086 Dekoration hat sich das Deutsche Theater auch durch die neue
1998 4059 3165 4140 drohende Konkurrenz, die uns jetzt verwöhnt, nicht in seiner Tra¬
2001 4106 3174 4191 dition höchst bourgeoiser Nüchternheit und Geschmacklosigkeit er¬
1996 4174 2428 4265 schüttern lassen. A. E.
2838 4195 3002 4260 —
2950 4238 3056 4285 T
2881 4250 2921 4286 8140
