3484 4320
1855 373 1990 454 491
631 467 1228 535 im Gipsmodell entstanden sind,
2596 499 3174 561 den hohen Anforderungen gerecht
641 511 1229 569 nach Florenz über. Hier, in der
2592 552 3174 598 werden, die man in literarischer
639 543 1234 612 Hauptstadt der Renaissance, hat
2596 582 3170 641 Beziehung an Schnitzler zu stellen
641 592 1232 656 sich in unmittelbarem Anschauen
2597 620 3170 677 berechtigt ist. Zwar war auch
642 628 1220 691 der plastischen Schöpfungen Michel¬
2597 658 3184 720 dieser „Schnitzler“ von ganz sub¬
641 672 1228 736 angelos, Donatellos sein Formen¬
2589 696 3173 754 tiler Feinheit im Dialog, er zeigte
634 706 1221 769 sinn noch verseinert, hier lernte
2594 747 3173 792 auch geradezu glänzende Lichtblicke
632 743 1228 809 er vor allem das echte Material
2596 777 3171 829 reichster Poesie, aber die „ewige
643 785 1218 856 würdigen und behandeln. Er ging
2601 817 3171 872 Stille“, die eigentlich das ganze
639 826 1228 880 frisch an die Arbeit, direkt aus
2597 851 3175 909 Stück durchweht, raubt ihm
638 866 1223 927 dem Steine zu hauen und „im
2596 893 3169 948 jeden dramatischen Lebensnerv.
634 907 1211 950 Ste ne zu denken“. Adolf Hilde¬
2592 932 3170 989 Arthur Schnitzler hat einen No¬
633 951 1224 1004 brand hat die Technik der Steinarbeit
2590 978 3177 1027 vellenstoff für ein Drama zurecht
629 985 1221 1035 erst wieder als unbedingte Vor¬
2583 1013 3163 1060 gemacht, der in seiner seinen Aus¬
635 1027 1216 1080 aussetzung eines streng plastischen
2585 1046 3173 1104 arbeitung gewiß eine sehr inter¬
642 1064 1220 1127 Stiles gefordert. Diesen strengen,
2587 1085 3164 1139 essante und lesenswerte Lektüre
636 1102 1205 1163 klaren plastischen Stil hat Rech¬
2594 1128 3174 1185 bildet, aber auf der Bühne
629 1142 1209 1197 berg in der Marmorausführung
2593 1171 3056 1226 absolut wirkungslos bleibt.
633 1182 1224 1232 seines „Jünglings von Sais“ und
2684 1209 3168 1257 Der Maler Julian Fichtner
635 1220 1223 1282 des „Moses“ erreicht. Seinen
2580 1231 3163 1296 hat einst im Jugendübermut die
629 1263 1223 1313 Moseskopf hat er aus dem Mar¬
2592 1288 3169 1343 Braut seines Freundes, des jetzigen
635 1304 1211 1349 morblock herausgearbeitet, daß
2587 1320 3172 1376 Akademie=Direktors Wegrath, in
625 1331 1220 1389 Haar und Bart in schweren, fast
2585 1354 3174 1411 seine Arme gerissen, und dann ist
629 1366 1212 1430 ungestalteten Massen erscheinen,
2586 1402 3166 1458 er hinaus gestürmt in die Welt,
628 1416 1220 1465 aus deren Tiefe nur die Gesichts¬
2580 1439 3153 1501 das Leben zu genießen und die
623 1460 1211 1511 züge in ihrem grüblerischen
2580 1474 3166 1533 Blumen zu brechen, wo sie blühen.
626 1496 1222 1547 Wesen, in ihren vibrierenden
2588 1522 3155 1561 Sein Kind, sein Sohn ist als Kind
629 1521 1218 1582 Lebensformen herauswachsen.
2585 1556 3160 1611 des Freundes aufgewachsen, geliebt
626 1569 1208 1628 Das ist von tiefer Wirkung,
2580 1596 3162 1649 und behütet worden, und die Mutter
622 1618 1209 1667 deren Vorbild man vielleicht bei
2576 1638 3152 1683 des Kindes hat es sogar vermocht,
633 1656 1215 1705 Rodin zu suchen hat. Leider
2583 1677 3165 1730 dem einstigen Verfuhrer freund¬
624 1690 1218 1744 haben wir den Kopf nicht zur Ab¬
2576 1719 3158 1776 schaftlich im eigenen Hause zu be¬
622 1727 1204 1785 bildung bringen können. Michel¬
2575 1750 3163 1810 gegnen. Da stirbt die Mutter,
623 1768 1212 1833 angelos Moses ist ein Gottmensch,
2581 1791 3151 1844 und der Sohn, der am Vorabend
627 1806 1215 1873 ein titanischer Willensmensch, der
2582 1835 3154 1885 ihres Todes mit ihr plaudert,
619 1846 1210 1903 in großartigem Zorn entbrennt,
2573 1865 3161 1921 liest in ihren Augen und in den
629 1878 1216 1943 in Rechbergs Moses spricht nicht
2574 1905 3162 1959 seltsamen Erzählungen aus der
618 1920 1214 1982 der Wille, sondern die grüble¬
2575 1947 3161 2005 Jugendeeit mehr, alsger wissen
622 1972 1204 2021 rische, schmerzvolle Erkenntnis,
2573 1978 3159 2035 soll. Als er zu Julian Fichtner,
619 2011 1199 2064 daß es vergeblich ist, hohe, edle
2569 2022 3152 2074 dem Moler, kommt, den er kennt
628 2036 1206 2103 Gedanken ins Volk zu tragen.
2570 2063 3159 2111 und schätzt, um sich ein Bild der
629 2074 1214 2135 Der semitische Typus, der im
2574 2111 3160 2155 Mutter aus der Jugendzeit zeigen
625 2124 1200 2178 Kopfe angedeutet ist, im Prosil,
2585 2145 3169 2192 zu lassen, erkennt er mit Entsetzen,
614 2158 1202 2213 in den sinnlich=vollen Lippen, ist
2577 2184 3169 2232 daß seine dunklen Ahnungen Wahr¬
612 2195 1200 2238 durch die Fülle geistigen Lebens
2578 2215 3161 2273 heit geworden, daß sein wirklicher
2578 2259 3156 2318 Vater vor ihm steht. Fichtner will
620 2200 1213 2333 eeen en en
2578 2295 3158 2348 den Sohn, nach dem er sich sehnt,
612 2318 1203 2374 arbeiten die Gedanken in den
2573 2338 3160 2389 in seine Arme schließen, aber der
618 2353 1209 2412 vibrierenden, sich leise bäumenden
2578 2376 3160 2422 Sohn weicht abwehrend zurück. Er
620 2393 1197 2449 und drängenden Formen ein
2565 2412 3156 2471 verachtet den Mann, der schuld
615 2433 1207 2492 schwermütiges, kummerreiches
2579 2454 3160 2496 ist, daß an einem Mann, der
611 2467 1206 2519 Denken und Erkennen. In den
2579 2496 3163 2551 ihm nur Gutes erwiesen hat, ein
605 2518 1196 2570 tiefen, umschatteten Augenhöhlen
2574 2536 3154 2588 so grausamer Betrug geübt ist.
612 2555 1204 2614 liegen in trübseligem, unge¬
2568 2564 3156 2631 Julian Fichtner muß einsam seinen
620 2589 1194 2644 wissem Dämmer die tränenum¬
2564 2610 3153 2661 Lebensweg zu Ende gehen, und
614 2631 1193 2693 florten Augen. Wie tiefes Leid
1415 2624 2353 2702 Mebucadnezar. Büste von Arnold Rechberg.
2564 2658 3158 2706 inzwischen ist auch Felix Wegraths
609 2671 1197 2727 dieses ganze Gesicht durch¬
2556 2690 3156 2734 Schwester den einsamsten aller
613 2713 1201 2768 arbeitet hat, wie sich die geistigen
2559 2730 3150 2787 Wege gegangen, den in den Tod.
621 2750 1855 2813 Anstrengungen in den fein durchgearbeiteten lebenden Formen der Stirn
1913 2757 3152 2821 Den Weg, auf dem wir immer allein sind, wo uns niemand, selbst die
618 2787 1845 2852 konzentrieren, wie die Qualen sich über das ganze Antlitz legen, wie der
1917 2805 3149 2851 Treuesten, nicht begleiten. Sie hat den einsamen Weg betreien, weil der
618 2834 1848 2896 Künstler also alle Formen zum Leben geweckt und durchgeistigt hat, be¬
1914 2851 3148 2901 Mann, den sie liebt — auch ein Lebemann, der das Leben bis auf die
610 2868 1441 2923 zeugt eine außergewöhnliche plastische Begabung
1921 2891 3151 2945 Neige gekostet —, dem Tode geweiht ist und er ihr nicht mehr das geben
725 2909 1838 2969 Nach dem Moses entstand die Büste des Nebukadnezar, vorläufig
1907 2927 3135 2980 kann, was ihre stürmische, leidenschaftliche Seele verlangt. Sie geht den
616 2937 1839 3013 erst im Gipsmodell. Der Künstler hat in diesem Kopfe den Moment
1915 2961 3135 3011 einsamen Weg zuerst, auf dem ihr Stephan von Salm bald folgt.
614 2987 1847 3048 festgehalten, wo Nebukadnezar, vom üppigen Mahle, von Weingenuß und
1912 3002 3140 3041 Johann Wegrath ist weniger eine Schnitzlersche, als eine Ibsensche Er¬
612 3028 1851 3061 sinnlichen Leidenschaften umnebelt, aufschauend an der Wand das furcht¬
1918 3040 3147 3084 scheinung. Sie spricht in ungelösten Rätseln. von weiten Fernen. Sie
608 3065 1850 3127 bare Mene tekel erblickt. Hier ist also wieder eine momentane seelische
1916 3086 3141 3136 erscheint wie eine Sphinx=Natur, ewig sochend, grübelnd, werselnd, „vor
603 3098 1854 3162 Erregung mit großr Intensität festgehalten. Wie charakteristisch ist der
1923 3116 3148 3173 sich selbst erschauernd“. Für die etwas mystisch angehauchte Erscheinung
602 3143 1851 3198 geöffnete, vom Genuß erschlaffte und im Genuß unersättliche Mund.
1921 3158 3134 3201 konnte sich der Dichter kaum eine passendere Vertreterin denken, als
606 3193 1852 3232 Die Augen sind aufgerissen vor Entsetzen über die rätselhafte, unheimliche
1926 3200 3133 3243 Hedwig Reicher. Sie hatie nicht allein die notwendige Poesie,
603 3229 1839 3273 Mahnung. In der emporgereckten Haltung des Kopfes liegt das plötz¬
1928 3237 3131 3285 sondern gab auch eine scharf geprägte Individualität jener seltsamen
607 3265 1844 3323 liche Auffahren des Überraschten, in dem Rechberg wieder ein Typus,
1923 3275 3138 3319 sehnsüchtigen Frauen, die seit einiger Zeit die moderne Liieratur
604 3289 1838 3371 der des Genußmenschen, aus schnet gelungen ist. Alle diese plastischen
1915 3308 3144 3366 geradezu überschwemmt haben. Diese „Sehnsucht“, die m ist ihren
612 3341 1104 3390 Werke, die noch vervollstän'
1146 3346 1853 3400 #rden durch eine Reihe von Studien zu
1911 3356 3140 3394 Ursprung in „Hysterie“ hat, wußte Hedwig Reicher mit dem ganzen
606 3374 1836 3445 größeren Arbeiten, mit den der Künstler beschäftigt ist, werden Anfang
1920 3391 3140 3429 eigenen Reiz ihrer Persönlichkeit wiederzugeben, so daß wir unwill¬
609 3417 1834 3479 des Jahres 1905 im Leipzige. Kunstverein ausgestellt. Diese Ausstellung
1909 3436 3126 3484 kürlich durch Johanna Wegrath gefesselt waren, obwohl der Dichter
599 3463 1845 3510 wird ohne Zweitel die Aufmerksamkeit in hohem Grade auf den Künstler
1913 3464 3132 3526 diese Frauenzeichnung in psychologischer Hinsicht arg vernachlä sigt
607 3496 1849 3569 lenken, in dem die Gabe des plastischen Gestaltens fast ungestüm zum
1904 3502 3144 3558 hat und es wirklich ein Kunststück ist, diese Johanna nur halb¬
600 3543 1839 3596 Durchbruch gekommen ist, der sich in unermüdlicher Arbeit seinen
1915 3547 3135 3598 wegs annehmbar hinzustellen. Der ganze mystische Ton des Stückes
597 3584 1843 3641 plastischen! Stil erwirbt, und dessen weiterer Entwickelung wir mit
1909 3592 3126 3636 lag überhaupt den mitwirkenden Künstlern nicht, und dem Publikum,
614 3617 1163 3680 Spannung entgegensehen müssen.
1424 3618 1749 3685 Dr. Paul Kühn.
1908 3624 2728 3685 das sehr unruhig war und blieb, noch weniger.
2015 3669 3124 3721 Lothar Mehnert bemühte sich zwar als Stephan
1893 3704 2131 3765 von Salm
2174 3709 2760 3769 auch eine Ibsensche Figur
1034 3691 1419 3786 Vereiyiste
2820 3713 3129 3775 dem Publikum
1893 3754 3140 3794 noch etwas Interesse durch seine stark aufgetragene Selbstironie
1903 3794 3127 3848 aufzuzwingen, aber es ging nicht, so glücklich auch der Künstler
697 3761 1733 3855 loeipziger Schauspielbäuser.
1891 3831 3128 3877 die Rolle erfaßte. Herr Mühlhofer als Julian Fichtner
1894 3875 3118 3927 konnte durchaus nicht überzeugen, weder als leichtfertiger Jung¬
813 3865 1631 3937 Leipziger Schauspielhaus.
1891 3910 3128 3968 geselle noch als liebender Vater und Kurt Böticher glaubte,
719 3930 1828 3993 Ein neuer Schnitzler, „Der einsame Weg“, der am Leipziger
1893 3954 3128 4014 Kindesliebe, Rechte und Pflichten, die sich ja bei ihm nicht
594 3971 1832 4043 Schauspielhause erstmalig in Szene ging, konnte leider in keiner Weise
1891 3993 3136 4050 recht ans Licht der Welt wagen durften, so diskret behandeln
