3436 4352
1375 370 1846 471 box 23/1
786 387 914 447 1S 6
220 382 1245 485 18. Der einsane Neg
602 1680 3322 1879 menn muteee Bieser Amstand vulerstraße wurde wegsallen und das ganze Ge¬ Terrain in Anspruch nehmen müsse, als wenn ##
2356 1891 3300 1949 Umso tiefer war der Eindruck, den Maeterltucks
1319 1911 2325 1993 zerrte. All das ist „der Schlachtenlenker“, und keiner
2312 1928 3301 1998 „Schwester Beatrix“ machte. Der Stoff, der dieser hold¬
1339 1933 2315 2018 hat es besser gewußt als Shaw; macht er doch z. B.,
624 1920 1072 2042 Feuilleton.
2311 1966 3299 2042 seligen Klosterlegende zugrunde liegt, gehört zu den
1332 2005 2304 2069 als der Duft eines Taschentuches die Besitzerin verdäch¬
2309 2024 3291 2079 Schätzen der Weltliteratur und hat in Gottfried Kellers
1331 2037 2313 2092 tigt, die reizende Zwischenbemerkung: „Das duftende
618 2029 1062 2103 Berliner Theater.
2306 2060 3295 2136 Erzählung „Die Jungfrau und die Nonne“ eine über
1338 2081 2313 2144 Taschentuch taucht achtzig Jahre später in Victorien
538 2090 1157 2168 Von Dr. Max Meyerfeld.
2307 2097 3296 2188 alle Maßen herrliche Fassung erhalten (ich brauche
1333 2128 2312 2178 Sardous Drama „Dora“ wieder auf.“ In letztem
405 2130 1333 2215 Neues Theater (10. Februar): „Der Schlachten
2321 2153 3299 2218 Schweizer Lesern gewiß nicht den Inhalt nachzuerzählen).
1328 2151 2314 2227 Betracht gibt sich aber der burleske Einakter als eine
341 2199 1330 2259 lenker“. Komödie in einem Aufzug von Bernard
2312 2187 3300 2262 Es steckt in dieser Sage eine ganz unkatholische, ja un¬
1343 2216 2314 2269 Vorstudie zu desselben Dichters Komödie „Arms and
347 2239 1336 2303 Shaw. Deutsch von Siegfried-Trebitsch. — „Schwester
2311 2232 3296 2300 christliche Weltanschauung, die in die lichten Höhen der
1338 2237 2321 2322 the Man“ (Arme Ritter) und erörtert den Begriff des
344 2269 1332 2343 Beatrix“. Eine Legende in drei Akten von Maurice
2309 2281 3301 2361 Goetheschen Ballade „Der Gott und die Bajadere“ weist.
1336 2301 2311 2366 soldatischen Heldentums. Wie nimmt sich die vielge¬
340 2326 1336 2380 Macterlinck. Deutsch von Friedrich v. Oppeln¬
2308 2333 3293 2402 Wie dort „freut sich die Gottheit der reuigen Sünder“
1336 2342 2315 2404 rühmte Tapferkeit der Truppen bei Lichte aus? Der
341 2368 1340 2437 Bronikowski. Als eine Nichtigkeit hat Beinard Shaw
2309 2371 3301 2452 ja mehr noch, das schöne Wort erfüllet sich: dir soll
1345 2397 2317 2445 kompetenteste Beurteiler, Napoleon selbst, sagt es: „Die
349 2416 1335 2474 selbst einen „Man of Destiny**) bezeichnet (Komödie
2318 2412 3324 2492 vergeben werden, weil du viel geliebet hast. Und die
1337 2435 2323 2502 Angst ist es, die die Menschen in den Kampf treibt.
354 2452 1343 2517 heißt sie auf dem Zettel — was man nicht definieren
2318 2474 3316 2525 Jungfrau in ihrer Gloria, sonst die schmerzensreiche, gibt
1340 2473 2326 2541 Gleichgültigkeit läßt sie davonlaufen. Angst ist die
343 2493 1335 2564 kann, das sieht man als Komödie an) und damit seine
2314 2511 3303 2579 sich hier als scherzensreiche; verschmäht es nicht, den
1333 2514 2319 2588 Haupttriebfeder des Krieges — Angst! — Kommen
347 2547 1335 2598 Napoleonanekoote recht bescheiden eingeschätzt. Diese
2317 2551 3299 2612 frommen, aber unduldsamen Schwestern ein Schnipp¬
1335 2567 2323 2624 Sie mit mir, und ich will Ihnen zwanzigtausend Feig¬
348 2582 1333 2658 Bravouiszene zwischen dem jungen Sieger von Lodi und
2312 2592 3293 2650 chen zu schlagen, indem sie alle die Jahre in der Ge¬
1334 2597 2320 2677 linge zeigen, die jeden Tag dem Tod ins Auge schauen
351 2631 1340 2702 einer mit allen Hunden gehetzten fremden Dame, die
2321 2623 3303 2705 stalt der Sinnenbrünstigen ihre Dienste verrichtet. Doch
1332 2655 2321 2717 um den Preis eines Glases Branntwein.“ Und damit
345 2678 1337 2734 vielsagenderweise aus Irland stammt wie der mit allen
2309 2666 3307 2744 was bei Meister Gottfried im Rahmen der Novelle von
1338 2691 2326 2753 reimt es sich, wenn ein junger Leutnant, der sonst die
352 2719 1334 2792 Hunden gehetzte Verfasser, — dieses Wortgeplänkel
2307 2720 3302 2807 göttlicher Naivität durchtränkt ist, hat Mattre Maurice
1338 2744 2309 2806 Weisheit wirklich nicht mit Löffeln gegessen hat, in Ge¬
363 2767 1335 2824 son molto brio ist doch mehr als ein geistreichts
2321 2765 3307 2836 zu tragischen Klängen abgestimmt. Er wollte ein Opern¬
1345 2781 2313 2846 genwart seines Generals die tollkühne Behauptung auf¬
354 2805 1339 2866 Intrigenspiel. Mehr als eine französische Konvet¬
2314 2808 3296 2874 libretto geben. Ohne die Mitwirkung der Musik wäre
1329 2826 2321 2887 stellt, die Schlacht bei Lodi habe nicht Feldherrngenie
360 2853 1342 2910 ationsbluette, die damit endet, daß die listenvolle Frau
2309 2847 3301 2918 denn auch seine Dramatisierung Stückwerk. Anderseits
1341 2886 2323 2935 gewonnen, sondern eigentlich sein Pferd, das die Furt
345 2899 1323 2953 den bedeutenden Mann überlistet und in ihre Netze lockt
2315 2898 3304 2959 liegt die Gefahr nahe, daß durch diese Verbindung der
1337 2899 2323 2967 über den Fluß gefunden habe. Diese Gedanken werden
344 2945 1343 2999 Mehr sogar als eine Verspottung der Heldengröße vom
2318 2944 3297 3012 beiden Künste der Zwitter Melodram entsteht. Max
1338 2959 2320 3017 in dem andern Stück ergötzlich weitergesponnen. Einst¬
345 2986 1341 3039 Kammerdienerstandpunkt aus, den gerade Napoleon"ge¬
2307 2992 3302 3053 Marschalk, dem die dankbare Aufgabe zufiel, den Text
1337 2996 2316 3060 weilen schien das Publikum — zumal bei der augen¬
347 3028 1339 3093 genüber der vielgewandte Hermann Bahr in seiner
2325 3021 3303 3105 musikalisch zu illustrieren, bringt für derartig heikle
1340 3039 2318 3104 blicklichen politischen Lage — über die Philosophie des
362 3072 1334 3133 „Josephine“ mit Glück vertreten hat. Eine Auffassung
2315 3082 3300 3143 Arbeiten den feinsten Takt und eine bewährte Hand mit.
1346 3092 2314 3152 ungläubigen Thomas aus Irland verblüfft; es wußte
354 3119 1339 3170 übrigens, die auf keinen Geringeren zurückgeht als auf
2314 3119 3293 3175 Dennoch ließ sich keine volle Harmonie erzielen. Ge¬
1345 3134 2317 3191 nicht recht, ob es die Paradoxien für bare Münze
353 3160 1342 3217 Shakespeare, der in „Troilus und Cressiva“ die Helden
2317 3164 3306 3235 legentlich drängt sich die Musik, die in der Hauptsache
1336 3175 2321 3233 nehmen sollte, und bereitete daher dem witzsprühenden
346 3195 1331 3272 des trojanischen Krieges ins menschlich Niedrige herab¬
2318 3200 3297 3270 die Parsifal=Mischung von katholischer Verzückung und
1343 3216 2321 3274 Werkchen, dessen Vorzüge bei der Lektüre weit stärker
2311 3252 3303 3311 heidnischem Sinnentaumel zu bieten hat, selbstherrlich
1338 3264 2317 3324 zur Geltung kommen, kaum mehr als eine laue Auf¬
439 3258 1334 3345 *) Buchausgabe (Uebersetzung von S. Trebitsch) im
2304 3293 3334 3363 hervor. Manches ist wundervoll gelungen, so besonders ##
1332 3317 1527 3374 nahme.
353 3324 948 3398 Veriug von S. Fischer, Berlin.
