3392 4320
244 244 1234 335 18. Der einsane Neg
1400 238 1856 322 box 23/5
2405 709 2517 775 84
1881 755 3113 838 D Sacsgslung
2310 857 2999 942 Donnerstag, 7. Juli 1927
1943 1022 3123 1093 Der Abend ist hereingebrochen und eine runde feurige
1868 1092 3121 1134 Mondkugel gleitet am Firmament entlang. Kurz vor dem Ein¬
1889 1100 3116 1185 gang zum Hotel schleicht ein Neger zu mir heran, grüßt höflich
1890 1159 3120 1216 und fragt, ob ich keine Arbeit für ihn hätte. Der Kerl ist
1887 1192 3120 1254 sauber gekleidet, sein weißer Talar und seine weiße Mütze sind
1896 1218 3133 1289 ohne Flecken und er hat neben einer vollendeten Grazie in den
1890 1261 3117 1324 Bewegungen, wie sie eben nur den Naturvölkern zu eigen ist,
1888 1298 3120 1365 die reinste Unschuld im Blick seiner Augen. Als ich ihm etwas
1905 1353 3129 1399 erstaunt seine Frage verneine und merke, daß er noch keine Lust
1898 1379 3047 1454 spürt zu gehen, frage ich ihn, ob er denn nichts zu tun habe.
1973 1410 3131 1479 „Jawohl, Bwanal ich arbeiten in Kilindini, aber an den
1899 1452 3125 1519 Weihnachts= und Neujahrstagen ist nichts los und da möchte ich
2981 1483 3127 1544 lgisch¬
1892 1502 2635 1585 gern was für Sie tun.“ Er nimmt
2983 1532 3128 1576 einen
2979 1559 3132 1628 1 be¬
2973 1604 3131 1657 gt er
3021 1641 3133 1686 den
2987 1678 3129 1731 Stadt
2052 1642 2714 1761 Dr. Max Goldschmidt
2996 1719 3127 1785 gehe,
2060 1722 2697 1819 Büro für Zeitungsausschnitte
3004 1772 3137 1850 tun.
2418 1780 2866 1860 Teleion: Norden 3051
1887 1814 2175 1897 BERLIN N4
2212 1902 2555 1975 Ausschnift aus:
1941 1957 2845 2049 Deutsche Tageszeitung Berlin
2403 2062 2863 2195 1.7. Juli 1924
2865 2141 2961 2205 400
2123 2231 2907 2325 Münchener Theater.
1988 2294 3152 2364 Die Sommermonate stehen hier wie überall, im Zeichen der
1921 2361 3139 2417 Gastspiele. Aber diesmal kann man die erfeuliche Feststellung
1921 2387 3144 2452 machen, daß die eim letzten Jahr aufgestellte Forderung, die Rück¬
1921 2424 3149 2490 sicht auf die „Bombenrolle“ möchte der Qualität der Werke nicht
1928 2466 3143 2527 immer übergeordnet werden, erfüllt worden ist. So brachte uns
1919 2501 3139 2556 Alexander Moissi Pirandellos hier noch nicht ge¬
2414 2539 3154 2597 , diese Tragödie des Geisteskranken,
1913 2552 2350 2618 hörten „Heinrich
1909 2580 3147 2637 der von zwölfjährigem Irrwahn geheilt, der Versuchung nicht
1925 2633 3143 2696 widersteht, freiwillig den Wahn weiterzuspielen, der ihm als
1920 2655 3151 2730 unumschränkten Beherrscher seiner Umgebung das phantastisch
1931 2705 3153 2771 schöne verantwortungslose Leben seiner Krankheitstage sichert.
1932 2752 3151 2815 Es ist eine unheimliche Erfahrungsphilosophie, die Pirandello
1923 2788 3151 2857 predigt, doppelt unheimlich durch Moissis geniale Fähigkeit, an
1925 2843 3163 2902 einer anscheinend skurrilen Anekdote letzte menschliche Tiefen
1931 2876 2389 2935 transparent zu machen.
2010 2898 3155 2966 Ein Typus jener Bankerotteure des Lebens, denen es nicht
1913 2950 3158 3014 gelingt, ihr Bild der Umwelt aufzuzwingen, war jener un¬
1923 2977 3153 3059 glückliche Kaiser Maximilian von Mexiko, dem Werfel in
1926 3015 3151 3090 seiner vielgespielten und vielbesprochenen dramatischen Historie:
1933 3067 3152 3125 „Juarez und Maximilian“ ein leider allzu sentimen¬
1922 3102 3160 3151 tales Denkmal setzt. Dieser von vornherein unterlegenen Figur
1929 3140 3165 3194 gegenüber hatte Ernst Deutsch als jugendlicher Porfirio Diaz
1928 3178 3165 3248 leichtes Spiel. Wenn je ein politischer Dichter gegen seinen
1931 3221 3160 3268 Willen dem Gegener Wasser auf die Mühle treibt, dann tut
1937 3254 3154 3316 das Werfel in diesem republikanischen Freiheitslied, in dem die
1937 3295 3156 3348 monarchische Idee nur darum unterliegt, weil ihr Vertreter den
1937 3349 3163 3392 Radikalismus des sich Selbstbehauptens um jeden Preis, den
1949 3379 3156 3431 Radikalismus, also der Juarez=Lenins, als Einzelpersönlichkeit
1941 3409 3160 3467 zufällig nicht hat. Ob diese immanente Wahrheit seines Werkes
1939 3448 3168 3503 dem Dichter eigentlich nicht zu denken geben sollte? Sybille
1947 3487 3170 3541 Binder als Gast in der Rolle der Königin Charlotte war von
1935 3529 3162 3582 krankhaft melancholischem Reiz; zur reicheren Entfaltung ihrer
1944 3566 3165 3624 unendlich differenzierten Mittel aber bot ihr Shaws „Arzt
1940 3605 3173 3667 am Scheideweg“ willkommene Gelegenheit, wo sie und
1939 3647 3166 3693 Ernst Deutsch das junge Paar Dubedat gaben. Auch im Zu¬
1946 3682 3158 3740 schauerraum unterlag man bedingungslos der Suggestion dieses
1946 3713 3170 3778 genialen Ammoralisten und seiner in ihrer tiefen Bezauberung
1945 3755 3172 3816 selbst so bezaubernden jungen Frau, und der Schwerpunkt des
1944 3805 3167 3848 Werkes wurde, trotzdem Gerhard Ritter den Arzt am
1952 3833 3183 3892 Scheideweg breit, rund und ganz von innenheraus gewachsen hin¬
1946 3873 3169 3938 stellte durchaus verschoben durch die beiden Berliner Gäste. Ihre
