3436 4224
2915 78 3159 138 Seite 15
2259 83 2666 142 22. Fehruar 1914
1480 84 2083 150 Fremnden-Blatt.
907 82 1217 159 Wien, Sonntag
419 81 607 161 Nr. 52
1123 131 1212 201 b
2892 131 3041 296 20
2651 212 2734 334 6
1100 173 2607 354 euilleton-Bellase.
2999 331 3181 422 E
946 365 1009 435 1
2635 407 2859 481 gem ana n
1887 422 1943 484 Sen
2100 415 2289 490 L
1406 418 1726 502 TREER ERAETERRRRRREE
535 417 1019 508 WIRTERTEE   N E
1788 470 3205 574 machen; sie wußten es besser. Denn sie alle waren durchweht von dem
735 515 1414 610 „Der einsame Weg“.
1800 546 2896 614 Erkennen, „wie grenzenlose Weiten Menschen trennen“.
1892 585 3208 663 Oskar Wilde, der früh verstorbene Verwandte dieser Generation, sagt
369 577 1796 679 Anmerkungen gelegentlich der Erstaufführung des SchnitzlerschenSchauspiels
1799 641 3208 708 einmal: „Ein Zyniker ist ein Mensch, der on allen Dingen den
909 643 1257 720 im Burgtheater.
494 668 584 755 MP
1802 684 3211 757 Preis und von keinem den Wert weiß. Ein Sentimentaler ist ein
866 689 1311 776 Von Felix Salten.
1797 723 3214 807 Mensch, der allen Dingen einen lächerlichen Wert beimißt und von
376 733 451 828 9
619 732 1593 822 „Jetzt sprich'; denn es durchweht mich ein Erkennen,
1803 770 3209 847 keinem einzigen den Marktpreis kennt.“ Mitten zwischen solchen Gegen¬
607 802 1442 862 Wie grenzenlose Weiten Menschen trennen.“
1799 818 3212 891 sätzen wandelte diese Generation ihren Weg. Aber doch nicht ganz
482 840 1791 917 Diese Verse kamen mir plötzlich in den Sina, während ich nach
1792 879 3209 934 durch die Mitte. Doch mehr am Rande des Zynismus, den sie
374 899 1797 957 der Aufführung des „Einsamen Wegs“ im zögernden Gedränge der
1804 924 3217 990 nicht ganz so grausam fürchtet, nicht ganz so ängstlich meidet wie
392 944 1802 1012 Menschen den Theatersaal verließ. Sie sind von einem Siebzehn¬
1792 974 3212 1060 die Sentimentalität. Diese jungen Männer kannten den Preis und
390 990 1800 1060 jährigen, diese Verse, und das mag nun länger als zwanzig Jahre
1800 1021 3220 1103 kannten den Wert der Dinge. Ihre Schätzung ging selten fehl, denn
388 1043 1797 1114 her sein, seit ich sie zum ersten Male hörte. Aber noch habe ich die
1804 1061 3214 1135 sie waren alle sehr lebensklug. Und weil sie so klug waren, weigerten
391 1087 1800 1151 Stimme nicht vergessen, mit der uns Hugo v. Hofmannsthal damals
1798 1117 3215 1194 sie sich oft, den Preis der Dinge zu zahlen und hüteten sich noch
390 1142 1807 1203 seine erste Dichtung vorlas, die jene Verse enthält. Eine ganz junge
1805 1175 3211 1232 öfter, den Wert der Dinge mit allzu warmen Worten anzuerkennen.
383 1187 1799 1255 Stimme war es, die in hohen Tönen leicht ins Kippen geriet, die
1804 1216 3220 1290 Das Leben, im ganzen genommen, fand ihre uneingeschränkte Aner¬
384 1233 1800 1299 wunderbar erfüllt schien von Energie, herrlich gestrafft von einer
1810 1250 3219 1328 kennung. Aber in der Loge, von der aus jeder von ihnen das
380 1271 1797 1363 rätselhaften Reife des Charakters und die zugleich wie durchfroren war
1808 1312 3224 1379 wunderbare Schauspiel des Daseins betrachtete, duldete keiner einen
388 1331 1805 1394 von einer merkwürdigen Kälte des Gemüts. Denselben Abend warf
1801 1357 3228 1440 Genossen, einen Nachbar oder Gefährten. Niemand sollte störend ein
384 1375 1804 1447 einer aus unserer Mitte, während man über den Begriff der Freund¬
1811 1425 3227 1482 Wort, einen Ausruf, einen Seufzer dazwischen werfen. Nur Zwischen¬
1508 1426 1798 1499 Ich glaube,
399 1438 1436 1512 schaft debatiertte, die Bemerkung hin: „Freunde
1802 1464 3229 1533 aktgespräche waren etwa erlaubt. Aber es durfte nicht geschehen, daß
403 1480 1812 1550 wir machen einander nur nicht nervös . .. das ist alles.“ Und auch
1813 1521 3222 1589 man während eines Erlebnisses mit einem anderen verschmolz. Mit
404 1528 1810 1601 seine Stimme war von Kälte angehaucht, während er diese Meinung
1807 1556 3237 1641 einem anderen Eins werden ... Das war unmöglich, war, wo es sich
408 1585 645 1664 aussprach.
1814 1616 3230 1679 bedauerlicherweise doch begab, eine Schwäche oder ein Unglück, oder
506 1599 1797 1680 Herr Siephan v. Sala, der interessanteste Mensch in Artur
1819 1674 1993 1744 beides.
400 1667 1809 1747 Schnitzlers Schauspiel und vielleicht überhaupt der interessanteste
1934 1689 3234 1793 In diesem Wunsch und Streben nach Einsamkeit liegt sehr viel
398 1720 1814 1799 Mensch, der seit langer Zeit auf dem Theater gesehen wurde, sagt zu
1819 1746 3222 1826 Stolz. In dieser Sucht, sich selbst zu bewahren, ein Einzelner zu
398 1772 1797 1836 dem Maler Fichtner: „Wir bringen einander die Stichworte so ge¬
1813 1787 3226 1865 bleiben, liegt resignierte Kraft und ein nobles Verzichten. Nur eines
404 1815 1803 1891 schickt — finden Sie nicht? Es gibt pathetische Leute, die solche Be¬
1824 1838 3230 1921 scheint hier zu fehlen: die Empfindung, die sich einmal, ein einzigesmal
402 1874 1811 1938 ziehungen Freundschaft nennen. Uebrigens ist es nicht unglich, daß
1810 1895 3233 1966 königlich verschwendet hat. Ohne diese Verschwendung mutet all die
397 1911 1830 1989 wir uns im vorigen Jahrhundert „du“ gesagt. Am Ende gar, daß
1820 1938 3229 2013 stolze Zurückhaltung wie Knauserei an. Man denkt manchmal an eine
409 1973 1811 2039 Sie sich an meinem Busen ausgeweint hätten.“ So spricht der Herr
1818 1989 3233 2058 Türftigkeit des Gemütes, die in ihrer instinktiven Selbsterkenntnis
400 2024 1266 2089 v. Sela zu dem Gefährten seiner Jugend.
1829 2038 3232 2113 Angst hat, sich allzurasch zu verbrauchen, und deshalb spart. Be¬
1812 2082 3232 2153 kanntlich hat niemand so viel Spruche zur Hand wie der Geizige.
501 2115 1817 2192 All das sind Worte der Einsamkeit. Die Generation, die mit dem
1817 2128 3236 2216 Deshalb denkt man bei all den geistreichen Formeln und Aphorismen,
419 2172 1829 2244 siebzehnjährigen Hofmannsthal jung gewesen ist, empfand ein unüber¬
1817 2178 3233 2267 in denen diese Generation ihre Klugheit funkeln läßt, daß das Gemüt
413 2220 1815 2299 windliches Mißtrauen gegen eine gar zu nahe Geselligkeit, ein fast weh¬
1821 2231 3238 2303 doch darben mußte. Unwillkürlich und mit einem Lächeln denkt man
402 2281 1818 2345 leidiges Mißtrauen gegen pathetische Worte, die sich in den Alltag
1827 2281 3243 2372 bei ihrem peinlichen Abscheu vor jeder innigen und nahen Gemeinschaft
407 2323 1831 2396 verirren. Und sie achtete sorgsam darauf, Distanz zu halten. In ihrer
1826 2324 3235 2404 an Cottfried Kellers gerechte Kammacher. An diese drei dürren Ge¬
415 2368 1824 2434 Art, das Leben anzufassen und es zu leben, war eine vornehme künst¬
1830 2370 3240 2455 sellen, die unter gemeinsamer Decke nebeneinander und doch jeder allein
403 2406 1826 2486 lerische Geschmaekstultur wunderlich gemengt mit einem gesellschaftlichen
1830 2428 3236 2506 liegen, und die, wenn man „Feuer“ schreit, aufspringen und am Fuß¬
416 2462 1822 2542 Taktgefühl von äußerster Wachsamkeit und mit der peinlichen Sorge,
1831 2472 3244 2541 boden die Kachel suchen, darunter sie ihre Ersparnisse bewahren. Da
421 2489 1827 2573 unter allen Umständen sich selbst und seine Haltung zu bewahren. Diese
1833 2523 3242 2587 siehen sie nun, jeder auf seiner Kachel, jeder einsam und nur um sein
417 2564 1834 2631 Grundsätze, die unzählige Male in den Gesprächen wie in den Büchern
1820 2573 3236 2650 bißchen Habe besorgt. Keiner dem andern verbunden, keiner zur Teil¬
412 2604 1832 2681 dieser jungen Menschen aufs geistreichste formuliert wurden, brachten
1841 2613 3239 2701 nahme für den andern bereit. Gerecht . . . aber arm! Lieber Gott,
406 2660 1823 2727 in die Existenz dieser jungen Leute manchmal die Fatalität des
2499 2661 2755 2755 .. komisch.
1830 2681 2513 2765 wie arm! Und im letzten Sinne
416 2707 1829 2772 Programmatischen und gelegentlich auch die noch ärgere Fatalität des
411 2757 1838 2822 Snobismus. Sie waren vielleicht, am Anfang, in ihrer Jugend, keine
1934 2760 3243 2849 Es ist bezeichnend, daß Artur Schnitzler, der ja auch dieser
411 2801 1838 2866 ärgeren Egoisten, als es die Künstler in allen Zeiten zu sein pflegen.
1844 2842 3239 2909 Generation angehört, als Mann von vierzig Jahren dieses Schauspiel
419 2856 1839 2926 Aber sie bekannten sich aufrichtiger zu ihrem Egoismus, als es sonst
1837 2886 3246 2961 schrieb: „Der einsame Weg“, dem man die Verse des siebzehnjährigen
412 2901 1842 2956 wohl geschah. Sie legitimierten ihren Egoismus, sie betonten ihn immer 1
1843 2912 3253 3014 Hofmannsthal als Motto voransetzen könnte. Vielleicht kommt in irgend
419 2946 1839 3033 wieder, sie achteten den Egoismus an sich selbst und gegenseitig einer
1839 2993 3252 3063 einer, nicht allzu fernen Zukunft wieder mehr Herzlichkeit, mehr Ver¬
422 3006 1831 3074 am anderen. So haben sie ihn denn mit den Jahren durch diese aus¬
1833 3026 3243 3104 trauen zum menschlichen Gemut in die Welt. Dann werden die Leute
414 3052 1833 3111 gezeichnete Pflege unwilltürlich und unaufhaltsam gesteigert, und man
1840 3074 3249 3161 dieses Stück immer noch sehr gut verstehen und werden es, wie ich
416 3098 1836 3178 darf sagen, daß dieser Generation nun die größten Egoisten angehören,
1850 3128 3242 3199 vermute, sehr lieben. Denn es spricht ein reiches und tieses Herz in
408 3153 1097 3232 die es seit langem gegeben hat.
1849 3160 3255 3251 diesen Szenen, ein männlich erstarktes, zur Fülle gereiftes Gemüt, das
537 3179 1842 3257 Sie hielten „Distanz". Sie achteten darauf, daß ein gewisser
1851 3223 3260 3305 sich Luf. macht. Dieses Stück ist eine Abrechnung. Schonend, gütig,
415 3243 1828 3307 Umkreis um ihre Person von niemandem überschritten werde. In
1834 3281 3247 3344 verzeihend, aber scharf und genau und unbeirrbar in ihren Resultaten.
427 3307 1843 3364 diesem Umkreis standen sie allein mit sich selbst. Sie hüteten sich
1849 3326 3258 3395 Kein anderes Werk von Schnitzler ist für die Zeit, für die Generation,
425 3344 1838 3417 davor, jemals „wir“ zu sagen. Es gab nur das einzelne „Ich“. Sie
1838 3368 3254 3434 der er entstammt, so dokumentarisch wie dieses. Keine andere Gestalt
436 3403 1852 3462 schreckten davor zurück, den Wein ihrer Freude jemals in einen ge¬
1851 3423 3257 3492 ist dieser Epoche so repräsentativ wie Herr Stephan v. Sala, der sein
437 3439 1843 3521 meinsamen Becher zu schütten. Gar der Trank des Leids durfte
1845 3467 3252 3545 Ich so trefflich bewahrt, der sich von keinem Erlebnis ein pathetisches
428 3483 1844 3560 immer nur allein geschlürst werden. Leid ist Priv sache. Vertrautheit
1849 3520 3244 3596 oder ein allzu vertrauliches Wort abzwingen, der sich keinen Menschen
438 3541 1851 3613 in privaten Dingen schafft Intimität. Intimität n der vermindert die
1845 3563 3254 3645 j nahkommen ließ und der in seiner Einsamkeit aufrecht und überlegen
428 3579 1851 3681 heiligen Distanzen. Leid aber ist unangeneyn. Unannehmlichkeiten
1852 3624 2733 3704 und stolz bleibt bis zum letzten Augenblick.
919 3637 1834 3723 „wir machen einander nur nicht nervös ...“
436 3643 878 3718 machen nervös und.
1960 3641 3248 3739 „Der einsame Weg.“ Man könnte einen Refrain aus diesem
426 3670 1852 3768 Das ist das Wesentliche an unseren Beziehungen. Diese Generation
1844 3716 3250 3799 Titel machen. Denn jeder Mensch in diesem Stück geht den einsamen
429 3731 1846 3794 verzichtete von Anfang an auf Gefühlsköne. Das war ihr ein allzu
1849 3765 3255 3842 Weg. Die Mutter, die nach einem kurzem Liebestraum, den sie mit
435 3782 1859 3847 wohlseiles Heizungsmaterial. Da sror sie lieber. Sie verzichtete auf die
437 3813 3251 3908 Umarmung der Hingabe. Denn sie hatte die heftigste Scheu, sich selbst, dem Maler Fichtner erlebte, in der Ehe mit dem Maler Wegrath den
1850 3854 3259 3923 Sohn Fichtners zur Welt brachte und, in ihrer Lüge befangen, immer
430 3869 1861 3947 und damit von der ungeheuren Kostbarkeit der eigenen Person auch
443 3905 3261 4002 nur das Geringste hinzugeben. Was sollten ihr auch zwei Arme, die allein bliel. Der gute Wegrath, der es nie begreist, warum die Familie,
448 4001 3259 4043 sich einem um die Schultern legen, ein Herz, das man am eigenen; die er gegründet hat, sich nicht zusammenschließt. Johanna, die Tochter,
440 4047 3258 4106 Herzen pochen fühlte, bedeuten? Sie waren dadurch nicht jrre zu die eine Feindseligkeit gegen alle Menschen, die leiden, empfindet. auch
