3436 4384
1366 384 1832 473 box 23/5
1035 401 1102 463 W
207 408 1208 509 18. Def
780 1328 1612 1406 rien, I., Contoralaplatz Nr.
784 1392 1771 1477 Generalanzeiger für Hamburg-Altons
1134 1475 1427 1551 Hamburg
1750 1490 2753 1545 Sala sprengt bei keinem sein Gefäß: das Herz.
1740 1536 2708 1595 Diese Leute wollen nie, sie haben einmal ge¬
1749 1589 2702 1633 wollt, der Wille wird ihnen zur Stickluft, von der
1575 1587 1664 1660 978
1329 1556 1589 1680 T2OLIg
1755 1615 2708 1668 dünnen Leinwand, auf der ihre Seelen gemalt sind,
1760 1663 2696 1713 zupfen sie solange bunte Charpie, bis sie „er¬
1760 1707 2698 1751 kennen: Das heißt soweit bei Schnitzler drama¬
1751 1741 2701 1787 tisches Erkennen geht: bis sie abgehaspelt sind, daß
897 1677 1590 1817 Theater und Mugik,
1763 1778 2700 1827 sie sich in glitzernden Aphorismen ganz genau sagen
1757 1822 2707 1880 können, wie traurig das nun alles geworden
1760 1864 1862 1920 sei.
879 1840 1623 1935 Deutsches Schafslelh###s.
1796 1871 2704 1946 Es wäre ein Verdienst der Spielleitung ge¬
1442 1915 1606 1982 schnitzler.
877 1906 1353 1979 Der einsame Weg.
1744 1938 2707 1977 wesen, dem elegischen Tempo wenigstens innere
836 1952 1724 2018 Der fatale Extrakt aller Schniglerschen Damatik
1744 1979 2701 2043 Beschwintheit zu geben, durch das graue müde¬
774 2003 1723 2058 ist kluge Wehmut. Keiner schlägt einmal zu, Einer
1758 2029 2705 2070 machende Sprachgewölke leidenschaftliche Lichter da
778 2046 1735 2100 entäußert sich, zerfetzt sich; Egoisten ihrer Nerven,
1748 2055 2698 2117 und dort aufblitzen zu lassen. Es geschah nichts
771 2082 1730 2137 Helden literarischer Zertuftelung, tragen sie ihr
1750 2102 2702 2152 dergleichen, und so wirkte das Ganze wie ein
772 2119 1736 2179 Herz wie einen dünnen Band elegisch=formvollen¬
1752 2137 2705 2191 Monolog, klug, kühl und langweilig. Nur Julia
777 2157 1730 2217 deter, österreichisch=müder, melancholischer Verse
1755 2176 2705 2230 Serdas Irene Herms ergab menschliche Frische,
769 2197 1727 2260 oder Sätze unter gutsitzender Weste, anmutiger Bluse.
1758 2217 2713 2270 Hermann Wlach's Doktor Reumann war ein
767 2241 1727 2303 Gelacht wird unecht, geweint, wenn die Nerven ver¬
1751 2255 2711 2318 bitter Verantwortlicher, auf dem allein das Leid der
777 2278 1730 2340 sagen wollen; in schönen Sätzen spricht man sich
1758 2303 2703 2351 Familie zu lasten schien. Völlig in ein fremdes
765 2318 1728 2364 sein inneres Erleben aus, und man wundert sich,
1756 2346 2706 2390 Element versetzt schien mir Kobler als Pro¬
767 2361 1734 2408 daß die Leute auf der Bühne nicht einschlafen, mit
2309 2378 2712 2435 Carl Wagner
1747 2386 2291 2436 fessor Wegrath, während
776 2406 1735 2447 verweinten Augen, in Erinnerung an alte, schöne
1746 2416 2707 2464 diesmal seine Wehleidigkeit wacker bestritt. Der
767 2435 1723 2487 Tage — unerlöst, weil Worte nicht erlösen, können,
1748 2459 2711 2505 dankbaren Rolle des Stephan von Sala gab Ro¬
1585 2476 1734 2523 femini,
769 2479 1583 2537 noch befruchteten. Fein, schürfend, zart,
1751 2492 2701 2547 bert Nhil zähe, weltläuferische Männlichkeit, doch
765 2514 1725 2559 wer ist mit diesen Beigaben Dramatiker? Das ist
1754 2546 2714 2588 gelang es ihm nicht ganz, diese vom Dichter gegen
773 2552 1735 2603 alles ja sehr schmerzlich, was auf der Bühne ge¬
1758 2579 2699 2640 Schluß aphoristisch zerklüftete Natur ganz in Eines
767 2594 1736 2645 schieht (und nur dort kann es „geschehen“, so weit
1754 2614 2708 2676 zu packen. Lütjohanns Felix kam selbst in
772 2634 1738 2674 dies Wort bei Schnitzler gilt), aber ich könnte mir
1758 2656 2698 2707 vorgezeichneter Jungensschwächlichkeit nicht auf. er
764 2677 1725 2726 vorstellen, daß eine Gartenspritze, die irgend wer
1756 2687 2700 2740 interessierte nicht, doch mag auch das am Dichter
767 2709 1736 2775 aus der Kulisse plötzlich in die sehnsüchtelnde Gesell¬
1754 2733 2707 2780 liegen. Die Gabriele der Gertrud Arnold
764 2755 1724 2806 schaft richtete, einen nicht unnetten Lustspieleffekt
1748 2782 2706 2827 war achtbarste Leistung, während Hilde Knoth
765 2797 1218 2848 anrichtete und ergäbe.
1749 2808 2724 2865 als Johanna einem der süßen Dämchen auf dänischen
838 2837 1731 2881 In unseren jetzt politisch=schwül gespannten
1758 2854 2514 2897 Strandpostkarten glich, kitschig und blond.
763 2870 1733 2925 Tagen quillt ein frischer Wind auf, der von Taten
1809 2893 2722 2941 Das Szenenbild im vierten Akt, mit den hohen
764 2908 1740 2958 prall geht und sie, früher oder später, gebären muß.
1650 2948 1679 2970 VI.
1757 2934 2709 2982 Fichten, die kalt die dämmergrüne Landschaft zer¬
782 2955 1739 3002 Die neue Periode kann nur von werktätigen Man¬
1762 2980 2714 3031 schnitten, mag als feine malerische Leistung noch
769 2986 1733 3031 nern kommen, Männern, die weder sinnieren noch
1748 3028 2593 3081 gewürdigt werden. Der Beifall war herzlich.
780 3028 1739 3079 Entschwundenem elegisch nachseufzen, und, daß
2504 3032 2670 3112 . B.
767 3067 1749 3118 ssie dies müssen, schon für Tragik halten. Es be¬
771 3104 1737 3157 rührt eigentümlich, wie alt uns der „Einsame Weg“
771 3144 1746 3196 gestern war, wie Staub herabrieselte, wie uns pein¬
778 3177 1748 3249 lich das Vergängliche gerade dieser Literatur ins
782 3227 1043 3288 Gesicht senk.
832 3240 1746 3323 Wer, wie Schnitzler in dem Einsamen Weg, ver¬
767 3304 1738 3354 sucht, Leidenschaften mit Mikromater und Präzi¬
778 3342 1741 3394 sionswage zu wägen, der will in Wirklichkeit harte
765 3382 1735 3429 Leidenschaft nicht; ihm ist sie lästig, tatstörend,
770 3418 1745 3466 während sie doch gerade jede Tat befreit, ihr die
772 3470 1746 3515 „Farbe der Entschließung“ gibt. Das angewärmte
777 3510 1751 3569 Blut dieser Halbkünstler Wegrath, Fichtner und
