3436 4256
1385 247 1863 339 box 23/3
822 267 1340 359 sane Neg
226 221 857 361 18. Der eins
3182 1589 3298 1640 wird,
1241 1670 3328 1740 Verfüllt waren. Ibsen ist eben nicht allein Stim= Kind und Geliebte! Klingt es nicht alles wie Be= stimme
1257 1706 3313 1785 mungsmaler und psychologischer Feinbildner, son=ruhigung und Zuspruch? Es sind Namen wie Hände, Kürz;
488 1648 1026 1846 Feuilleton.
1262 1732 3334 1822 dern dazu auch der Dramatiker, der mit energischer die sich einem zutraulich auf die Schulter legen, um binnen
1263 1785 3301 1859 Faust das Schiff der Geschehnisse dem großen die Schen vor dem fremden Gesichte zu beschwichtigen. und
1262 1828 3292 1897 bühnenmäßigen Gesamteindruck zuzusteuern versteht. Nur weil sich die Menschen vergessen und des Ge= sucht
1256 1857 3275 1939 Bei ihm tragen stets sämtliche Personen, architek= sichts gegenüber nicht innewerden, können sie zu hauf
584 1867 984 1953 Schauspielhaus.
1258 1946 3262 1972 tonisch verteilt, die Handlung, jede von der Grund= anderen sprechen, wie zu sich selbst. Sonst gäbe es Ku
505 1940 1067 2009 „Der einsame Weg.“
2853 1954 3264 2002 Es sind Sätze, die Wa
1259 1957 2796 2025 idee des Stückes durch die Eigentümlichkeit ihres noch mehr der Schweigsamen.
3172 1987 3243 2040 31
1257 1990 3201 2075 Charakters hindurch bestrahlt. Die dadurch herbei= Stephan von Sala zu den vielen geistreichen Aperaus,
486 1989 1244 2060 □ Düsseldorf, den 8. Januar.
3187 2028 3261 2078 Ast.
1275 2054 3204 2095 geführte geschlossene Einheitlichkeit fehlt dem Werke womit er aufwartet, als Definition des einsamen
336 2041 1274 2103 Man wird noch nicht Ibsen, wenn man in einem
3182 2073 3264 2113 mu
2226 2066 3207 2129 Wegs aussprechen könnie. Er hat zeitlebens nur
1262 2067 2242 2138 Schnitzlers. Hier werden die beiden Ereignis¬
289 2087 1288 2139 Drama möglichst geheimnisvoll in halben und
2225 2090 3307 2165 fremde Gesichter gesehen und sehen wollen, seine sie sich
282 2121 2237 2190 Dämmertönen redet, und wenn min selbst von Haus stränge, die Enthüllung des Familiengeheimnisses, daß
2224 2139 3276 2208 Seele nie das Bedürfnis zu vertraulicher Aussprache Es
1268 2163 2225 2211 der Leutnant Felix Wegrath Zzu dem Akademie¬
282 2164 1288 2218 aus so viel interessante Eigenart besitzt wie der
2224 2189 3301 2255 gefühlt. Beinahe brüsk weist er die Vermutung ab, iniFe
1259 2196 2239 2247 direktor Wegrath zu Unrecht Vater sagt, durch den
282 2201 1273 2260 Wiener Arthur Schnitzler, sollte man getrost auf das
3194 2218 3280 2267 Urd
2219 2223 3078 2298 ser könne je Freunde gehabt haben, und ebenso
1273 2232 2238 2289 wirklichen Vater, den Maler Julian Fichtner, und
294 2246 1270 2297 nordische Manteichenerzichten und nur Arthur
3208 2255 3301 2314 Ausg
2224 2268 3057 2336 als er sich einst Frau und Kind voll hat hi
1266 2278 2242 2331 die mit dem Tod beider Beteiligten endigende
283 2275 1282 2354 Schnitzler sein wollen. Heinrich Stümcke, ein feiner
2232 2303 3034 2366 können, vermag er sich jetzt an Johanne Wegrat
289 2314 2237 2382 Kenner der neueren Bühne, hat in seinen gesam= Liebesaffäre zwischen dem geistreichen Räsonneur,
2232 2325 2997 2396 feelisch zu erwärmen. Ein übermensch in
295 2339 2239 2408 melten Theaterkritiken („Die vierte Wand“, Leipzig) legoistischen Lebenskünstler und Todeskandidat
2225 2373 2877 2436 Salonausgabe, ein raffinierter Le
290 2390 2233 2450 dem „Einsamen Weg“ nachgerühmt, er sei, ohne un= Stephan von Sala und der hysterischen Johanne
2224 2413 2843 2480 den Dinge und Menschen nur daz
290 2420 2245 2487 mittelbare Nachahmung, „der bislang wohl bedeu=Wegrath, — diese beiden Paralleldramen werden im
282 2487 2844 2544 tendste Versuch, nach Ibsens mikrokosmischer Methode Grunde genommen lediglich durch den Umstand, daß hagende ästhetische Stimmungen
2222 2506 2844 2563 ihm Julian Fichtner, des gleichen
291 2510 2238 2586 Menschen und Menschenschicksale miteinander in Be=Felix und Johanne Wegrath Geschwister sind — in¬
288 2549 2831 2623 ziehung zu setzen, die feinen und leisen Übergänge folge eines Zufalls, möchte man fast sagen —, in so wehleidiger, wie Stephan von
288 2581 2841 2653 und Zusammenhänge aufzudecken und ein Lebens=etwas wie einen losen Zusammenhang gebracht. Die schäumendem Leben genoß er die
2979 2537 3206 2666 rne
292 2649 2857 2687 bild vor uns aufzurollen, das wie bei Ibsen nur der Einheitlichkeit des Stückes beruht in der Idee, ver= und Kraft. Die achtzehnjährige
3188 2517 3306 2709 10
2955 2645 3200 2718 ogene in die
2228 2652 2884 2709 und verließ er, worauf sich die arme
284 2664 2239 2725 letzte Akt einer langen und komplizierten Vorgeschichtel schiedene Menschen auf ihren einsamen Wegen zu
3180 2691 3277 2750 die
2230 2688 3195 2746 Ehe mit dem biederen Wegrathgrettete. Die Schau¬
298 2707 2241 2766 ist.“ Das ist allerdings wahr: Schnitzler hat sich inzeigen. Die Art, wie sie der Dichter anwendet, wirkt
3191 2709 3327 2785 Herrn
2231 2728 3200 2786 spielerin Irene Herms, mit deren Darstellung er
287 2745 2238 2819 seinem Schauspiel eine ibsenverwandte analytische jedoch dramatisch gewaltsam, und indem er auf eine
3153 2773 3328 2836 igjeder
2237 2755 3141 2830 sein berühmtestes Bild valte und die an ihm hi
292 2789 2236 2839 Technik zu eigen gemacht, die in wunderbar feinerzielbewußte Konzentration der Handlung verzichtet,
3194 2810 3299 2855 nur
2226 2800 3101 2870 mit der Treue eines Hundes, wies er von der 2#
301 2821 2241 2889 Weise die Schwingungen der menschlichen Seele, die schwächt er die Möglichkeit, Interesse an den Per¬
3195 2841 3297 2894 der
2222 2837 3096 2904 Aber nun naht das Alter, und der große K¬
299 2864 1632 2927 zarten, zitternden Fäden von Seele zu Seele, die sonen zu wecken.
3194 2874 3299 2937 treff
2225 2891 3085 2948 sammer überkommt ihn. Er sieht mit einem
1317 2891 2236 2954 Es ist schon geraume Zeit her, daß ich einmal im
301 2886 1289 2963 ganze seelische Atmosphäre, sei es in kunstvollen Zise¬
3199 2922 3299 2972 und
2237 2925 3085 2986 nur fremde Gesichter um sich, die Sehnsucht nag
1276 2927 2248 2994 Feuilleton irgend einer deutschen Tageszeitung eine
297 2944 1285 2998 lierungen oder stimmungsvollen Andeutungen, zum
3212 2952 3323 3014 sentim
2224 2954 3095 3030 natürlichen Sohne packt ihn, in dem er vertr
1282 2974 2243 3031 Betrachtung über „Das fremde Gesicht“ las. Aber
299 2985 1275 3039 Klingen zu bringen weiß. Jeder literarische Fein¬
2234 2992 3131 3061 Gesicht vermutet, er will ihn für sich gewinnen. A
1277 3011 2245 3068 vergessen habe ich sie nicht, dafür barg sie zu viel un¬
291 3025 1282 3070 schmecker wird auch den „Einsamen Weg“ weit über
2223 3043 3308 3114 der Sohn ist dankbar und wählt denjenigen, dem er Ansch
1273 3054 2237 3114 heimliche Wahrheit in sich, eine Wahrheit, die ich nie
298 3057 1296 3130 Gerhart Hauptmanns ebenfalls unter Ibsenschem
2240 3081 3299 3140 mehr als das bloße Dasein verdankt. Nun, da Felix der,
293 3089 2244 3147 Einfluß geschriebene „Einsame Menschen“ stellen, zuvor aussprechen gehört. Es steht ein leises Grauen
289 3142 3325 3191 die sehr viel gröber und äußerlicher gearbeitet sind. zwischen Mensch und Meyschen, so hieß es da unge=weiß, daß Fichtner sein Vater ist, erscheint er ihmmensch
2223 3154 3315 3228 fremd; Fichtner zieht in die Einsamkeit des alten sein
290 3169 2249 3225 Aber jede Probe aufs Exempel, was eine gute Auf=ffähr. Nur von denen weicht es, die sich Heimat ge¬
2232 3191 3310 3257 Junggesellen. Auch Gabriele blickte in fremde Ge= gab
302 3206 2246 3261 führung ist, beweist doch nur, wie stark Schnitzler worden sind. Aber das dauert lange; sie stellt sich
294 3234 3330 3300 hinter Ibsens Meisterschaft zurückgeblieben ist. noch nicht mit dem echten Kusse ein. Die Meisten sichter: ihre Ehe mit Wegrath baute sich auf einer vorneh
299 3276 3323 3364 Nirgends hat er mit diesem Schauspiel eigentlich behalten für uns das fremde Gesicht. Nicht die Lüge auf, und sie nimmt diese Lüge mit ins Grab, der H
302 3357 3334 3398 rechten Erfolg gehabt, auch gestern Abend in unserem Fremdheit des Neuen und Fernen meine ich; was zu zahlen für die Schuld ist ihr nicht vergönnt. Die wisser
302 3383 3334 3421 Schauspielhause nicht, obschon Inszenierung und mehr grauen macht, ist die Fremdheit des nächsten Tochter Johanne, einsam und unbefriedigt, wirft Kavia
291 3397 3338 3481 Darstellung von liebevollstem Verständnis des Werkes Nachbars. Nachhar und Freund und Mutter und sich Sala an den Hals. Aus einer Augenblicks= sah F
