3484 4320
1447 232 1899 322 box 23/3
288 215 1297 334 18 Der einsane beg
1205 1370 1576 1458 Telephon 12801.
674 1476 1383 1616 „OBSERVER
519 1568 1586 1686 I. österr. behördl. konz. Unternehmen für Zeitungs-Ausschnitte
697 1642 1429 1720 Wien, I., Concordiaplatz 4.
933 1710 1231 1778 Vertretungen
524 1744 1624 1834 in Berlin, Budapest. Chicago, Christiania, Genf, Kopenhagen,
534 1787 1630 1880 London, Madrid, Mailand, Minneapolis, New-York. Paris, Rom,
692 1837 1471 1908 San Francisco, Stockholm, St. Petersburg.
887 1883 1292 1937 (Quellenangabe ohse Gewähr.)
543 1907 1642 2025 Ausschnitt Eaue Freie Presee. Wfert
735 2026 1037 2114 20 A 1006
553 2084 704 2136 vom:
636 2166 1721 2240 — Aus Berlin wird uns gemeldet: Im Lessing¬
559 2203 1733 2287 Theater wurde hemte Arthur Schnitzlers Drama
562 2240 1729 2327 „Der einsame Weg“ böm Publikum mit freundlichem
562 2289 1730 2363 Beifall ausgenommen. Die Aufführung war eine Art
564 2325 1720 2406 Generalprobe für das Wiener Gastspiel des Lessing=Theaters,
549 2359 1722 2472 das mit einer Darstellung dieses Werkes eröffnet werden soll
546 2412 1289 2485 Die Schauspieler leisteten Vortreffliches.
807 2463 889 2542 50
1575 2573 1656 2643 18
2597 1054 2977 1145 Telephon 12801.
2095 1143 2799 1266 SUBSENGEN
1887 1186 3008 1351 eter Sehret derz Uetersehnen für Zeltngehenschain.
2084 1262 2808 1385 Wien, I., Concordiaplatz 4.
2297 1351 2605 1436 Vertretungen
1893 1374 2992 1515 in Berlin, Budapest. Chicago, Christiania, Genf, Kopenhagen,
1889 1407 2985 1553 London, Madrid, Mailand, Minneapolis, New-York, Paris, Rom,
2051 1464 2807 1559 San Francisco, Stockholm, St. Petersburg.
2221 1517 2640 1593 (Cualennngabe ohne Gewühr.)
2393 1574 2643 1660 reueciechn
1873 1566 2409 1663 Ausschnitt aussud
2565 1627 2619 1667 30
2631 1569 3046 1696 Zeitung, Berlin
1870 1672 2023 1732 vom:
2220 1717 2647 1820 S
2140 1829 2750 1925 Theater und Musik.
2272 1906 2641 1981 Lessing=Theater.
1932 1941 3069 2005 Der einsame Weg, Schauspiel in 5 Akten von Arthur
1826 2004 2671 2071 Schnitzler. Wiederaufnahme am 19. Mürz.
1954 2034 3090 2109 Die Aufführung stellte eigentlich eine Art öffentlicher General¬
1828 2094 3078 2140 probe zum bevorstehenden Gastspiel der Brahmschen Truppe in Wien
1825 2140 3078 2185 dar. Noch im alten Hause der Schumannstraße hat zuerst das Rampen¬
1825 2173 3082 2219 licht den „Einsamen Weg“ beschienen; die Beietzung ist seit damals
1839 2221 3078 2259 so ziemlich die gleiche geblieben. Die Herren Bassermann als
1825 2242 3079 2298 vornehmer, herzenskalter Herr von Sala, Kurt Stieler als warm¬
1828 2298 3076 2345 herziger Lentnant, Oskar Sauer als sympathischer Akademie¬
1864 2321 3082 2379 direktor, vor allem Frau Else Lehmans mit ihrer überquellenden
2425 2361 3087 2413 Herms, haben ihre alten
1837 2375 2308 2423 Frische und Natürlichke#¬
1831 2408 3076 2459 Vorzüge wieder neu zur Geltung gebracht. Frau Triesch (Jo¬
1829 2441 3090 2496 hanna) kam mir weniger innig vor, als bei der Uraufführung; sie
1831 2485 3085 2552 „betonte die pathologisch=visionäre Veranlagung des jungen Mädchens
1843 2521 3088 2577 beinahe zu ausschließlich. Neu besetzt waren die Rollen des Arztes,
1837 2552 3089 2627 der stets im Schatten steht, durch Herrn Marr und die ungleich
1841 2623 3085 2646 wichtigere, sehr schwierige des Julian Fichtner, des Kraftgenies in der
1830 2636 3080 2689 Decadence, durch Herrn Reicher. Von ersterer ist wenig zu sagen;
1841 2670 3081 2734 man kennt die sympathischen Aerzte bei Schnitzler: sie sind nur da,
1837 2705 3081 2775 im Konfidenzen zu empfangen, die mit Rücksichtslosigkeiten
1843 2761 3085 2809 gemischt sind; sie durchschauen ihre ganze Umgebung und gehen
1826 2794 3092 2854 wunschlos durch die mannigfachsten Kulssenwelten. Anders der
1837 2835 3090 2891 Julian Fichtner. Herr Rittner wurde z. B. der Persönlichkeit nicht
1845 2861 3095 2930 gerecht; er war rücksichtslos, ohne den gewinnenden Schimmer eines
1831 2909 3084 2982 ungezogenen Lieblings der Grazieu zu haben. Herrn Reicher glaubte
1841 2947 3080 3012 man alle väterlichen Gefühle, ohne die erotischen zu begreifen; sein
1830 2993 3089 3043 Julian stand schon nicht mehr auf der Grenze zwischen Ernte und
1828 3025 3080 3071 Nachlese des Lebens; er stand bereits in der leeren Scheuer, die ihn
1839 3069 2727 3122 am Schluß umgeben soll, als das Stück begann.
1945 3103 3086 3164 Die ganze Art des Dramas mit seinem leisen schmerzlichen
1834 3147 3096 3215 Verklingen fordert keinen geräuschvollen Beifall heraus. Seine vielen
1833 3199 3095 3254 Feinheiten lösen nur ein wehmütiges oder sarkastisches Lächeln aus,
1836 3233 3087 3296 und seine Geschwätzigkeit — das Merkmal der Jung Wiener Schule —
1848 3276 3088 3325 ermüdet. Vieles, was unnütz den Fortgang der Handlung, der
1851 3322 3096 3370 inneren wie der äußeren, hemmt, gehört in den Expositionsakt.
1846 3350 3093 3402 Anderes ist dem Hörer bereits de facto oder divinatorisch bekannt,
1843 3385 3079 3462 wenn es sich die Menschen im Stück ausführlich mitteilen, statt der¬
1840 3445 3098 3480 artige Wiederholungen in den Zwischenakt zu verlegen. Trotzdem
1834 3472 3083 3523 konnte man allgemein eine Ergriffenheit konstatieren, die im tiefen
1835 3512 3100 3572 Schweigen des Publikums beim Verlassen des Theatersaales ihre
2828 3543 3045 3620 M. Z.
1842 3561 2136 3624 Ausdruck fand.
