<?xml version="1.0" encoding="UTF-8" standalone="yes"?>
<PcGts xmlns="http://schema.primaresearch.org/PAGE/gts/pagecontent/2013-07-15" xmlns:xsi="http://www.w3.org/2001/XMLSchema-instance" xsi:schemaLocation="http://schema.primaresearch.org/PAGE/gts/pagecontent/2013-07-15 http://schema.primaresearch.org/PAGE/gts/pagecontent/2013-07-15/pagecontent.xsd">
    <Metadata>
        <Creator>prov=University of Rostock/Institute of Mathematics/CITlab/Gundram Leifert/gundram.leifert@uni-rostock.de:name=ONB_Newseye_GT_M1+(htr_id=10810)::::v=2.4.2
prov=University of Rostock/Institute of Mathematics/CITlab/Tobias Gruening/tobias.gruening@uni-rostock.de:name=de.uros.citlab.module.baseline2polygon.B2PSeamMultiOriented:v=2.4.2
prov=University of Rostock/Institute of Mathematics/CITlab/Tobias Gruening/tobias.gruening@uni-rostock.de:name=/mnt/transkribus/LA/DEA/URO/LA_news_onb_att.pb:de.uros.citlab.segmentation.CITlab_LA_ML:v=2.4.2
Transkribus</Creator>
        <Created>2019-10-07T11:26:37.487+02:00</Created>
        <LastChange>2019-10-08T07:09:22.653+02:00</LastChange>
        <TranskribusMetadata docId="223970" pageId="9499337" pageNr="30" tsid="16505754" status="IN_PROGRESS" userId="40391" imgUrl="https://files.transkribus.eu/Get?id=YJYCLGRFZUDAQDQAQIAQUVBB&amp;fileType=view" xmlUrl="https://files.transkribus.eu/Get?id=DDJBXBAMTROOOMGYPRUHYOHM" imageId="6189559"/>
    </Metadata>
    <Page imageFilename="223970_0030.jpeg" imageWidth="3392" imageHeight="4352">
        <ReadingOrder>
            <OrderedGroup id="ro_1711450527577" caption="Regions reading order">
                <RegionRefIndexed index="0" regionRef="r1"/>
                <RegionRefIndexed index="1" regionRef="r2"/>
            </OrderedGroup>
        </ReadingOrder>
        <TextRegion orientation="0.0" id="r1" custom="readingOrder {index:0;}">
            <Coords points="258,379 258,3601 2046,3601 2046,379"/>
            <TextLine id="r1l1" custom="readingOrder {index:0;}">
                <Coords points="1064,404 1076,405 1092,415 1102,411 1117,415 1126,410 1137,410 1158,416 1157,357 1139,359 1131,352 1093,354 1082,350 1074,357 1064,358"/>
                <Baseline points="1072,402 1098,402 1124,401 1151,401"/>
                <TextEquiv>
                    <Unicode>W</Unicode>
                </TextEquiv>
            </TextLine>
            <TextLine id="r1l2" custom="readingOrder {index:1;}">
                <Coords points="809,414 856,415 875,407 888,415 990,411 990,369 955,360 935,372 921,372 908,364 904,369 895,363 873,367 835,358 821,371 809,370"/>
                <Baseline points="816,406 843,405 871,405 899,405 927,406 955,406 983,405"/>
                <TextEquiv>
                    <Unicode>S am</Unicode>
                </TextEquiv>
            </TextLine>
            <TextLine id="r1l3" custom="readingOrder {index:2;}">
                <Coords points="1334,427 1423,410 1461,426 1542,414 1594,431 1633,411 1789,428 1860,395 1860,367 1778,343 1735,371 1657,357 1612,377 1544,354 1483,366 1439,353 1401,386 1334,401"/>
                <Baseline points="1342,425 1367,420 1393,416 1418,414 1444,411 1469,410 1495,409 1520,409 1546,409 1571,409 1597,410 1623,411 1648,411 1674,412 1699,413 1725,414 1750,414 1776,414 1801,414 1827,413 1853,411"/>
                <TextEquiv>
                    <Unicode>box 23/1</Unicode>
                </TextEquiv>
            </TextLine>
            <TextLine id="r1l4" custom="readingOrder {index:3;}">
                <Coords points="250,423 1080,455 1270,438 1271,387 1210,366 1145,414 734,416 502,346 429,394 348,357 251,367"/>
                <Baseline points="258,407 308,412 358,416 408,420 459,423 509,425 559,427 609,428 660,429 710,430 760,430 810,430 861,429 911,429 961,428 1011,428 1062,427 1112,427 1162,427 1212,427 1263,427"/>
                <TextEquiv>
                    <Unicode>18. Der</Unicode>
                </TextEquiv>
            </TextLine>
            <TextLine id="r1l5" custom="readingOrder {index:4;}">
                <Coords points="522,905 664,911 873,866 1107,901 1354,866 1353,815 1274,794 1077,822 911,801 818,830 713,805 669,837 520,821"/>
                <Baseline points="529,879 569,878 610,877 651,876 692,874 733,873 774,872 814,871 855,869 896,868 937,867 978,866 1019,865 1060,865 1100,864 1141,864 1182,864 1223,864 1264,864 1305,865 1346,866"/>
                <TextEquiv>
                    <Unicode>Dr. Max Goldschmidt</Unicode>
                </TextEquiv>
            </TextLine>
            <TextLine id="r1l6" custom="readingOrder {index:5;}">
                <Coords points="683,953 735,944 823,975 995,950 1033,965 1085,937 1173,961 1208,949 1208,919 1012,898 979,913 818,898 683,918"/>
                <Baseline points="690,945 715,947 741,948 766,948 792,949 817,949 843,949 868,949 894,949 919,949 945,948 970,948 996,947 1021,947 1047,946 1072,946 1098,945 1123,945 1149,944 1174,944 1200,944"/>
                <TextEquiv>
                    <Unicode>„ . Bureau für</Unicode>
                </TextEquiv>
            </TextLine>
            <TextLine id="r1l7" custom="readingOrder {index:6;}">
                <Coords points="673,1014 789,1045 810,1031 1201,1023 1201,975 1158,984 1120,964 930,989 788,969 673,983"/>
                <Baseline points="680,1016 705,1018 731,1019 757,1020 782,1020 808,1020 834,1020 859,1020 885,1020 911,1019 937,1018 962,1017 988,1017 1014,1016 1039,1016 1065,1015 1091,1015 1116,1015 1142,1015 1168,1016 1194,1017"/>
                <TextEquiv>
                    <Unicode>Zeitungsausschnitte</Unicode>
                </TextEquiv>
            </TextLine>
            <TextLine id="r1l8" custom="readingOrder {index:7;}">
                <Coords points="431,1085 1300,1091 1443,1061 1219,1023 431,1055"/>
                <Baseline points="439,1082 488,1082 538,1082 588,1081 638,1081 688,1080 737,1079 787,1079 837,1078 887,1077 937,1076 986,1075 1036,1075 1086,1074 1136,1073 1186,1073 1235,1072 1285,1072 1335,1071 1385,1071 1435,1071"/>
                <TextEquiv>
                    <Unicode>verbunden mit direktem Nachrichtendienst durch</Unicode>
                </TextEquiv>
            </TextLine>
            <TextLine id="r1l9" custom="readingOrder {index:8;}">
                <Coords points="672,1143 1101,1134 1192,1124 1192,1102 1066,1078 926,1097 895,1081 671,1091"/>
                <Baseline points="679,1129 704,1129 729,1128 754,1127 780,1127 805,1126 830,1125 856,1124 881,1124 906,1123 932,1122 957,1121 982,1120 1007,1119 1033,1119 1058,1118 1083,1118 1109,1118 1134,1118 1159,1118 1185,1119"/>
                <TextEquiv>
                    <Unicode>eigene Korrespondenten.</Unicode>
                </TextEquiv>
            </TextLine>
            <TextLine id="r1l10" custom="readingOrder {index:9;}">
                <Coords points="972,1200 1034,1191 1107,1208 1208,1189 1235,1205 1270,1190 1319,1200 1385,1187 1385,1163 1314,1140 1274,1152 1185,1147 1153,1165 1110,1145 972,1156"/>
                <Baseline points="979,1184 1005,1184 1032,1184 1058,1184 1085,1184 1111,1184 1138,1183 1164,1183 1191,1183 1217,1182 1244,1182 1270,1182 1297,1181 1323,1181 1350,1181 1377,1181"/>
                <TextEquiv>
                    <Unicode>Telephon: III, 3051.</Unicode>
                </TextEquiv>
            </TextLine>
            <TextLine id="r1l11" custom="readingOrder {index:10;}">
                <Coords points="484,1194 551,1219 636,1216 664,1197 703,1214 834,1207 834,1159 822,1155 771,1149 725,1168 599,1155 559,1172 484,1158"/>
                <Baseline points="491,1198 516,1198 542,1198 568,1198 594,1199 620,1199 646,1199 671,1200 697,1200 723,1200 749,1199 775,1198 801,1197 827,1195"/>
                <TextEquiv>
                    <Unicode>Berlin N. 24.</Unicode>
                </TextEquiv>
            </TextLine>
            <TextLine id="r1l12" custom="readingOrder {index:11;}">
                <Coords points="722,1234 886,1260 919,1236 972,1243 1020,1227 1188,1245 1187,1204 1164,1202 863,1214 847,1200 722,1216"/>
                <Baseline points="730,1232 755,1231 780,1229 805,1229 830,1228 855,1227 880,1227 905,1227 930,1226 955,1226 980,1226 1005,1226 1030,1226 1055,1225 1080,1225 1105,1224 1130,1224 1155,1222 1180,1222"/>
                <TextEquiv>
                    <Unicode>—</Unicode>
                </TextEquiv>
            </TextLine>
            <TextLine id="r1l13" custom="readingOrder {index:12;}">
                <Coords points="511,1253 537,1249 547,1254 556,1252 566,1256 576,1249 584,1251 588,1247 604,1247 604,1219 584,1215 576,1217 571,1212 558,1220 548,1216 538,1219 526,1212 522,1216 510,1215"/>
                <Baseline points="518,1232 544,1231 570,1231 596,1230"/>
                <TextEquiv>
                    <Unicode>—.—</Unicode>
                </TextEquiv>
            </TextLine>
            <TextLine id="r1l14" custom="readingOrder {index:13;}">
                <Coords points="719,1313 795,1328 811,1316 858,1341 929,1315 1166,1323 1164,1271 1118,1252 1047,1273 932,1257 875,1270 843,1252 813,1272 763,1263 718,1283"/>
                <Baseline points="727,1311 752,1313 777,1313 802,1313 828,1313 853,1312 878,1312 904,1311 929,1310 954,1308 979,1308 1005,1306 1030,1305 1055,1304 1081,1304 1106,1304 1131,1304 1157,1304"/>
                <TextEquiv>
                    <Unicode>Ausschnitt aus</Unicode>
                </TextEquiv>
            </TextLine>
            <TextLine id="r1l15" custom="readingOrder {index:14;}">
                <Coords points="652,1570 751,1570 807,1542 891,1539 926,1557 965,1533 1040,1523 1116,1536 1111,1481 1088,1490 1052,1468 1017,1478 997,1465 949,1482 909,1463 868,1492 740,1473 648,1518"/>
                <Baseline points="657,1549 682,1547 707,1546 732,1544 757,1542 782,1538 807,1535 832,1532 857,1529 882,1526 907,1524 932,1521 957,1519 982,1518 1007,1517 1032,1517 1057,1518 1082,1519 1107,1521"/>
                <TextEquiv>
                    <Unicode>Barliner Zenun,</Unicode>
                </TextEquiv>
            </TextLine>
            <TextLine id="r1l16" custom="readingOrder {index:15;}">
                <Coords points="759,1702 817,1721 910,1712 1000,1723 1124,1697 1121,1648 1098,1651 1041,1623 1007,1641 922,1626 864,1638 808,1632 756,1648"/>
                <Baseline points="767,1707 793,1703 820,1700 847,1697 874,1696 901,1694 928,1693 954,1692 981,1691 1008,1690 1035,1689 1062,1687 1089,1687 1116,1685"/>
                <TextEquiv>
                    <Unicode>14 FEB. W903</Unicode>
                </TextEquiv>
            </TextLine>
            <TextLine id="r1l17" custom="readingOrder {index:16;}">
                <Coords points="786,1817 893,1840 1014,1831 1057,1805 1109,1822 1113,1769 1000,1779 969,1768 939,1794 911,1799 892,1789 860,1799 839,1789 786,1795"/>
                <Baseline points="793,1810 819,1812 845,1813 871,1814 897,1814 923,1814 950,1813 976,1811 1002,1810 1028,1809 1054,1807 1080,1806 1107,1804"/>
                <TextEquiv>
                    <Unicode> — —</Unicode>
                </TextEquiv>
            </TextLine>
            <TextLine id="r1l18" custom="readingOrder {index:17;}">
                <Coords points="1175,1934 2038,1919 2037,1874 2010,1873 1175,1892"/>
                <Baseline points="1182,1926 1224,1925 1266,1925 1309,1925 1351,1924 1394,1924 1436,1923 1479,1923 1521,1923 1564,1922 1606,1921 1648,1921 1691,1920 1733,1919 1776,1919 1818,1918 1861,1917 1903,1916 1946,1914 1988,1913 2031,1912"/>
                <TextEquiv>
                    <Unicode>nur langsam und zögernd erschließen, innerlich</Unicode>
                </TextEquiv>
            </TextLine>
            <TextLine id="r1l19" custom="readingOrder {index:18;}">
                <Coords points="1162,1969 1279,1990 2047,1960 2046,1927 1864,1911 1162,1938"/>
                <Baseline points="1169,1966 1212,1967 1256,1968 1299,1968 1343,1969 1386,1969 1430,1968 1473,1967 1517,1967 1560,1966 1604,1965 1648,1964 1691,1963 1735,1962 1778,1960 1822,1959 1865,1958 1909,1957 1952,1955 1996,1955 2040,1954"/>
                <TextEquiv>
                    <Unicode>mitgehend zu lauschen, das ist nicht eben die</Unicode>
                </TextEquiv>
            </TextLine>
            <TextLine id="r1l20" custom="readingOrder {index:19;}">
                <Coords points="306,1995 500,1998 525,1974 581,2017 615,1994 671,2018 717,1996 1105,2001 1105,1941 1034,1917 975,1937 700,1916 669,1944 627,1917 346,1912 306,1934"/>
                <Baseline points="313,1978 352,1980 391,1980 430,1982 469,1982 509,1983 548,1984 587,1985 626,1985 665,1986 705,1986 744,1987 783,1987 822,1987 861,1987 901,1987 940,1986 979,1986 1018,1985 1057,1984 1097,1983"/>
                <TextEquiv>
                    <Unicode>Kunst und Wissenschaft.</Unicode>
                </TextEquiv>
            </TextLine>
            <TextLine id="r1l21" custom="readingOrder {index:20;}">
                <Coords points="1176,2019 1990,2011 2046,1973 1176,1978"/>
                <Baseline points="1183,2010 1225,2010 1268,2009 1311,2009 1354,2009 1397,2009 1439,2009 1482,2008 1525,2008 1568,2008 1611,2007 1653,2006 1696,2006 1739,2005 1782,2004 1825,2003 1867,2001 1910,2000 1953,1998 1996,1997 2039,1995"/>
                <TextEquiv>
                    <Unicode>starke Seite eines deutschen Publikums. Die</Unicode>
                </TextEquiv>
            </TextLine>
            <TextLine id="r1l22" custom="readingOrder {index:21;}">
                <Coords points="1175,2064 2051,2039 2037,1996 1878,2023 1174,2019"/>
                <Baseline points="1182,2052 1225,2052 1268,2052 1311,2052 1354,2052 1397,2052 1440,2051 1483,2051 1526,2050 1569,2050 1612,2049 1655,2048 1698,2048 1741,2047 1784,2046 1827,2045 1870,2044 1913,2043 1956,2042 1999,2041 2043,2039"/>
                <TextEquiv>
                    <Unicode>äußere Aufnahme also teilte sich zwischen</Unicode>
                </TextEquiv>
            </TextLine>
            <TextLine id="r1l23" custom="readingOrder {index:22;}">
                <Coords points="485,2080 584,2087 631,2074 657,2086 693,2074 773,2093 829,2075 864,2086 919,2072 920,2037 882,2045 815,2025 694,2022 669,2032 618,2018 557,2039 507,2026 485,2036"/>
                <Baseline points="493,2068 519,2067 545,2067 571,2067 597,2067 623,2067 650,2068 676,2069 702,2069 728,2070 754,2070 781,2071 807,2071 833,2072 859,2072 885,2072 912,2071"/>
                <TextEquiv>
                    <Unicode>Deutsches Theater.</Unicode>
                </TextEquiv>
            </TextLine>
            <TextLine id="r1l24" custom="readingOrder {index:23;}">
                <Coords points="1171,2103 2040,2092 2039,2053 1996,2046 1171,2062"/>
                <Baseline points="1178,2095 1220,2094 1263,2094 1306,2094 1349,2093 1391,2093 1434,2092 1477,2091 1520,2090 1562,2090 1605,2089 1648,2088 1691,2087 1733,2087 1776,2086 1819,2085 1862,2084 1904,2084 1947,2083 1990,2082 2033,2082"/>
                <TextEquiv>
                    <Unicode>Sympathie und Abneigung, doch überwogen die</Unicode>
                </TextEquiv>
            </TextLine>
            <TextLine id="r1l25" custom="readingOrder {index:24;}">
                <Coords points="1160,2146 1782,2124 1889,2145 2026,2134 2046,2089 1160,2104"/>
                <Baseline points="1167,2136 1210,2135 1254,2134 1297,2133 1341,2133 1385,2132 1428,2132 1472,2131 1515,2131 1559,2130 1603,2130 1646,2130 1690,2129 1733,2129 1777,2128 1821,2128 1864,2127 1908,2126 1951,2124 1995,2123 2039,2121"/>
                <TextEquiv>
                    <Unicode>freundlichen Kundgebungen an einigen Akt¬</Unicode>
                </TextEquiv>
            </TextLine>
            <TextLine id="r1l26" custom="readingOrder {index:25;}">
                <Coords points="322,2136 781,2149 853,2122 1103,2146 1143,2134 1143,2075 1034,2101 734,2080 681,2113 604,2078 544,2104 398,2082 322,2110"/>
                <Baseline points="330,2131 370,2130 410,2130 450,2130 491,2130 531,2130 571,2130 611,2131 652,2131 692,2131 732,2132 772,2132 813,2132 853,2133 893,2133 933,2133 974,2133 1014,2134 1054,2134 1094,2134 1135,2134"/>
                <TextEquiv>
                    <Unicode>„Der einsame Weg,“ ein Schauspiel</Unicode>
                </TextEquiv>
            </TextLine>
            <TextLine id="r1l27" custom="readingOrder {index:26;}">
                <Coords points="1173,2189 2045,2174 2044,2136 1996,2129 1172,2142"/>
                <Baseline points="1181,2181 1223,2181 1266,2181 1309,2181 1352,2181 1395,2180 1437,2179 1480,2179 1523,2178 1566,2177 1609,2176 1651,2175 1694,2174 1737,2173 1780,2172 1823,2171 1865,2170 1908,2169 1951,2168 1994,2167 2037,2167"/>
                <TextEquiv>
                    <Unicode>schlüssen so sehr, daß Schnitzler mehrere Male</Unicode>
                </TextEquiv>
            </TextLine>
            <TextLine id="r1l28" custom="readingOrder {index:27;}">
                <Coords points="256,2178 1152,2179 1152,2145 1116,2136 1037,2158 864,2130 256,2134"/>
                <Baseline points="263,2173 307,2173 351,2174 395,2174 439,2175 483,2175 527,2176 571,2176 615,2176 659,2177 704,2177 748,2177 792,2177 836,2177 880,2177 924,2177 968,2176 1012,2176 1056,2175 1100,2175 1145,2174"/>
                <TextEquiv>
                    <Unicode>in fünf Akten von Arthur Schnitzler, das</Unicode>
                </TextEquiv>
            </TextLine>
            <TextLine id="r1l29" custom="readingOrder {index:28;}">
                <Coords points="267,2220 1150,2218 1150,2183 1111,2178 267,2176"/>
                <Baseline points="274,2211 317,2213 360,2214 404,2215 447,2216 491,2217 534,2217 578,2218 621,2218 665,2218 708,2219 751,2219 795,2219 838,2219 882,2219 925,2218 969,2218 1012,2218 1056,2217 1099,2217 1143,2216"/>
                <TextEquiv>
                    <Unicode>Sonnabend zum erstenmal in Szene ging, ist</Unicode>
                </TextEquiv>
            </TextLine>
            <TextLine id="r1l30" custom="readingOrder {index:29;}">
                <Coords points="1165,2231 2043,2218 2042,2174 2004,2172 1165,2184"/>
                <Baseline points="1172,2224 1215,2224 1258,2224 1301,2223 1344,2223 1387,2222 1430,2222 1474,2221 1517,2221 1560,2220 1603,2220 1646,2219 1689,2219 1732,2218 1776,2217 1819,2216 1862,2215 1905,2214 1948,2212 1991,2211 2035,2209"/>
                <TextEquiv>
                    <Unicode>vor dem Vorhang erscheinen konnte. Die Herren</Unicode>
                </TextEquiv>
            </TextLine>
            <TextLine id="r1l31" custom="readingOrder {index:30;}">
                <Coords points="1569,2269 1715,2261 1743,2275 1795,2255 1910,2272 1974,2254 2053,2267 2052,2219 1921,2227 1857,2213 1780,2231 1650,2234 1625,2220 1568,2233"/>
                <Baseline points="1576,2254 1602,2256 1628,2257 1654,2257 1680,2257 1706,2257 1732,2256 1758,2256 1784,2255 1811,2254 1837,2253 1863,2252 1889,2252 1915,2251 1941,2251 1967,2250 1993,2250 2019,2251 2046,2252"/>
                <TextEquiv>
                    <Unicode>Sauer, Rittner,</Unicode>
                </TextEquiv>
            </TextLine>
            <TextLine id="r1l32" custom="readingOrder {index:31;}">
                <Coords points="261,2271 1143,2265 1143,2227 1101,2224 489,2221 456,2244 261,2221"/>
                <Baseline points="269,2258 312,2259 355,2259 398,2260 442,2260 485,2261 528,2262 572,2262 615,2262 658,2263 702,2263 745,2263 788,2263 831,2263 875,2262 918,2262 961,2261 1005,2260 1048,2259 1091,2258 1135,2256"/>
                <TextEquiv>
                    <Unicode>ein mit den leifesten Mitteln gearbeitetes</Unicode>
                </TextEquiv>
            </TextLine>
            <TextLine id="r1l33" custom="readingOrder {index:32;}">
                <Coords points="1174,2273 1215,2265 1378,2284 1437,2270 1460,2285 1498,2263 1543,2261 1543,2242 1503,2247 1480,2231 1401,2236 1388,2224 1304,2238 1273,2225 1174,2228"/>
                <Baseline points="1182,2262 1207,2263 1232,2264 1257,2264 1283,2264 1308,2264 1333,2263 1359,2263 1384,2262 1409,2261 1434,2261 1460,2261 1485,2261 1510,2261 1536,2262"/>
                <TextEquiv>
                    <Unicode>Vassermann,</Unicode>
                </TextEquiv>
            </TextLine>
            <TextLine id="r1l34" custom="readingOrder {index:33;}">
                <Coords points="1161,2320 1971,2313 2049,2294 2049,2267 1160,2278"/>
                <Baseline points="1167,2304 1210,2305 1254,2305 1298,2306 1342,2306 1385,2305 1429,2305 1473,2305 1517,2304 1560,2303 1604,2303 1648,2302 1692,2301 1735,2300 1779,2299 1823,2299 1867,2298 1910,2297 1954,2297 1998,2296 2042,2296"/>
                <TextEquiv>
                    <Unicode>Stieler und Fräulein Triesch boten eine</Unicode>
                </TextEquiv>
            </TextLine>
            <TextLine id="r1l35" custom="readingOrder {index:34;}">
                <Coords points="259,2325 1142,2322 1153,2277 259,2271"/>
                <Baseline points="267,2302 310,2303 354,2303 398,2303 442,2303 486,2303 530,2303 574,2303 618,2303 662,2303 706,2303 749,2303 793,2303 837,2303 881,2303 925,2303 969,2303 1013,2303 1057,2303 1101,2303 1145,2303"/>
                <TextEquiv>
                    <Unicode>Drama wahrhaft einsamer Menschen. Ein nicht</Unicode>
                </TextEquiv>
            </TextLine>
            <TextLine id="r1l36" custom="readingOrder {index:35;}">
                <Coords points="272,2356 1146,2344 1095,2307 272,2318"/>
                <Baseline points="279,2347 322,2346 365,2345 408,2345 451,2345 494,2345 537,2345 580,2346 623,2346 666,2346 709,2347 752,2347 795,2348 838,2348 881,2348 924,2348 967,2348 1010,2348 1053,2347 1096,2346 1139,2345"/>
                <TextEquiv>
                    <Unicode>zu unterschätzender Einfluß Henrik Ibsens zeigt</Unicode>
                </TextEquiv>
            </TextLine>
            <TextLine id="r1l37" custom="readingOrder {index:36;}">
                <Coords points="1165,2371 1872,2371 2044,2341 2043,2291 1165,2325"/>
                <Baseline points="1172,2348 1215,2349 1258,2350 1301,2351 1344,2351 1388,2351 1431,2351 1474,2351 1517,2351 1560,2351 1604,2350 1647,2350 1690,2349 1733,2348 1776,2347 1820,2346 1863,2345 1906,2343 1949,2342 1992,2341 2036,2339"/>
                <TextEquiv>
                    <Unicode>verstehende und erlebende Schauspielkunst,</Unicode>
                </TextEquiv>
            </TextLine>
            <TextLine id="r1l38" custom="readingOrder {index:37;}">
                <Coords points="1871,2385 1882,2384 1911,2405 1928,2397 1955,2403 1986,2384 2003,2389 2003,2357 1989,2357 1954,2344 1933,2362 1922,2350 1904,2349 1890,2363 1871,2363"/>
                <Baseline points="1878,2383 1907,2382 1937,2381 1966,2382 1996,2383"/>
                <TextEquiv>
                    <Unicode>J. E.</Unicode>
                </TextEquiv>
            </TextLine>
            <TextLine id="r1l39" custom="readingOrder {index:38;}">
                <Coords points="266,2397 1066,2386 1110,2408 1150,2351 266,2353"/>
                <Baseline points="273,2387 316,2387 359,2386 403,2386 446,2386 490,2386 533,2386 577,2387 620,2387 664,2387 707,2388 750,2388 794,2389 837,2389 881,2389 924,2389 968,2389 1011,2388 1055,2388 1098,2387 1142,2385"/>
                <TextEquiv>
                    <Unicode>sich in der Auffassung des Weltlaufs und in der</Unicode>
                </TextEquiv>
            </TextLine>
            <TextLine id="r1l40" custom="readingOrder {index:39;}">
                <Coords points="271,2439 1159,2430 1227,2455 1227,2395 271,2399"/>
                <Baseline points="278,2428 325,2429 372,2430 419,2431 466,2432 513,2432 560,2432 607,2432 654,2432 701,2432 748,2431 795,2431 842,2431 889,2431 936,2431 983,2431 1030,2432 1077,2432 1124,2433 1171,2435 1219,2437"/>
                <TextEquiv>
                    <Unicode>bald kräftigen, bald feinen Symbolisierung der#</Unicode>
                </TextEquiv>
            </TextLine>
            <TextLine id="r1l41" custom="readingOrder {index:40;}">
                <Coords points="263,2481 1200,2485 1200,2440 1156,2429 645,2430 567,2456 263,2430"/>
                <Baseline points="270,2473 316,2473 362,2473 408,2473 454,2474 500,2474 546,2474 592,2475 638,2475 684,2475 731,2475 777,2476 823,2476 869,2476 915,2476 961,2476 1007,2475 1053,2475 1099,2475 1145,2474 1192,2473"/>
                <TextEquiv>
                    <Unicode>Wirklichkeit, — gleichwohl oder vielleicht: eben</Unicode>
                </TextEquiv>
            </TextLine>
            <TextLine id="r1l42" custom="readingOrder {index:41;}">
                <Coords points="271,2522 1157,2530 1157,2501 1079,2480 271,2478"/>
                <Baseline points="279,2516 322,2516 366,2516 409,2516 453,2516 496,2516 540,2516 583,2517 627,2517 670,2518 714,2519 758,2519 801,2519 845,2519 888,2519 932,2519 975,2519 1019,2518 1062,2517 1106,2516 1150,2514"/>
                <TextEquiv>
                    <Unicode>darum ist das Drama ein merkwürdiges Pre¬</Unicode>
                </TextEquiv>
            </TextLine>
            <TextLine id="r1l43" custom="readingOrder {index:42;}">
                <Coords points="273,2562 1148,2577 1148,2536 1046,2519 273,2532"/>
                <Baseline points="280,2561 323,2560 366,2560 409,2560 452,2560 495,2560 538,2560 581,2560 624,2561 667,2561 710,2561 753,2562 796,2562 839,2562 882,2562 925,2562 968,2561 1011,2561 1054,2560 1097,2559 1141,2557"/>
                <TextEquiv>
                    <Unicode>dukt in der menschlichen Entwicklung dieses</Unicode>
                </TextEquiv>
            </TextLine>
            <TextLine id="r1l44" custom="readingOrder {index:43;}">
                <Coords points="259,2604 1151,2604 1055,2563 259,2574"/>
                <Baseline points="267,2602 310,2602 354,2602 398,2602 442,2602 486,2602 530,2603 573,2603 617,2603 661,2604 705,2604 749,2604 793,2604 837,2604 880,2604 924,2604 968,2603 1012,2602 1056,2601 1100,2600 1144,2599"/>
                <TextEquiv>
                    <Unicode>Wiener Dichters. Es ist eine Art Beichte, Hor¬</Unicode>
                </TextEquiv>
            </TextLine>
            <TextLine id="r1l45" custom="readingOrder {index:44;}">
                <Coords points="267,2645 1155,2650 1155,2613 1101,2608 267,2605"/>
                <Baseline points="275,2648 318,2648 362,2647 405,2647 449,2647 493,2647 536,2647 580,2647 624,2647 667,2647 711,2647 755,2647 798,2647 842,2647 886,2646 929,2646 973,2645 1017,2644 1060,2643 1104,2642 1148,2640"/>
                <TextEquiv>
                    <Unicode>genommen an einer Lebenswende, in einem Beit¬</Unicode>
                </TextEquiv>
            </TextLine>
            <TextLine id="r1l46" custom="readingOrder {index:45;}">
                <Coords points="268,2695 1019,2691 1049,2713 1153,2692 1153,2650 268,2659"/>
                <Baseline points="275,2690 318,2690 362,2689 405,2689 449,2689 492,2689 536,2689 579,2690 623,2690 666,2690 710,2690 753,2690 797,2690 840,2690 884,2690 927,2689 971,2689 1014,2687 1058,2685 1101,2684 1145,2681"/>
                <TextEquiv>
                    <Unicode>punkt der Reife. Die Melancholie der Ershne¬</Unicode>
                </TextEquiv>
            </TextLine>
            <TextLine id="r1l47" custom="readingOrder {index:46;}">
                <Coords points="271,2738 1071,2745 1124,2741 1159,2692 271,2702"/>
                <Baseline points="278,2734 321,2734 365,2734 409,2734 452,2734 496,2734 540,2734 583,2734 627,2734 671,2734 715,2734 758,2734 802,2734 846,2734 889,2734 933,2734 977,2733 1020,2733 1064,2732 1108,2732 1152,2731"/>
                <TextEquiv>
                    <Unicode>rung senkt sich über das Vergangene, und Poch</Unicode>
                </TextEquiv>
            </TextLine>
            <TextLine id="r1l48" custom="readingOrder {index:47;}">
                <Coords points="268,2779 1101,2794 1101,2733 268,2737"/>
                <Baseline points="275,2775 318,2774 361,2774 404,2774 447,2774 490,2774 533,2775 576,2775 619,2775 662,2776 706,2776 749,2777 792,2777 835,2777 878,2777 921,2777 964,2777 1007,2776 1050,2776 1094,2775"/>
                <TextEquiv>
                    <Unicode>tiefere Schatten der Schwermut fallen auf#</Unicode>
                </TextEquiv>
            </TextLine>
            <TextLine id="r1l49" custom="readingOrder {index:48;}">
                <Coords points="269,2816 1091,2818 1161,2843 1161,2780 1132,2768 1090,2796 791,2777 610,2803 269,2777"/>
                <Baseline points="277,2819 320,2818 364,2818 408,2818 452,2818 496,2818 540,2818 583,2818 627,2818 671,2818 715,2819 759,2819 803,2819 847,2819 890,2819 934,2819 978,2819 1022,2819 1066,2818 1110,2818 1154,2817"/>
                <TextEquiv>
                    <Unicode>beginnende Alter. Der „einsame Weg“, das i##</Unicode>
                </TextEquiv>
            </TextLine>
            <TextLine id="r1l50" custom="readingOrder {index:49;}">
                <Coords points="262,2864 1163,2880 1163,2842 1123,2822 262,2828"/>
                <Baseline points="269,2861 313,2861 357,2861 402,2861 446,2861 490,2861 535,2861 579,2861 623,2861 668,2861 712,2861 756,2861 801,2861 845,2861 889,2860 934,2860 978,2859 1022,2858 1067,2857 1111,2856 1156,2855"/>
                <TextEquiv>
                    <Unicode>der Weg der „Egoisten“, wenn ihr Leben bergab</Unicode>
                </TextEquiv>
            </TextLine>
            <TextLine id="r1l51" custom="readingOrder {index:50;}">
                <Coords points="265,2920 280,2912 305,2918 327,2907 343,2914 359,2907 373,2914 386,2905 404,2903 403,2870 368,2872 346,2860 338,2868 309,2864 300,2873 265,2871"/>
                <Baseline points="273,2904 303,2902 334,2901 365,2901 396,2903"/>
                <TextEquiv>
                    <Unicode>zieht.</Unicode>
                </TextEquiv>
            </TextLine>
            <TextLine id="r1l52" custom="readingOrder {index:51;}">
                <Coords points="318,2960 939,2942 1009,2964 1159,2944 1159,2904 318,2908"/>
                <Baseline points="326,2941 367,2942 408,2943 449,2943 491,2944 532,2944 573,2945 615,2945 656,2945 697,2945 739,2945 780,2945 821,2945 862,2945 904,2944 945,2944 986,2944 1028,2944 1069,2943 1110,2943 1152,2943"/>
                <TextEquiv>
                    <Unicode>Die künstlerischen Eindrücke gehen allein vom</Unicode>
                </TextEquiv>
            </TextLine>
            <TextLine id="r1l53" custom="readingOrder {index:52;}">
                <Coords points="262,2991 1160,3002 1130,2946 262,2957"/>
                <Baseline points="270,2983 314,2985 358,2986 402,2987 446,2988 490,2989 534,2990 578,2991 622,2991 666,2992 711,2992 755,2992 799,2992 843,2992 887,2992 931,2991 975,2991 1019,2990 1063,2989 1107,2988 1152,2987"/>
                <TextEquiv>
                    <Unicode>Wesen der Charaktere aus, von denen freilich</Unicode>
                </TextEquiv>
            </TextLine>
            <TextLine id="r1l54" custom="readingOrder {index:53;}">
                <Coords points="270,3027 1159,3041 1159,3000 1064,2989 270,2996"/>
                <Baseline points="277,3028 320,3029 364,3030 408,3031 452,3031 495,3032 539,3032 583,3033 627,3033 670,3033 714,3033 758,3032 802,3032 845,3032 889,3031 933,3031 977,3030 1020,3029 1064,3029 1108,3028 1152,3027"/>
                <TextEquiv>
                    <Unicode>nicht alle restlos gestaltet sind. Den dünnen</Unicode>
                </TextEquiv>
            </TextLine>
            <TextLine id="r1l55" custom="readingOrder {index:54;}">
                <Coords points="264,3068 1173,3087 1172,3038 1104,3031 264,3049"/>
                <Baseline points="271,3072 315,3074 360,3075 405,3076 449,3077 494,3078 539,3079 583,3079 628,3079 673,3079 718,3079 762,3078 807,3078 852,3077 896,3076 941,3074 986,3073 1030,3072 1075,3070 1120,3068 1165,3066"/>
                <TextEquiv>
                    <Unicode>theatralischen Faden bezeichnet die Tragödie</Unicode>
                </TextEquiv>
            </TextLine>
            <TextLine id="r1l56" custom="readingOrder {index:55;}">
                <Coords points="269,3121 1054,3133 1157,3129 1172,3088 733,3099 664,3063 635,3091 269,3093"/>
                <Baseline points="277,3117 321,3118 365,3119 410,3119 454,3120 498,3120 543,3120 587,3121 631,3121 676,3121 720,3120 764,3120 809,3120 853,3119 897,3119 942,3118 986,3117 1030,3116 1075,3115 1119,3114 1164,3113"/>
                <TextEquiv>
                    <Unicode>eines Geschwisterpaares: Der Bruder erfährt,</Unicode>
                </TextEquiv>
            </TextLine>
            <TextLine id="r1l57" custom="readingOrder {index:56;}">
                <Coords points="275,3163 1160,3173 1160,3130 1091,3117 275,3123"/>
                <Baseline points="282,3159 325,3159 369,3159 412,3160 456,3160 499,3161 543,3161 586,3161 630,3162 673,3162 717,3163 760,3163 804,3163 847,3163 891,3162 934,3162 978,3161 1021,3160 1065,3159 1108,3157 1152,3156"/>
                <TextEquiv>
                    <Unicode>daß er außerhalb der väterlichen Ehe erzeugt</Unicode>
                </TextEquiv>
            </TextLine>
            <TextLine id="r1l58" custom="readingOrder {index:57;}">
                <Coords points="270,3216 1155,3207 1129,3167 270,3168"/>
                <Baseline points="278,3203 321,3203 364,3203 408,3202 451,3202 495,3202 538,3202 582,3202 625,3203 669,3203 712,3203 755,3203 799,3203 842,3203 886,3203 929,3203 973,3203 1016,3202 1060,3201 1103,3201 1147,3200"/>
                <TextEquiv>
                    <Unicode>ist, aber er bleibt bei dem Manne, der in einem</Unicode>
                </TextEquiv>
            </TextLine>
            <TextLine id="r1l59" custom="readingOrder {index:58;}">
                <Coords points="271,3264 1164,3249 1151,3204 271,3210"/>
                <Baseline points="278,3249 324,3248 370,3247 416,3246 463,3245 509,3245 555,3244 601,3244 648,3244 694,3244 740,3244 786,3244 833,3244 879,3244 925,3244 971,3244 1018,3244 1064,3243 1110,3243 1157,3242"/>
                <TextEquiv>
                    <Unicode>höheren ethischen Sinne sein Vater war; die</Unicode>
                </TextEquiv>
            </TextLine>
            <TextLine id="r1l60" custom="readingOrder {index:59;}">
                <Coords points="275,3286 1159,3297 1159,3254 828,3238 275,3262"/>
                <Baseline points="283,3286 326,3286 369,3286 413,3286 456,3286 500,3286 543,3287 586,3287 630,3287 673,3287 717,3288 760,3288 803,3288 847,3288 890,3288 934,3287 977,3287 1020,3286 1064,3285 1107,3284 1151,3282"/>
                <TextEquiv>
                    <Unicode>Schwester wird verführt wie einst ihre Mutter;</Unicode>
                </TextEquiv>
            </TextLine>
            <TextLine id="r1l61" custom="readingOrder {index:60;}">
                <Coords points="268,3338 1160,3345 1160,3297 1067,3290 268,3292"/>
                <Baseline points="275,3330 318,3330 362,3331 406,3331 450,3331 494,3331 538,3331 581,3332 625,3332 669,3333 713,3333 757,3333 801,3333 845,3333 888,3333 932,3333 976,3333 1020,3333 1064,3332 1108,3332 1152,3331"/>
                <TextEquiv>
                    <Unicode>aber sie überwindet nicht wie ihre Mutter, son¬</Unicode>
                </TextEquiv>
            </TextLine>
            <TextLine id="r1l62" custom="readingOrder {index:61;}">
                <Coords points="272,3385 333,3390 370,3375 445,3388 492,3374 655,3390 687,3375 618,3334 480,3347 429,3330 390,3343 272,3341"/>
                <Baseline points="279,3375 304,3375 329,3375 354,3375 379,3374 404,3374 429,3373 454,3373 479,3372 504,3372 529,3371 554,3371 579,3371 604,3372 629,3372 654,3373 680,3374"/>
                <TextEquiv>
                    <Unicode>dern wählt den Tod.</Unicode>
                </TextEquiv>
            </TextLine>
            <TextLine id="r1l63" custom="readingOrder {index:62;}">
                <Coords points="314,3424 1168,3431 1168,3395 994,3366 812,3394 733,3366 653,3391 314,3384"/>
                <Baseline points="321,3417 363,3417 405,3418 447,3419 489,3419 531,3420 573,3420 615,3420 657,3420 699,3420 741,3420 783,3420 825,3420 867,3420 909,3419 951,3418 993,3417 1035,3416 1077,3415 1119,3413 1161,3411"/>
                <TextEquiv>
                    <Unicode>Die Grundstimmung des Werkes ist sehr</Unicode>
                </TextEquiv>
            </TextLine>
            <TextLine id="r1l64" custom="readingOrder {index:63;}">
                <Coords points="273,3470 883,3476 1164,3446 1053,3417 388,3443 273,3412"/>
                <Baseline points="281,3462 324,3461 368,3461 412,3461 456,3462 500,3462 543,3462 587,3462 631,3462 675,3463 719,3463 762,3463 806,3463 850,3463 894,3463 938,3463 981,3462 1025,3462 1069,3461 1113,3461 1157,3459"/>
                <TextEquiv>
                    <Unicode>düster, und die Wirkung liegt nicht im unmittel¬</Unicode>
                </TextEquiv>
            </TextLine>
            <TextLine id="r1l65" custom="readingOrder {index:64;}">
                <Coords points="270,3510 996,3520 1123,3507 1162,3455 270,3472"/>
                <Baseline points="277,3503 320,3503 364,3503 408,3503 452,3503 496,3504 540,3504 584,3504 628,3505 672,3505 716,3505 759,3505 803,3505 847,3505 891,3505 935,3505 979,3504 1023,3504 1067,3503 1111,3502 1155,3501"/>
                <TextEquiv>
                    <Unicode>bar Dramatischen, vielmehr in den Reizen keines</Unicode>
                </TextEquiv>
            </TextLine>
            <TextLine id="r1l66" custom="readingOrder {index:65;}">
                <Coords points="270,3570 1110,3560 1158,3542 1158,3497 270,3519"/>
                <Baseline points="277,3545 320,3546 364,3546 408,3547 451,3547 495,3547 539,3548 582,3548 626,3548 670,3548 714,3548 757,3548 801,3548 845,3548 888,3547 932,3546 976,3546 1019,3545 1063,3544 1107,3542 1151,3541"/>
                <TextEquiv>
                    <Unicode>unendlich feinen Dialogs. Und ausgesponnenen</Unicode>
                </TextEquiv>
            </TextLine>
            <TextLine id="r1l67" custom="readingOrder {index:66;}">
                <Coords points="264,3614 715,3619 882,3591 1150,3622 1164,3555 263,3574"/>
                <Baseline points="271,3591 315,3591 359,3591 403,3590 448,3590 492,3590 536,3590 581,3591 625,3591 669,3591 714,3591 758,3591 802,3591 846,3590 891,3590 935,3590 979,3589 1024,3589 1068,3588 1112,3587 1157,3585"/>
                <TextEquiv>
                    <Unicode>Dialogen, in denen Geister und Gemüter sich</Unicode>
                </TextEquiv>
            </TextLine>
            <TextEquiv>
                <Unicode>W
S am
box 23/1
18. Der
Dr. Max Goldschmidt
„ . Bureau für
Zeitungsausschnitte
verbunden mit direktem Nachrichtendienst durch
eigene Korrespondenten.
Telephon: III, 3051.
Berlin N. 24.
—
—.—
Ausschnitt aus
Barliner Zenun,
14 FEB. W903
 — —
nur langsam und zögernd erschließen, innerlich
mitgehend zu lauschen, das ist nicht eben die
Kunst und Wissenschaft.
starke Seite eines deutschen Publikums. Die
äußere Aufnahme also teilte sich zwischen
Deutsches Theater.
Sympathie und Abneigung, doch überwogen die
freundlichen Kundgebungen an einigen Akt¬
„Der einsame Weg,“ ein Schauspiel
schlüssen so sehr, daß Schnitzler mehrere Male
in fünf Akten von Arthur Schnitzler, das
Sonnabend zum erstenmal in Szene ging, ist
vor dem Vorhang erscheinen konnte. Die Herren
Sauer, Rittner,
ein mit den leifesten Mitteln gearbeitetes
Vassermann,
Stieler und Fräulein Triesch boten eine
Drama wahrhaft einsamer Menschen. Ein nicht
zu unterschätzender Einfluß Henrik Ibsens zeigt
verstehende und erlebende Schauspielkunst,
J. E.
sich in der Auffassung des Weltlaufs und in der
bald kräftigen, bald feinen Symbolisierung der#
Wirklichkeit, — gleichwohl oder vielleicht: eben
darum ist das Drama ein merkwürdiges Pre¬
dukt in der menschlichen Entwicklung dieses
Wiener Dichters. Es ist eine Art Beichte, Hor¬
genommen an einer Lebenswende, in einem Beit¬
punkt der Reife. Die Melancholie der Ershne¬
rung senkt sich über das Vergangene, und Poch
tiefere Schatten der Schwermut fallen auf#
beginnende Alter. Der „einsame Weg“, das i##
der Weg der „Egoisten“, wenn ihr Leben bergab
zieht.
Die künstlerischen Eindrücke gehen allein vom
Wesen der Charaktere aus, von denen freilich
nicht alle restlos gestaltet sind. Den dünnen
theatralischen Faden bezeichnet die Tragödie
eines Geschwisterpaares: Der Bruder erfährt,
daß er außerhalb der väterlichen Ehe erzeugt
ist, aber er bleibt bei dem Manne, der in einem
höheren ethischen Sinne sein Vater war; die
Schwester wird verführt wie einst ihre Mutter;
aber sie überwindet nicht wie ihre Mutter, son¬
dern wählt den Tod.
Die Grundstimmung des Werkes ist sehr
düster, und die Wirkung liegt nicht im unmittel¬
bar Dramatischen, vielmehr in den Reizen keines
unendlich feinen Dialogs. Und ausgesponnenen
Dialogen, in denen Geister und Gemüter sich</Unicode>
            </TextEquiv>
        </TextRegion>
        <TextRegion orientation="0.0" id="r2" custom="readingOrder {index:1;}">
            <Coords points="2055,237 2055,4315 3306,4315 3306,237"/>
            <TextLine id="r2l1" custom="readingOrder {index:0;}">
                <Coords points="2233,270 2243,273 2255,266 2260,272 2267,267 2281,268 2283,236 2254,235 2253,237 2248,233 2245,236 2235,235"/>
                <Baseline points="2241,259 2274,261"/>
                <TextEquiv>
                    <Unicode></Unicode>
                </TextEquiv>
            </TextLine>
            <TextLine id="r2l2" custom="readingOrder {index:1;}">
                <Coords points="2406,385 2479,372 2507,386 2607,366 2634,377 2691,356 2817,375 2815,317 2789,311 2695,323 2653,309 2625,328 2591,313 2543,331 2462,309 2404,322"/>
                <Baseline points="2413,367 2439,365 2465,364 2492,363 2518,361 2545,359 2571,359 2597,357 2624,357 2650,355 2677,354 2703,354 2729,354 2756,354 2782,354 2809,354"/>
                <TextEquiv>
                    <Unicode>Ausschnitt aus</Unicode>
                </TextEquiv>
            </TextLine>
            <TextLine id="r2l3" custom="readingOrder {index:2;}">
                <Coords points="2356,604 2482,611 2660,573 2897,596 3050,550 3048,507 2828,500 2798,527 2680,518 2658,536 2585,509 2352,548"/>
                <Baseline points="2363,597 2397,593 2431,589 2465,586 2499,583 2533,580 2567,578 2601,575 2635,573 2669,571 2703,570 2737,568 2771,567 2805,565 2839,563 2873,561 2907,560 2941,557 2975,556 3009,554 3043,550"/>
                <TextEquiv>
                    <Unicode>Das Kleine Journal, Berlin</Unicode>
                </TextEquiv>
            </TextLine>
            <TextLine id="r2l4" custom="readingOrder {index:3;}">
                <Coords points="2509,776 2569,767 2600,778 2625,767 2653,785 2747,782 2804,800 2839,774 2855,779 2858,726 2712,690 2513,705"/>
                <Baseline points="2518,757 2543,753 2568,751 2594,750 2619,752 2644,753 2670,756 2695,759 2721,762 2746,764 2771,766 2797,765 2822,764 2848,760"/>
                <TextEquiv>
                    <Unicode>14 FEB. #</Unicode>
                </TextEquiv>
            </TextLine>
            <TextLine id="r2l5" custom="readingOrder {index:4;}">
                <Coords points="2273,963 2643,959 2717,934 2827,960 2945,947 2998,927 2998,901 2898,872 2843,896 2684,875 2567,910 2409,879 2272,886"/>
                <Baseline points="2280,947 2315,947 2351,947 2386,947 2422,947 2457,946 2493,946 2528,946 2564,946 2599,945 2635,945 2671,944 2706,943 2742,943 2777,942 2813,941 2848,940 2884,939 2919,938 2955,937 2991,936"/>
                <TextEquiv>
                    <Unicode>Theater und Kunst.</Unicode>
                </TextEquiv>
            </TextLine>
            <TextLine id="r2l6" custom="readingOrder {index:5;}">
                <Coords points="2383,1022 2412,1009 2434,1024 2506,1015 2528,1027 2625,1005 2768,1020 2846,1000 2846,967 2712,963 2679,944 2638,970 2503,959 2473,977 2444,962 2383,976"/>
                <Baseline points="2391,1009 2417,1008 2443,1007 2470,1006 2496,1006 2522,1006 2549,1006 2575,1005 2601,1005 2628,1005 2654,1005 2680,1005 2707,1005 2733,1004 2759,1004 2786,1002 2812,1001 2839,999"/>
                <TextEquiv>
                    <Unicode>Deutsches Theater.</Unicode>
                </TextEquiv>
            </TextLine>
            <TextLine id="r2l7" custom="readingOrder {index:6;}">
                <Coords points="2129,1068 3180,1056 3198,1012 2970,991 2732,1033 2626,1005 2128,1039"/>
                <Baseline points="2137,1066 2189,1066 2242,1065 2295,1065 2347,1064 2400,1063 2453,1062 2505,1061 2558,1060 2611,1059 2664,1058 2716,1057 2769,1055 2822,1054 2874,1052 2927,1050 2980,1049 3032,1047 3085,1045 3138,1044 3191,1041"/>
                <TextEquiv>
                    <Unicode>„Um seines Lebensweges Mittag“ ist Arthur Schnitzler</Unicode>
                </TextEquiv>
            </TextLine>
            <TextLine id="r2l8" custom="readingOrder {index:7;}">
                <Coords points="2049,1123 3092,1104 3178,1098 3206,1053 2047,1079"/>
                <Baseline points="2055,1110 2112,1111 2169,1111 2226,1111 2283,1110 2341,1110 2398,1109 2455,1108 2512,1107 2569,1106 2627,1104 2684,1102 2741,1100 2798,1099 2855,1097 2913,1095 2970,1093 3027,1091 3084,1088 3141,1086 3199,1084"/>
                <TextEquiv>
                    <Unicode>die Erkenntnis gekommen, daß man nicht immer Anatole bleiben</Unicode>
                </TextEquiv>
            </TextLine>
            <TextLine id="r2l9" custom="readingOrder {index:8;}">
                <Coords points="2050,1172 3196,1146 3198,1093 2049,1123"/>
                <Baseline points="2057,1157 2113,1156 2170,1155 2227,1154 2283,1153 2340,1152 2397,1151 2453,1150 2510,1149 2567,1148 2624,1147 2680,1146 2737,1144 2794,1143 2850,1141 2907,1139 2964,1137 3020,1135 3077,1132 3134,1130 3191,1126"/>
                <TextEquiv>
                    <Unicode>kann und daß das Leben sich an jedem rächt, der es nur wie</Unicode>
                </TextEquiv>
            </TextLine>
            <TextLine id="r2l10" custom="readingOrder {index:9;}">
                <Coords points="2057,1210 3199,1178 3198,1146 3118,1135 2056,1178"/>
                <Baseline points="2064,1204 2120,1202 2176,1201 2233,1199 2289,1198 2346,1197 2402,1195 2458,1193 2515,1192 2571,1190 2628,1189 2684,1187 2740,1186 2797,1184 2853,1183 2910,1181 2966,1180 3022,1178 3079,1177 3135,1176 3192,1175"/>
                <TextEquiv>
                    <Unicode>ein leichtes Spiel mit Herzen und Schicksalen auffaßt. Und da</Unicode>
                </TextEquiv>
            </TextLine>
            <TextLine id="r2l11" custom="readingOrder {index:10;}">
                <Coords points="2051,1248 2995,1244 3207,1210 3127,1178 2050,1205"/>
                <Baseline points="2058,1246 2115,1244 2172,1243 2229,1242 2286,1241 2343,1240 2400,1239 2457,1237 2514,1236 2571,1235 2628,1234 2685,1232 2742,1231 2799,1229 2856,1228 2913,1226 2970,1225 3027,1223 3084,1221 3141,1218 3199,1216"/>
                <TextEquiv>
                    <Unicode>tat er jegliche Liebelei von sich ab, setzte sich hin und schrieb das</Unicode>
                </TextEquiv>
            </TextLine>
            <TextLine id="r2l12" custom="readingOrder {index:11;}">
                <Coords points="2058,1299 3217,1279 3206,1221 2464,1268 2057,1250"/>
                <Baseline points="2065,1290 2122,1288 2179,1287 2236,1285 2293,1284 2351,1283 2408,1281 2465,1280 2522,1278 2579,1277 2637,1276 2694,1274 2751,1272 2808,1271 2865,1269 2923,1267 2980,1265 3037,1264 3094,1261 3151,1260 3209,1257"/>
                <TextEquiv>
                    <Unicode>fünfaktige Schauspiel „Der einsame Weg“. Wie eine</Unicode>
                </TextEquiv>
            </TextLine>
            <TextLine id="r2l13" custom="readingOrder {index:12;}">
                <Coords points="2059,1339 3209,1320 3208,1282 3145,1264 2058,1300"/>
                <Baseline points="2066,1332 2122,1331 2179,1331 2236,1330 2293,1328 2349,1327 2406,1326 2463,1324 2520,1323 2576,1320 2633,1319 2690,1317 2747,1315 2803,1314 2860,1312 2917,1311 2974,1310 3030,1309 3087,1308 3144,1308 3201,1307"/>
                <TextEquiv>
                    <Unicode>Beichte klingt es, wie das Bekenntnis Eines, der sich</Unicode>
                </TextEquiv>
            </TextLine>
            <TextLine id="r2l14" custom="readingOrder {index:13;}">
                <Coords points="2053,1383 3216,1351 3158,1311 2052,1335"/>
                <Baseline points="2060,1379 2117,1378 2174,1376 2232,1375 2289,1373 2347,1371 2404,1370 2461,1368 2519,1366 2576,1365 2634,1363 2691,1361 2748,1359 2806,1357 2863,1356 2921,1354 2978,1353 3035,1351 3093,1350 3150,1349 3208,1348"/>
                <TextEquiv>
                    <Unicode>klar geworden, daß er ein Tor war, als er „nur so</Unicode>
                </TextEquiv>
            </TextLine>
            <TextLine id="r2l15" custom="readingOrder {index:14;}">
                <Coords points="2647,1398 2697,1419 2743,1391 2820,1413 2854,1394 2934,1417 3042,1391 3205,1410 3203,1358 3140,1348 3040,1369 2938,1356 2889,1373 2647,1370"/>
                <Baseline points="2655,1404 2682,1404 2709,1404 2736,1404 2763,1404 2790,1404 2817,1403 2844,1403 2871,1403 2898,1402 2926,1401 2953,1401 2980,1400 3007,1399 3034,1398 3061,1397 3088,1396 3115,1394 3142,1394 3169,1392 3197,1390"/>
                <TextEquiv>
                    <Unicode>ist und jegliches Gelüst</Unicode>
                </TextEquiv>
            </TextLine>
            <TextLine id="r2l16" custom="readingOrder {index:15;}">
                <Coords points="2188,1417 2317,1415 2347,1436 2424,1410 2480,1426 2587,1421 2628,1408 2627,1372 2512,1370 2448,1400 2364,1367 2308,1390 2254,1378 2187,1389"/>
                <Baseline points="2195,1419 2220,1417 2245,1416 2270,1416 2295,1415 2320,1415 2345,1414 2370,1414 2395,1414 2420,1414 2445,1413 2470,1413 2495,1412 2520,1411 2545,1409 2570,1408 2595,1406 2621,1404"/>
                <TextEquiv>
                    <Unicode>die Welt gerannt“</Unicode>
                </TextEquiv>
            </TextLine>
            <TextLine id="r2l17" custom="readingOrder {index:16;}">
                <Coords points="2054,1426 2069,1423 2075,1428 2089,1425 2133,1431 2142,1426 2173,1429 2172,1388 2155,1390 2149,1384 2128,1381 2102,1389 2085,1383 2054,1385"/>
                <Baseline points="2061,1420 2087,1419 2113,1418 2139,1418 2165,1420"/>
                <TextEquiv>
                    <Unicode>durch</Unicode>
                </TextEquiv>
            </TextLine>
            <TextLine id="r2l18" custom="readingOrder {index:17;}">
                <Coords points="2056,1476 3196,1456 3202,1407 2055,1432"/>
                <Baseline points="2063,1461 2119,1461 2176,1461 2232,1460 2289,1459 2346,1458 2402,1457 2459,1456 2515,1455 2572,1453 2629,1452 2685,1450 2742,1449 2798,1447 2855,1445 2912,1444 2968,1442 3025,1440 3081,1439 3138,1438 3195,1436"/>
                <TextEquiv>
                    <Unicode>bei den Haaren ergriffen hat. Und zur Warnung und Mahnung</Unicode>
                </TextEquiv>
            </TextLine>
            <TextLine id="r2l19" custom="readingOrder {index:18;}">
                <Coords points="2066,1517 3113,1496 3218,1477 3217,1432 2064,1471"/>
                <Baseline points="2073,1509 2129,1508 2186,1506 2243,1505 2300,1504 2357,1502 2414,1501 2470,1500 2527,1498 2584,1497 2641,1495 2698,1494 2755,1493 2812,1491 2868,1489 2925,1487 2982,1486 3039,1484 3096,1482 3153,1480 3210,1478"/>
                <TextEquiv>
                    <Unicode>für jeden, der sich nicht noch zur rechten Zeit auf sich selbst zu</Unicode>
                </TextEquiv>
            </TextLine>
            <TextLine id="r2l20" custom="readingOrder {index:19;}">
                <Coords points="2052,1550 3224,1524 3171,1484 2051,1508"/>
                <Baseline points="2059,1553 2116,1553 2174,1551 2232,1550 2290,1549 2348,1547 2406,1546 2463,1544 2521,1542 2579,1541 2637,1539 2695,1537 2753,1535 2811,1533 2868,1531 2926,1529 2984,1527 3042,1525 3100,1523 3158,1522 3216,1520"/>
                <TextEquiv>
                    <Unicode>besinnen vermag, schuf Arthur Schnitzler die Gestalten zweier</Unicode>
                </TextEquiv>
            </TextLine>
            <TextLine id="r2l21" custom="readingOrder {index:20;}">
                <Coords points="2059,1601 3216,1563 3206,1526 2058,1559"/>
                <Baseline points="2066,1598 2123,1596 2180,1594 2237,1592 2294,1590 2351,1589 2408,1588 2465,1586 2522,1585 2579,1583 2637,1581 2694,1580 2751,1578 2808,1577 2865,1575 2922,1574 2979,1572 3036,1570 3093,1568 3150,1566 3208,1564"/>
                <TextEquiv>
                    <Unicode>Lebemänner, die das Genießen zur feinsten und rücksichtslosesten</Unicode>
                </TextEquiv>
            </TextLine>
            <TextLine id="r2l22" custom="readingOrder {index:21;}">
                <Coords points="2063,1656 3224,1598 3211,1560 2062,1606"/>
                <Baseline points="2070,1640 2127,1639 2184,1638 2241,1637 2299,1635 2356,1634 2413,1632 2471,1630 2528,1629 2585,1627 2643,1625 2700,1623 2757,1621 2814,1620 2872,1617 2929,1616 2986,1614 3044,1612 3101,1611 3158,1609 3216,1608"/>
                <TextEquiv>
                    <Unicode>Kunst ausgebildet haben, die sich in ihrem lächelnden, siegesfrohen</Unicode>
                </TextEquiv>
            </TextLine>
            <TextLine id="r2l23" custom="readingOrder {index:22;}">
                <Coords points="2070,1692 3220,1658 3136,1614 2069,1649"/>
                <Baseline points="2078,1682 2134,1681 2191,1680 2248,1679 2304,1678 2361,1677 2418,1675 2474,1674 2531,1672 2588,1670 2645,1668 2701,1667 2758,1665 2815,1663 2871,1661 2928,1660 2985,1658 3041,1656 3098,1655 3155,1653 3212,1651"/>
                <TextEquiv>
                    <Unicode>Egoismus den Teufel kümmerten um das Glück der anderen und</Unicode>
                </TextEquiv>
            </TextLine>
            <TextLine id="r2l24" custom="readingOrder {index:23;}">
                <Coords points="2069,1731 3173,1715 3223,1683 2068,1693"/>
                <Baseline points="2077,1726 2136,1726 2196,1725 2256,1724 2316,1723 2376,1721 2436,1720 2496,1718 2556,1716 2616,1714 2676,1712 2736,1710 2796,1708 2856,1706 2916,1705 2976,1703 3036,1701 3096,1700 3156,1699 3216,1698"/>
                <TextEquiv>
                    <Unicode>die nun auf einmal, da ihr Weg bergab zu gehen beginnt, er¬</Unicode>
                </TextEquiv>
            </TextLine>
            <TextLine id="r2l25" custom="readingOrder {index:24;}">
                <Coords points="2076,1781 3218,1759 3217,1708 2075,1736"/>
                <Baseline points="2083,1772 2139,1770 2195,1769 2252,1767 2308,1766 2364,1764 2421,1763 2477,1762 2533,1761 2590,1759 2646,1758 2702,1757 2759,1755 2815,1753 2871,1752 2928,1750 2984,1748 3040,1746 3097,1744 3153,1741 3210,1738"/>
                <TextEquiv>
                    <Unicode>stannt bemerken, daß es ein einsamer Weg ist, den sie wandeln.</Unicode>
                </TextEquiv>
            </TextLine>
            <TextLine id="r2l26" custom="readingOrder {index:25;}">
                <Coords points="2072,1814 3220,1781 3153,1747 2071,1784"/>
                <Baseline points="2079,1817 2135,1815 2192,1813 2249,1811 2305,1809 2362,1808 2419,1806 2475,1805 2532,1804 2589,1803 2646,1801 2702,1800 2759,1799 2816,1797 2872,1796 2929,1794 2986,1792 3042,1790 3099,1787 3156,1784 3213,1781"/>
                <TextEquiv>
                    <Unicode>Der eine, der Maler Julian Fichtner, konstatiert diese be¬</Unicode>
                </TextEquiv>
            </TextLine>
            <TextLine id="r2l27" custom="readingOrder {index:26;}">
                <Coords points="2074,1866 3225,1844 3224,1805 3167,1792 2073,1814"/>
                <Baseline points="2081,1856 2137,1855 2194,1854 2251,1853 2308,1852 2365,1851 2421,1850 2478,1849 2535,1848 2592,1846 2649,1845 2705,1844 2762,1842 2819,1840 2876,1839 2933,1837 2989,1836 3046,1834 3103,1832 3160,1831 3217,1829"/>
                <TextEquiv>
                    <Unicode>dauerliche Tatsache mit schmerzlichem Herzweh, der andere,</Unicode>
                </TextEquiv>
            </TextLine>
            <TextLine id="r2l28" custom="readingOrder {index:27;}">
                <Coords points="2074,1916 3111,1893 3233,1883 3232,1838 2072,1863"/>
                <Baseline points="2081,1900 2138,1899 2195,1898 2252,1897 2310,1896 2367,1895 2424,1894 2481,1893 2539,1892 2596,1891 2653,1890 2710,1888 2768,1886 2825,1885 2882,1884 2939,1882 2997,1880 3054,1878 3111,1875 3168,1873 3226,1870"/>
                <TextEquiv>
                    <Unicode>der Schriftsteller Stephan v. Sala, mit kühlem, skeptischem</Unicode>
                </TextEquiv>
            </TextLine>
            <TextLine id="r2l29" custom="readingOrder {index:28;}">
                <Coords points="2064,1953 3075,1940 3232,1899 2063,1912"/>
                <Baseline points="2071,1944 2128,1943 2186,1941 2243,1940 2301,1939 2359,1938 2416,1937 2474,1936 2532,1935 2589,1934 2647,1932 2705,1931 2762,1930 2820,1928 2878,1926 2935,1925 2993,1923 3051,1921 3108,1918 3166,1916 3224,1912"/>
                <TextEquiv>
                    <Unicode>Lächeln. Er hat von Anbeginn nach der Theorie gelebt, man¬</Unicode>
                </TextEquiv>
            </TextLine>
            <TextLine id="r2l30" custom="readingOrder {index:29;}">
                <Coords points="2068,1998 3122,1977 3235,1953 3234,1911 2067,1953"/>
                <Baseline points="2075,1990 2132,1988 2190,1987 2247,1986 2305,1984 2363,1983 2420,1981 2478,1980 2536,1979 2593,1978 2651,1976 2709,1975 2766,1974 2824,1973 2882,1971 2939,1970 2997,1968 3055,1966 3112,1964 3170,1962 3228,1960"/>
                <TextEquiv>
                    <Unicode>müsse sich bei Zeiten darauf einrichten, allein zu sein. Julian</Unicode>
                </TextEquiv>
            </TextLine>
            <TextLine id="r2l31" custom="readingOrder {index:30;}">
                <Coords points="2070,2038 3237,1998 3183,1964 2069,1997"/>
                <Baseline points="2077,2035 2134,2033 2192,2032 2249,2031 2307,2029 2365,2028 2422,2027 2480,2025 2537,2024 2595,2022 2653,2020 2710,2019 2768,2017 2825,2015 2883,2013 2941,2012 2998,2010 3056,2008 3113,2006 3171,2004 3229,2002"/>
                <TextEquiv>
                    <Unicode>dagegen, der mehr für Familienglück, aber in den Familien¬</Unicode>
                </TextEquiv>
            </TextLine>
            <TextLine id="r2l32" custom="readingOrder {index:31;}">
                <Coords points="2069,2084 3243,2050 3240,1996 2068,2051"/>
                <Baseline points="2075,2078 2133,2077 2191,2076 2249,2074 2307,2073 2365,2071 2423,2070 2481,2068 2539,2067 2597,2065 2655,2064 2713,2062 2771,2060 2829,2059 2887,2057 2945,2055 3003,2053 3061,2052 3119,2050 3177,2048 3235,2046"/>
                <TextEquiv>
                    <Unicode>anderer, geschwärmt hat, will durchaus den Sohn an sich fesseln,</Unicode>
                </TextEquiv>
            </TextLine>
            <TextLine id="r2l33" custom="readingOrder {index:32;}">
                <Coords points="2071,2119 3233,2099 3218,2048 2070,2094"/>
                <Baseline points="2079,2123 2136,2121 2193,2120 2250,2117 2308,2116 2365,2115 2422,2113 2480,2112 2537,2111 2594,2109 2652,2108 2709,2106 2766,2105 2823,2103 2881,2102 2938,2100 2995,2099 3053,2097 3110,2095 3167,2093 3225,2091"/>
                <TextEquiv>
                    <Unicode>der ihm aus einem seiner zahlreichen Verhältnisse geblieben ist.</Unicode>
                </TextEquiv>
            </TextLine>
            <TextLine id="r2l34" custom="readingOrder {index:33;}">
                <Coords points="2073,2164 3239,2137 3238,2101 3134,2096 2073,2143"/>
                <Baseline points="2081,2165 2138,2164 2196,2163 2253,2161 2311,2160 2368,2159 2426,2157 2483,2156 2541,2154 2598,2153 2656,2151 2714,2150 2771,2148 2829,2146 2886,2144 2944,2142 3001,2140 3059,2138 3116,2137 3174,2133 3232,2132"/>
                <TextEquiv>
                    <Unicode>Doch das hat seine Schwierigkeiten, denn der junge Leutnant</Unicode>
                </TextEquiv>
            </TextLine>
            <TextLine id="r2l35" custom="readingOrder {index:34;}">
                <Coords points="2079,2211 3235,2188 3224,2137 2078,2180"/>
                <Baseline points="2087,2211 2144,2209 2201,2207 2258,2205 2315,2203 2372,2202 2429,2200 2486,2199 2543,2198 2600,2196 2657,2195 2714,2194 2771,2192 2828,2190 2885,2188 2942,2186 2999,2184 3056,2181 3113,2178 3170,2174 3227,2170"/>
                <TextEquiv>
                    <Unicode>Felix Wegrath hat auch einen gesetzlich anerkannten</Unicode>
                </TextEquiv>
            </TextLine>
            <TextLine id="r2l36" custom="readingOrder {index:35;}">
                <Coords points="2072,2253 3238,2239 3208,2182 2071,2227"/>
                <Baseline points="2079,2253 2136,2251 2194,2248 2251,2246 2309,2244 2366,2242 2424,2240 2481,2239 2539,2237 2596,2236 2654,2235 2712,2234 2769,2233 2827,2231 2884,2230 2942,2229 2999,2228 3057,2226 3114,2224 3172,2222 3230,2220"/>
                <TextEquiv>
                    <Unicode>Vater, unter dessen liebevoller Führung er groß</Unicode>
                </TextEquiv>
            </TextLine>
            <TextLine id="r2l37" custom="readingOrder {index:36;}">
                <Coords points="2086,2306 3243,2287 3242,2243 2085,2265"/>
                <Baseline points="2093,2297 2150,2295 2207,2292 2264,2291 2321,2289 2378,2287 2435,2286 2492,2284 2549,2283 2606,2281 2664,2279 2721,2278 2778,2276 2835,2275 2892,2273 2949,2272 3006,2270 3063,2269 3120,2267 3177,2265 3235,2263"/>
                <TextEquiv>
                    <Unicode>geworden ist. Und als Felix nun nach dem raschen Tode seiner</Unicode>
                </TextEquiv>
            </TextLine>
            <TextLine id="r2l38" custom="readingOrder {index:37;}">
                <Coords points="2084,2348 3234,2329 3233,2288 3149,2271 2083,2307"/>
                <Baseline points="2091,2339 2147,2338 2204,2337 2261,2336 2318,2335 2374,2334 2431,2333 2488,2331 2545,2330 2601,2329 2658,2328 2715,2326 2772,2324 2828,2323 2885,2321 2942,2319 2999,2318 3055,2316 3112,2314 3169,2313 3226,2311"/>
                <TextEquiv>
                    <Unicode>Mutter erfährt, daß Julian, der ihm bisher nur ein lieber</Unicode>
                </TextEquiv>
            </TextLine>
            <TextLine id="r2l39" custom="readingOrder {index:38;}">
                <Coords points="2087,2395 3143,2370 3233,2363 3232,2325 2085,2344"/>
                <Baseline points="2093,2382 2149,2381 2206,2380 2262,2380 2319,2379 2376,2378 2432,2377 2489,2376 2545,2374 2602,2373 2659,2372 2715,2371 2772,2369 2828,2367 2885,2366 2942,2363 2998,2361 3055,2359 3111,2357 3168,2354 3225,2351"/>
                <TextEquiv>
                    <Unicode>Freund gewesen, sein leiblicher Vater sei, da rückt er innerlich</Unicode>
                </TextEquiv>
            </TextLine>
            <TextLine id="r2l40" custom="readingOrder {index:39;}">
                <Coords points="2085,2434 3238,2416 3237,2354 2085,2395"/>
                <Baseline points="2093,2425 2149,2424 2206,2424 2263,2423 2320,2422 2377,2421 2434,2420 2491,2419 2548,2418 2605,2417 2662,2416 2718,2414 2775,2413 2832,2411 2889,2409 2946,2408 3003,2406 3060,2403 3117,2401 3174,2398 3231,2396"/>
                <TextEquiv>
                    <Unicode>von ihm ab. Er wird ihm fremder, als zuvor, und nun wird</Unicode>
                </TextEquiv>
            </TextLine>
            <TextLine id="r2l41" custom="readingOrder {index:40;}">
                <Coords points="2083,2481 3246,2454 3244,2387 3068,2424 2082,2442"/>
                <Baseline points="2090,2471 2147,2470 2204,2469 2262,2468 2319,2466 2377,2464 2434,2463 2491,2462 2549,2460 2606,2458 2664,2456 2721,2454 2778,2453 2836,2451 2893,2449 2951,2447 3008,2445 3065,2443 3123,2442 3180,2440 3238,2439"/>
                <TextEquiv>
                    <Unicode>ihm auch seelisch der Mann zum wirklichen Vater, quem nuptiae</Unicode>
                </TextEquiv>
            </TextLine>
            <TextLine id="r2l42" custom="readingOrder {index:41;}">
                <Coords points="2085,2521 2901,2491 2944,2518 3245,2476 3149,2447 2084,2482"/>
                <Baseline points="2092,2517 2149,2515 2206,2512 2263,2510 2321,2508 2378,2507 2435,2506 2493,2505 2550,2504 2607,2502 2665,2501 2722,2500 2779,2499 2836,2497 2894,2496 2951,2493 3008,2492 3066,2490 3123,2487 3180,2484 3238,2480"/>
                <TextEquiv>
                    <Unicode>demonstrant. Der Skeptiker Stephan, der an einem</Unicode>
                </TextEquiv>
            </TextLine>
            <TextLine id="r2l43" custom="readingOrder {index:42;}">
                <Coords points="2082,2560 3245,2537 3208,2497 3042,2518 3003,2487 2081,2523"/>
                <Baseline points="2089,2559 2146,2557 2203,2555 2261,2554 2318,2553 2376,2552 2433,2550 2490,2549 2548,2548 2605,2546 2663,2545 2720,2543 2777,2542 2835,2540 2892,2538 2950,2536 3007,2535 3064,2533 3122,2531 3179,2529 3237,2526"/>
                <TextEquiv>
                    <Unicode>wohl vorbereiteten Herzfehler leidet, findet noch kurz vor</Unicode>
                </TextEquiv>
            </TextLine>
            <TextLine id="r2l44" custom="readingOrder {index:43;}">
                <Coords points="3055,2576 3087,2584 3107,2579 3135,2590 3159,2580 3177,2592 3200,2576 3218,2583 3234,2566 3246,2564 3244,2536 3219,2548 3195,2542 3178,2546 3161,2536 3143,2549 3115,2540 3094,2555 3054,2554"/>
                <Baseline points="3063,2579 3088,2578 3113,2576 3138,2574 3163,2572 3188,2571 3213,2571 3239,2570"/>
                <TextEquiv>
                    <Unicode>jungen</Unicode>
                </TextEquiv>
            </TextLine>
            <TextLine id="r2l45" custom="readingOrder {index:44;}">
                <Coords points="2086,2607 2847,2602 2915,2571 3057,2592 3056,2548 2970,2540 2085,2559"/>
                <Baseline points="2094,2604 2141,2602 2189,2600 2237,2599 2285,2598 2332,2596 2380,2595 2428,2594 2476,2593 2523,2592 2571,2591 2619,2590 2667,2589 2714,2587 2762,2586 2810,2585 2858,2584 2905,2582 2953,2580 3001,2578 3049,2576"/>
                <TextEquiv>
                    <Unicode>Toresschluß die leidenschaftliche Liebe eines</Unicode>
                </TextEquiv>
            </TextLine>
            <TextLine id="r2l46" custom="readingOrder {index:45;}">
                <Coords points="2083,2650 3246,2627 3201,2576 2993,2609 2928,2577 2082,2605"/>
                <Baseline points="2090,2648 2147,2646 2204,2645 2262,2643 2319,2641 2377,2640 2434,2639 2491,2637 2549,2636 2606,2635 2664,2634 2721,2633 2778,2631 2836,2630 2893,2629 2951,2627 3008,2625 3065,2623 3123,2621 3180,2618 3238,2615"/>
                <TextEquiv>
                    <Unicode>Mädchens, der Schwester von Felix, deren Weg von Jugend</Unicode>
                </TextEquiv>
            </TextLine>
            <TextLine id="r2l47" custom="readingOrder {index:46;}">
                <Coords points="2084,2690 3140,2679 3246,2666 3245,2628 2083,2657"/>
                <Baseline points="2092,2692 2149,2690 2206,2688 2263,2687 2321,2685 2378,2684 2435,2683 2493,2681 2550,2680 2607,2679 2665,2677 2722,2676 2779,2675 2836,2673 2894,2672 2951,2670 3008,2668 3066,2667 3123,2665 3180,2662 3238,2660"/>
                <TextEquiv>
                    <Unicode>an auch ein einsamer gewesen ist. Und das ist der tiefere, über</Unicode>
                </TextEquiv>
            </TextLine>
            <TextLine id="r2l48" custom="readingOrder {index:47;}">
                <Coords points="2088,2739 3214,2717 3256,2683 2087,2701"/>
                <Baseline points="2095,2733 2152,2732 2210,2731 2268,2730 2325,2728 2383,2727 2441,2726 2498,2725 2556,2723 2614,2722 2672,2720 2729,2719 2787,2717 2845,2716 2902,2714 2960,2712 3018,2710 3075,2709 3133,2707 3191,2705 3249,2703"/>
                <TextEquiv>
                    <Unicode>die eigentliche Handlung hinausgreifende Sinn des Titels, daß</Unicode>
                </TextEquiv>
            </TextLine>
            <TextLine id="r2l49" custom="readingOrder {index:48;}">
                <Coords points="2090,2793 3248,2763 3255,2704 2088,2747"/>
                <Baseline points="2097,2779 2154,2777 2212,2775 2269,2774 2327,2772 2385,2771 2442,2769 2500,2768 2557,2766 2615,2765 2673,2763 2730,2762 2788,2760 2845,2759 2903,2758 2961,2756 3018,2755 3076,2754 3133,2752 3191,2751 3249,2749"/>
                <TextEquiv>
                    <Unicode>wir im Grunde alle einsam unseren Weg gehen und daß die</Unicode>
                </TextEquiv>
            </TextLine>
            <TextLine id="r2l50" custom="readingOrder {index:49;}">
                <Coords points="2096,2831 3154,2815 3244,2792 3243,2748 2095,2785"/>
                <Baseline points="2104,2824 2160,2821 2217,2819 2273,2817 2330,2815 2387,2813 2443,2812 2500,2810 2557,2809 2613,2808 2670,2806 2727,2805 2783,2804 2840,2803 2897,2801 2953,2800 3010,2799 3067,2797 3123,2795 3180,2793 3237,2790"/>
                <TextEquiv>
                    <Unicode>dünne Knochenwand, die unser Gehirn umspannt, den Menschen</Unicode>
                </TextEquiv>
            </TextLine>
            <TextLine id="r2l51" custom="readingOrder {index:50;}">
                <Coords points="2088,2864 3159,2852 3242,2842 3241,2793 2087,2826"/>
                <Baseline points="2095,2865 2152,2863 2209,2861 2266,2859 2323,2858 2380,2857 2437,2856 2494,2854 2551,2853 2608,2852 2665,2851 2722,2850 2779,2849 2836,2847 2893,2846 2950,2845 3007,2843 3064,2842 3121,2839 3178,2837 3235,2835"/>
                <TextEquiv>
                    <Unicode>weiter vom Menschen trennt, als Berge und Täler, Länder und</Unicode>
                </TextEquiv>
            </TextLine>
            <TextLine id="r2l52" custom="readingOrder {index:51;}">
                <Coords points="2092,2918 2983,2906 3254,2864 2091,2877"/>
                <Baseline points="2099,2908 2156,2907 2213,2906 2271,2905 2328,2904 2386,2902 2443,2901 2500,2900 2558,2899 2615,2898 2673,2896 2730,2895 2787,2893 2845,2892 2902,2890 2960,2889 3017,2887 3074,2885 3132,2883 3189,2881 3247,2878"/>
                <TextEquiv>
                    <Unicode>Meere es vermöchten. Das junge Mädchen weiß, daß ihr Ge¬</Unicode>
                </TextEquiv>
            </TextLine>
            <TextLine id="r2l53" custom="readingOrder {index:52;}">
                <Coords points="2097,2958 3237,2943 3246,2893 2096,2917"/>
                <Baseline points="2105,2952 2161,2951 2218,2949 2275,2948 2331,2947 2388,2946 2445,2944 2501,2943 2558,2942 2615,2941 2672,2939 2728,2938 2785,2936 2842,2935 2898,2933 2955,2931 3012,2929 3068,2927 3125,2924 3182,2922 3239,2919"/>
                <TextEquiv>
                    <Unicode>liebter dem Tode verfallen ist, und deshalb geht sie ihm lieber</Unicode>
                </TextEquiv>
            </TextLine>
            <TextLine id="r2l54" custom="readingOrder {index:53;}">
                <Coords points="2099,3000 3257,2969 3176,2931 2097,2957"/>
                <Baseline points="2106,2994 2163,2994 2220,2993 2277,2991 2334,2991 2392,2989 2449,2988 2506,2987 2563,2986 2620,2984 2678,2983 2735,2981 2792,2980 2849,2978 2906,2976 2964,2975 3021,2973 3078,2971 3135,2969 3192,2968 3250,2966"/>
                <TextEquiv>
                    <Unicode>voraus auf dem dunklen einsamen Wege. Sie ertränkt sich in dem</Unicode>
                </TextEquiv>
            </TextLine>
            <TextLine id="r2l55" custom="readingOrder {index:54;}">
                <Coords points="2093,3042 3220,3024 3258,2969 2092,3005"/>
                <Baseline points="2100,3041 2157,3038 2215,3037 2272,3035 2330,3033 2388,3031 2445,3029 2503,3028 2560,3027 2618,3025 2676,3024 2733,3022 2791,3022 2848,3021 2906,3019 2964,3018 3021,3017 3079,3015 3136,3013 3194,3012 3252,3010"/>
                <TextEquiv>
                    <Unicode>Teich im Garten von Stephans Villa und dieser selbst beschleunigt</Unicode>
                </TextEquiv>
            </TextLine>
            <TextLine id="r2l56" custom="readingOrder {index:55;}">
                <Coords points="2094,3093 3252,3066 3251,3024 3191,3015 2717,3055 2093,3041"/>
                <Baseline points="2101,3083 2158,3081 2215,3079 2272,3077 2329,3076 2387,3074 2444,3073 2501,3072 2558,3071 2615,3070 2673,3068 2730,3067 2787,3066 2844,3065 2901,3063 2959,3062 3016,3060 3073,3058 3130,3057 3187,3054 3245,3051"/>
                <TextEquiv>
                    <Unicode>sein Herzleiden durch einen wohlgezielten Revolverschuß</Unicode>
                </TextEquiv>
            </TextLine>
            <TextLine id="r2l57" custom="readingOrder {index:56;}">
                <Coords points="2094,3134 3263,3119 3262,3069 3091,3058 2094,3093"/>
                <Baseline points="2102,3125 2159,3123 2217,3120 2274,3119 2332,3118 2390,3116 2447,3115 2505,3114 2563,3113 2620,3112 2678,3112 2736,3110 2793,3110 2851,3108 2909,3107 2966,3106 3024,3104 3082,3103 3139,3100 3197,3098 3255,3095"/>
                <TextEquiv>
                    <Unicode>Und diese Dichtung, die überreich ist an starkem und leidenschaft¬</Unicode>
                </TextEquiv>
            </TextLine>
            <TextLine id="r2l58" custom="readingOrder {index:57;}">
                <Coords points="2101,3173 3263,3161 3262,3111 2100,3129"/>
                <Baseline points="2108,3170 2165,3168 2222,3166 2280,3165 2337,3163 2395,3162 2452,3161 2509,3159 2567,3158 2624,3157 2682,3156 2739,3155 2796,3153 2854,3152 2911,3151 2969,3150 3026,3148 3083,3147 3141,3145 3198,3144 3256,3142"/>
                <TextEquiv>
                    <Unicode>lichem Empfinden und an geistreichen Einfällen, mit denen sechs</Unicode>
                </TextEquiv>
            </TextLine>
            <TextLine id="r2l59" custom="readingOrder {index:58;}">
                <Coords points="2092,3219 3269,3207 3268,3157 2091,3183"/>
                <Baseline points="2099,3216 2157,3213 2215,3210 2273,3208 2331,3206 2389,3204 2447,3203 2506,3202 2564,3201 2622,3199 2680,3199 2738,3198 2796,3197 2854,3196 2913,3195 2971,3193 3029,3192 3087,3190 3145,3189 3203,3186 3262,3184"/>
                <TextEquiv>
                    <Unicode>Fuldas Zeit ihres Lebens auskommen könnten, ist gestern so gut</Unicode>
                </TextEquiv>
            </TextLine>
            <TextLine id="r2l60" custom="readingOrder {index:59;}">
                <Coords points="2095,3260 3253,3250 3251,3201 3111,3190 2095,3228"/>
                <Baseline points="2103,3257 2160,3256 2217,3254 2274,3253 2331,3251 2388,3249 2445,3248 2502,3246 2559,3244 2616,3243 2674,3242 2731,3240 2788,3239 2845,3238 2902,3237 2959,3236 3016,3235 3073,3234 3130,3233 3187,3233 3245,3232"/>
                <TextEquiv>
                    <Unicode>wie spurlos an dem Premiérenpublikum des Deutschen Theaters</Unicode>
                </TextEquiv>
            </TextLine>
            <TextLine id="r2l61" custom="readingOrder {index:60;}">
                <Coords points="2101,3304 3267,3299 3266,3246 2100,3261"/>
                <Baseline points="2108,3299 2165,3298 2223,3297 2280,3296 2338,3295 2395,3294 2453,3293 2510,3291 2568,3290 2625,3288 2683,3287 2741,3285 2798,3284 2856,3282 2913,3281 2971,3280 3028,3278 3086,3277 3143,3276 3201,3276 3259,3275"/>
                <TextEquiv>
                    <Unicode>vorübergegangen. Der feinste und reichste Geist unter unseren</Unicode>
                </TextEquiv>
            </TextLine>
            <TextLine id="r2l62" custom="readingOrder {index:61;}">
                <Coords points="2103,3361 2956,3316 3269,3345 3220,3279 2102,3315"/>
                <Baseline points="2110,3346 2167,3344 2225,3342 2282,3340 2340,3338 2397,3337 2455,3335 2512,3334 2570,3333 2627,3332 2685,3330 2743,3329 2800,3328 2858,3327 2915,3326 2973,3324 3030,3323 3088,3322 3145,3320 3203,3318 3261,3317"/>
                <TextEquiv>
                    <Unicode>wirklich schaffenden Bühnenschriftstellern mußte sich mit einem</Unicode>
                </TextEquiv>
            </TextLine>
            <TextLine id="r2l63" custom="readingOrder {index:62;}">
                <Coords points="2104,3383 3239,3382 3257,3319 2103,3360"/>
                <Baseline points="2111,3387 2168,3385 2225,3383 2282,3382 2339,3381 2396,3379 2453,3378 2510,3377 2567,3376 2624,3375 2681,3374 2738,3373 2795,3372 2852,3371 2909,3370 2966,3369 3023,3368 3080,3367 3137,3366 3194,3365 3251,3364"/>
                <TextEquiv>
                    <Unicode>matten Achtungserfolge begnügen. Kaum daß der Vorhang sich</Unicode>
                </TextEquiv>
            </TextLine>
            <TextLine id="r2l64" custom="readingOrder {index:63;}">
                <Coords points="2108,3433 3254,3406 3213,3366 2108,3395"/>
                <Baseline points="2116,3430 2172,3429 2229,3428 2285,3426 2342,3425 2398,3424 2455,3422 2511,3421 2568,3420 2624,3419 2681,3417 2738,3416 2794,3415 2851,3414 2907,3412 2964,3411 3020,3410 3077,3409 3133,3408 3190,3406 3247,3405"/>
                <TextEquiv>
                    <Unicode>nach jedem Akte einmal heben durfte. Es ist wahr, Arthur Schnitzler</Unicode>
                </TextEquiv>
            </TextLine>
            <TextLine id="r2l65" custom="readingOrder {index:64;}">
                <Coords points="2107,3482 3254,3457 3201,3413 2106,3438"/>
                <Baseline points="2115,3475 2171,3474 2228,3473 2284,3472 2341,3471 2398,3470 2454,3469 2511,3467 2567,3466 2624,3464 2681,3463 2737,3461 2794,3460 2850,3459 2907,3457 2964,3455 3020,3454 3077,3453 3133,3452 3190,3450 3247,3449"/>
                <TextEquiv>
                    <Unicode>hat sich oft gar zu grüblerisch in seine melancholisch rück¬</Unicode>
                </TextEquiv>
            </TextLine>
            <TextLine id="r2l66" custom="readingOrder {index:65;}">
                <Coords points="2103,3524 2712,3490 3265,3516 3263,3439 2102,3485"/>
                <Baseline points="2111,3519 2168,3517 2225,3515 2282,3514 2340,3513 2397,3511 2454,3510 2512,3509 2569,3508 2626,3507 2684,3506 2741,3505 2798,3504 2855,3503 2913,3502 2970,3501 3027,3500 3085,3498 3142,3497 3199,3496 3257,3494"/>
                <TextEquiv>
                    <Unicode>schauenden Betrachtungen versenkt, so daß ihm das Gefühl für</Unicode>
                </TextEquiv>
            </TextLine>
            <TextLine id="r2l67" custom="readingOrder {index:66;}">
                <Coords points="2110,3564 3259,3537 3175,3498 2110,3529"/>
                <Baseline points="2117,3560 2173,3559 2230,3557 2287,3556 2343,3555 2400,3554 2457,3553 2513,3553 2570,3552 2627,3550 2684,3549 2740,3548 2797,3547 2854,3547 2910,3545 2967,3544 3024,3542 3080,3541 3137,3540 3194,3538 3251,3536"/>
                <TextEquiv>
                    <Unicode>die unmittelbare Bühnenwirkung darüber einigermaßen verloren</Unicode>
                </TextEquiv>
            </TextLine>
            <TextLine id="r2l68" custom="readingOrder {index:67;}">
                <Coords points="2118,3613 3261,3579 3260,3536 2118,3579"/>
                <Baseline points="2125,3605 2181,3604 2237,3603 2294,3602 2350,3600 2407,3599 2463,3598 2520,3596 2576,3595 2633,3593 2689,3592 2745,3591 2802,3589 2858,3588 2915,3586 2971,3585 3028,3584 3084,3583 3141,3582 3197,3581 3254,3580"/>
                <TextEquiv>
                    <Unicode>geht. Und das Publikum, selbst das so unendlich literarische</Unicode>
                </TextEquiv>
            </TextLine>
            <TextLine id="r2l69" custom="readingOrder {index:68;}">
                <Coords points="2106,3656 3032,3623 3265,3650 3263,3580 2105,3613"/>
                <Baseline points="2113,3651 2170,3649 2227,3646 2284,3644 2341,3642 2398,3641 2455,3639 2513,3638 2570,3636 2627,3635 2684,3634 2741,3634 2798,3633 2855,3632 2913,3631 2970,3630 3027,3628 3084,3627 3141,3626 3198,3624 3256,3622"/>
                <TextEquiv>
                    <Unicode>Premierenpublikum des Deutschen Theaters will stärker be¬</Unicode>
                </TextEquiv>
            </TextLine>
            <TextLine id="r2l70" custom="readingOrder {index:69;}">
                <Coords points="2123,3700 2809,3668 3269,3698 3234,3631 2123,3657"/>
                <Baseline points="2130,3694 2186,3691 2243,3689 2299,3688 2356,3685 2412,3684 2469,3683 2525,3682 2582,3681 2638,3679 2695,3678 2752,3678 2808,3677 2865,3676 2921,3675 2978,3674 3034,3673 3091,3671 3147,3670 3204,3669 3261,3667"/>
                <TextEquiv>
                    <Unicode>schworen sein. Setzt ihm einen handlichen Kindesmord</Unicode>
                </TextEquiv>
            </TextLine>
            <TextLine id="r2l71" custom="readingOrder {index:70;}">
                <Coords points="2116,3743 3289,3724 3227,3675 2115,3699"/>
                <Baseline points="2123,3735 2184,3733 2245,3732 2306,3730 2367,3729 2428,3728 2489,3727 2550,3725 2611,3724 2672,3724 2733,3722 2794,3722 2855,3721 2916,3720 2977,3719 3038,3718 3099,3718 3160,3717 3221,3716 3282,3716"/>
                <TextEquiv>
                    <Unicode>vor und Ihr habt es gleich! Für die innerliche Tragik,</Unicode>
                </TextEquiv>
            </TextLine>
            <TextLine id="r2l72" custom="readingOrder {index:71;}">
                <Coords points="2115,3795 3296,3765 3295,3720 2114,3747"/>
                <Baseline points="2123,3780 2181,3778 2239,3777 2297,3776 2356,3774 2414,3773 2472,3771 2530,3770 2589,3769 2647,3767 2705,3766 2763,3765 2822,3764 2880,3763 2938,3762 2996,3761 3055,3760 3113,3760 3171,3759 3229,3759 3288,3758"/>
                <TextEquiv>
                    <Unicode>an der die wahrhaft einsamen Menschen Schnitzlers zu Grunde##</Unicode>
                </TextEquiv>
            </TextLine>
            <TextLine id="r2l73" custom="readingOrder {index:72;}">
                <Coords points="2115,3834 3279,3821 3278,3776 3219,3763 2115,3799"/>
                <Baseline points="2123,3824 2180,3823 2237,3821 2295,3818 2352,3817 2410,3816 2467,3814 2524,3813 2582,3812 2639,3811 2697,3810 2754,3809 2811,3808 2869,3807 2926,3806 2984,3805 3041,3805 3098,3804 3156,3803 3213,3803 3271,3802"/>
                <TextEquiv>
                    <Unicode>gehen, bewies es gestern nicht das geringste Verständnis. Eins</Unicode>
                </TextEquiv>
            </TextLine>
            <TextLine id="r2l74" custom="readingOrder {index:73;}">
                <Coords points="2117,3864 3267,3861 3240,3805 2117,3832"/>
                <Baseline points="2125,3867 2181,3864 2238,3863 2295,3861 2351,3859 2408,3858 2465,3857 2521,3855 2578,3854 2635,3853 2692,3852 2748,3851 2805,3851 2862,3850 2918,3849 2975,3849 3032,3848 3088,3847 3145,3847 3202,3846 3259,3845"/>
                <TextEquiv>
                    <Unicode>Armutszeugnis, das nicht dem Dichter ausgestellt wurde. In</Unicode>
                </TextEquiv>
            </TextLine>
            <TextLine id="r2l75" custom="readingOrder {index:74;}">
                <Coords points="2125,3913 3276,3902 3275,3858 3231,3851 2124,3871"/>
                <Baseline points="2132,3909 2188,3908 2245,3907 2302,3906 2359,3905 2416,3904 2473,3902 2529,3901 2586,3900 2643,3898 2700,3897 2757,3895 2814,3894 2871,3893 2927,3892 2984,3891 3041,3890 3098,3889 3155,3889 3212,3889 3269,3888"/>
                <TextEquiv>
                    <Unicode>der Technik, in der Aufrollung der Handlung, hat Schnitzler sich</Unicode>
                </TextEquiv>
            </TextLine>
            <TextLine id="r2l76" custom="readingOrder {index:75;}">
                <Coords points="2123,3956 3202,3953 3270,3936 3270,3900 2123,3912"/>
                <Baseline points="2130,3954 2186,3952 2243,3950 2299,3949 2356,3947 2413,3946 2469,3945 2526,3943 2583,3943 2639,3942 2696,3940 2753,3940 2809,3939 2866,3938 2923,3937 2979,3936 3036,3935 3093,3935 3149,3933 3206,3932 3263,3931"/>
                <TextEquiv>
                    <Unicode>diesmal stark an Ibsens Methode angelegt, der so oft eine Schuld</Unicode>
                </TextEquiv>
            </TextLine>
            <TextLine id="r2l77" custom="readingOrder {index:76;}">
                <Coords points="2121,4003 3287,3994 3287,3955 2121,3969"/>
                <Baseline points="2129,3998 2186,3996 2244,3995 2301,3994 2359,3992 2416,3991 2474,3989 2531,3988 2589,3986 2646,3985 2704,3984 2761,3983 2819,3981 2876,3981 2934,3980 2991,3979 3049,3979 3106,3978 3164,3978 3221,3978 3279,3978"/>
                <TextEquiv>
                    <Unicode>der Vergangenheit langsam und vernichtend in die Gegenwart</Unicode>
                </TextEquiv>
            </TextLine>
            <TextLine id="r2l78" custom="readingOrder {index:77;}">
                <Coords points="2122,4047 3256,4036 3274,3985 2121,4009"/>
                <Baseline points="2129,4044 2185,4041 2242,4039 2299,4037 2356,4035 2413,4034 2470,4032 2527,4032 2584,4030 2641,4029 2698,4029 2754,4028 2811,4028 2868,4027 2925,4026 2982,4026 3039,4025 3096,4024 3153,4023 3210,4022 3267,4020"/>
                <TextEquiv>
                    <Unicode>hineinwachsen läßt. Schnitzlers Fehler ist nur, daß er von der</Unicode>
                </TextEquiv>
            </TextLine>
            <TextLine id="r2l79" custom="readingOrder {index:78;}">
                <Coords points="2125,4098 3271,4078 3197,4024 2125,4051"/>
                <Baseline points="2133,4086 2189,4084 2246,4083 2302,4081 2359,4080 2415,4079 2472,4077 2528,4077 2585,4076 2641,4075 2698,4074 2754,4073 2811,4072 2867,4072 2924,4071 2980,4070 3037,4068 3093,4067 3150,4066 3206,4064 3263,4062"/>
                <TextEquiv>
                    <Unicode>geraden Linie der Handlung sich zu oft in reizvoll lockenden</Unicode>
                </TextEquiv>
            </TextLine>
            <TextLine id="r2l80" custom="readingOrder {index:79;}">
                <Coords points="2128,4134 3275,4113 3246,4072 2898,4065 2127,4099"/>
                <Baseline points="2135,4128 2191,4127 2248,4126 2304,4126 2361,4125 2418,4124 2474,4123 2531,4122 2587,4120 2644,4119 2701,4118 2757,4117 2814,4116 2870,4114 2927,4113 2984,4112 3040,4111 3097,4110 3153,4109 3210,4107 3267,4106"/>
                <TextEquiv>
                    <Unicode>Seitentäler verlocken läßt, ein Irrtum, der dem Dramatiker</Unicode>
                </TextEquiv>
            </TextLine>
            <TextLine id="r2l81" custom="readingOrder {index:80;}">
                <Coords points="2120,4176 3270,4164 3269,4119 3050,4111 2120,4148"/>
                <Baseline points="2127,4171 2183,4171 2240,4169 2297,4169 2354,4167 2411,4166 2467,4165 2524,4163 2581,4163 2638,4161 2695,4160 2751,4159 2808,4158 2865,4157 2922,4155 2979,4155 3035,4154 3092,4153 3149,4152 3206,4152 3263,4151"/>
                <TextEquiv>
                    <Unicode>schwerer, als dem Dichter zu verzeihen ist. Der Tendenz nach,</Unicode>
                </TextEquiv>
            </TextLine>
            <TextLine id="r2l82" custom="readingOrder {index:81;}">
                <Coords points="2127,4216 3275,4196 3274,4163 3163,4156 2126,4188"/>
                <Baseline points="2134,4214 2190,4213 2247,4212 2303,4211 2360,4210 2417,4209 2473,4208 2530,4207 2587,4206 2643,4205 2700,4204 2757,4203 2813,4202 2870,4201 2927,4200 2983,4199 3040,4197 3097,4196 3153,4194 3210,4193 3267,4191"/>
                <TextEquiv>
                    <Unicode>wenn man bei einer solchen Dichtung überhaupt von einer Ten¬</Unicode>
                </TextEquiv>
            </TextLine>
            <TextLine id="r2l83" custom="readingOrder {index:82;}">
                <Coords points="2126,4266 3152,4256 3273,4220 2126,4230"/>
                <Baseline points="2134,4259 2190,4258 2247,4257 2303,4256 2360,4255 2417,4254 2473,4253 2530,4252 2586,4250 2643,4249 2700,4247 2756,4246 2813,4245 2869,4244 2926,4242 2983,4241 3039,4240 3096,4239 3152,4238 3209,4238 3266,4237"/>
                <TextEquiv>
                    <Unicode>denz sprechen darf, ist „Der einsame Weg“ das Gegenstück zur „Wild¬</Unicode>
                </TextEquiv>
            </TextLine>
            <TextLine id="r2l84" custom="readingOrder {index:83;}">
                <Coords points="2307,4310 3313,4288 3297,4232 3262,4256 2306,4265"/>
                <Baseline points="2314,4304 2363,4303 2413,4301 2462,4300 2512,4299 2562,4297 2611,4296 2661,4295 2710,4293 2760,4292 2810,4291 2859,4289 2909,4288 2958,4287 3008,4286 3058,4285 3107,4284 3157,4283 3206,4282 3256,4281 3306,4280"/>
                <TextEquiv>
                    <Unicode>such die Lsge hat ihre etbische Berechtigung wenn eine</Unicode>
                </TextEquiv>
            </TextLine>
            <TextLine id="r2l85" custom="readingOrder {index:84;}">
                <Coords points="2210,4312 2220,4310 2225,4304 2229,4305 2238,4303 2228,4259 2221,4260 2218,4264 2213,4265 2211,4269 2201,4271"/>
                <Baseline points="2216,4304 2230,4301"/>
                <TextEquiv>
                    <Unicode>—</Unicode>
                </TextEquiv>
            </TextLine>
            <TextEquiv>
                <Unicode>
Ausschnitt aus
Das Kleine Journal, Berlin
14 FEB. #
Theater und Kunst.
Deutsches Theater.
„Um seines Lebensweges Mittag“ ist Arthur Schnitzler
die Erkenntnis gekommen, daß man nicht immer Anatole bleiben
kann und daß das Leben sich an jedem rächt, der es nur wie
ein leichtes Spiel mit Herzen und Schicksalen auffaßt. Und da
tat er jegliche Liebelei von sich ab, setzte sich hin und schrieb das
fünfaktige Schauspiel „Der einsame Weg“. Wie eine
Beichte klingt es, wie das Bekenntnis Eines, der sich
klar geworden, daß er ein Tor war, als er „nur so
ist und jegliches Gelüst
die Welt gerannt“
durch
bei den Haaren ergriffen hat. Und zur Warnung und Mahnung
für jeden, der sich nicht noch zur rechten Zeit auf sich selbst zu
besinnen vermag, schuf Arthur Schnitzler die Gestalten zweier
Lebemänner, die das Genießen zur feinsten und rücksichtslosesten
Kunst ausgebildet haben, die sich in ihrem lächelnden, siegesfrohen
Egoismus den Teufel kümmerten um das Glück der anderen und
die nun auf einmal, da ihr Weg bergab zu gehen beginnt, er¬
stannt bemerken, daß es ein einsamer Weg ist, den sie wandeln.
Der eine, der Maler Julian Fichtner, konstatiert diese be¬
dauerliche Tatsache mit schmerzlichem Herzweh, der andere,
der Schriftsteller Stephan v. Sala, mit kühlem, skeptischem
Lächeln. Er hat von Anbeginn nach der Theorie gelebt, man¬
müsse sich bei Zeiten darauf einrichten, allein zu sein. Julian
dagegen, der mehr für Familienglück, aber in den Familien¬
anderer, geschwärmt hat, will durchaus den Sohn an sich fesseln,
der ihm aus einem seiner zahlreichen Verhältnisse geblieben ist.
Doch das hat seine Schwierigkeiten, denn der junge Leutnant
Felix Wegrath hat auch einen gesetzlich anerkannten
Vater, unter dessen liebevoller Führung er groß
geworden ist. Und als Felix nun nach dem raschen Tode seiner
Mutter erfährt, daß Julian, der ihm bisher nur ein lieber
Freund gewesen, sein leiblicher Vater sei, da rückt er innerlich
von ihm ab. Er wird ihm fremder, als zuvor, und nun wird
ihm auch seelisch der Mann zum wirklichen Vater, quem nuptiae
demonstrant. Der Skeptiker Stephan, der an einem
wohl vorbereiteten Herzfehler leidet, findet noch kurz vor
jungen
Toresschluß die leidenschaftliche Liebe eines
Mädchens, der Schwester von Felix, deren Weg von Jugend
an auch ein einsamer gewesen ist. Und das ist der tiefere, über
die eigentliche Handlung hinausgreifende Sinn des Titels, daß
wir im Grunde alle einsam unseren Weg gehen und daß die
dünne Knochenwand, die unser Gehirn umspannt, den Menschen
weiter vom Menschen trennt, als Berge und Täler, Länder und
Meere es vermöchten. Das junge Mädchen weiß, daß ihr Ge¬
liebter dem Tode verfallen ist, und deshalb geht sie ihm lieber
voraus auf dem dunklen einsamen Wege. Sie ertränkt sich in dem
Teich im Garten von Stephans Villa und dieser selbst beschleunigt
sein Herzleiden durch einen wohlgezielten Revolverschuß
Und diese Dichtung, die überreich ist an starkem und leidenschaft¬
lichem Empfinden und an geistreichen Einfällen, mit denen sechs
Fuldas Zeit ihres Lebens auskommen könnten, ist gestern so gut
wie spurlos an dem Premiérenpublikum des Deutschen Theaters
vorübergegangen. Der feinste und reichste Geist unter unseren
wirklich schaffenden Bühnenschriftstellern mußte sich mit einem
matten Achtungserfolge begnügen. Kaum daß der Vorhang sich
nach jedem Akte einmal heben durfte. Es ist wahr, Arthur Schnitzler
hat sich oft gar zu grüblerisch in seine melancholisch rück¬
schauenden Betrachtungen versenkt, so daß ihm das Gefühl für
die unmittelbare Bühnenwirkung darüber einigermaßen verloren
geht. Und das Publikum, selbst das so unendlich literarische
Premierenpublikum des Deutschen Theaters will stärker be¬
schworen sein. Setzt ihm einen handlichen Kindesmord
vor und Ihr habt es gleich! Für die innerliche Tragik,
an der die wahrhaft einsamen Menschen Schnitzlers zu Grunde##
gehen, bewies es gestern nicht das geringste Verständnis. Eins
Armutszeugnis, das nicht dem Dichter ausgestellt wurde. In
der Technik, in der Aufrollung der Handlung, hat Schnitzler sich
diesmal stark an Ibsens Methode angelegt, der so oft eine Schuld
der Vergangenheit langsam und vernichtend in die Gegenwart
hineinwachsen läßt. Schnitzlers Fehler ist nur, daß er von der
geraden Linie der Handlung sich zu oft in reizvoll lockenden
Seitentäler verlocken läßt, ein Irrtum, der dem Dramatiker
schwerer, als dem Dichter zu verzeihen ist. Der Tendenz nach,
wenn man bei einer solchen Dichtung überhaupt von einer Ten¬
denz sprechen darf, ist „Der einsame Weg“ das Gegenstück zur „Wild¬
such die Lsge hat ihre etbische Berechtigung wenn eine
—</Unicode>
            </TextEquiv>
        </TextRegion>
    </Page>
</PcGts>
