3436 4256
1404 258 1862 343 box 23/1
1066 264 1150 335 W
251 285 1260 384 18. Der einsäne
773 827 869 883 Toit
484 842 1512 937 vorbunden Mitvowerrem-wachrremtenarenst durch
736 904 1261 980 eigene Korrespondenten.
1027 950 1445 1029 Telephon: III, 3051.
537 973 926 1045 Berlin N. 24.
537 1012 1500 1074 —
777 1071 1242 1155 Ausschnitt aus
629 1271 1193 1381 Frankfurter Zeitung
928 1340 1292 1456 16 FEB 1904
1511 1573 3346 1654 lang niemals gekümmert. In zwei psychologisch äußerst sschen Theaters von Herrn Ritine
2608 1616 3341 1669 verkörpert. Er „vermochte für sich und
1512 1626 2597 1690 fein gezeichneten Szenen führt Schnitzler die Entscheidung
2597 1647 3328 1700 die geringste Anteilnahme zu erwecken.
1517 1652 2598 1722 herbei: In natürlich reinem Empfinden wendet sich der Sohn
2603 1679 3340 1747 Haupthandlung ins Nichts zusammen.
681 1603 1242 1773 Feuilleton.
1508 1713 2593 1769 von seinem leiblichen Vater ab und dem Manne zu, der in
2600 1717 3348 1792 lung trat dafür — aber auch nicht ebe
1512 1739 2600 1801 Unkenntnis über den Betrug seiner Frau, ihm Zeit seiner
2603 1771 3351 1826 Gesamtiirkung — darstellerisch glänze
1518 1777 2609 1841 Jugend in Liebe und Fürsorge Vater gewesen. Vor dem
2601 1802 3360 1870 Bassermann gab den großen Leben
1523 1823 2243 1894 Maler aber liegt der „einsame Weg“.
2600 1852 3309 1898 dervoller innerer Ruhe, selbstsicher,
1562 1854 2599 1911 Die Schwester ist selbst eine einsame Natur. Sie träumt,
551 1834 1400 1931 Berliner Theaker.
2598 1882 3351 1938 Triesch brachte die Eigenart des jun
1522 1894 2599 1967 sich ihr Leben nach eigenem Gelüst zu gestalten. Ohne nach
2606 1919 3351 1975 scharfer Charakteristik zutage und wußte
421 1900 1538 1997 (Deutsches Theater. „Der einsame Weg“ von Artbur Schnitzter.)
1525 1932 2608 1987 irgend jemand, ohne auch nur nach Vater und Bruder zu
2606 1958 3332 2003 poetisch zu erklären. In beträchtlichem
1014 1962 1467 2036 Berlin, 14. Februar.
1534 1968 2606 2030 fragen. Von Leidenden kehrt sie sich aus Naturinstinkt ab.
2605 1997 3333 2066 ich die an sich guten schauspielerischen
1520 2004 2601 2075 Und diese Einsame führt das Schicksal einem einsamen
451 2003 1516 2099 Wäre es nicht bekrüblich, man würde es erstaunlich
2619 2033 3352 2091 men Pauly und Lehmann und desh
1526 2043 2603 2104 Mann in die Arme. Er ist ein Lebenskünstler großen Stils,
418 2058 1515 2140 nennen, daß ein so bühnenkundiger Mann wie Arthur
1516 2079 2607 2144 der selbst in seinem eigenen Leiden die Schauer des Seelen¬
2606 2083 2777 2162 D
420 2100 1519 2165 Schnitzler ein so gänzlich theatralisch unwirksames, un¬
3065 2098 3237 2188 W
1525 2119 2611 2177 rausches sucht. Er nimmt das Mädchen hin und genießt ihre
424 2141 1515 2211 drummisches Stück wie „Der einsame Weg“ geschrie¬
1524 2156 2615 2223 Liebe, wie man, mit einer Blume spielend, sie pflückt. Mehr
429 2182 1518 2246 ben. Nicht nur daß Schnitzler die Handlung durch eine
1524 2192 2622 2260 als bei ihr sind seine Gedanken bei einer großen Reise, die
424 2218 1529 2284 Parallelhandlung unnötig kompliziert hat, es ist ihm auch
1528 2237 2616 2286 er plant. Aber die Reise führt den Herzkranken in andere
421 2255 1520 2319 nicht gelungen, die eigentlichen Handlungsmomente heraus¬
1529 2253 2629 2338 Gefilde, aus denen es keine Rückkehr gibt. Sie geht ihm
426 2293 1529 2376 zuheben; er gibt sehr viel unnötige Szenen, und es fehlen
1526 2305 2636 2378 dahin voran, und ihr vorzeitiger, selbstbestimmter Tod zwingt
422 2335 1523 2417 Auftritte, die für die Entwicklung wichtig wären; die Eigen¬
1535 2335 2639 2404 auch ihn, den Todgezeichneten, seinem Leben noch kürzere
438 2379 1537 2451 art der Charaktere wird in Dialogen, viel mehr als durch
1545 2386 2628 2454 Frist zu stecken. — Ein selbständiges Drama, tritt dieses
435 2410 1528 2476 ihre Handlungsweise klargelgt. Sprech' ich dabei von „klar¬
1535 2405 2640 2491 neben das erstere; nur durch die Einheit der Idee sind beide
435 2443 1540 2521 legen“, so könnte man mich böswilliger Ironie beschuldigen;
1531 2465 2633 2526 verbunden. War aber jenes szenisch allzu breit angelegt, so
432 2474 1534 2547 denn vieles bleibt für den nicht ganz aufmerksamen Hörer
1542 2520 1984 2580 klaffen hier die Lücken.
448 2520 1536 2607 dunkel. Schnitzler hat die Scheu des Romanciers, die Dinge
1595 2548 2631 2598 Siehen Bruder und Schwester im Mittelpunkt der Ge¬
447 2560 1535 2638 allzusehr bei ihren Namen zu nennen; er begnügt sich mit
2165 2596 2211 2623 11.
1541 2587 2632 2643 schehnisse, so stehen sie damit noch nicht — und dies ist einer
435 2593 1531 2679 einer Andeutung, wo die Bühne sachliche Feststellung fordert,
1545 2619 2633 2688 der größten dramatischen Mängel, die es gibt — im Mittel¬
448 2638 1548 2705 er spielt mit einem Wort, das wie ein Pfeil ins Schwarze
1547 2663 2640 2728 punkt des Interesses. Das fliegt dem gealterten Vater,
453 2671 1541 2752 treffen müßte. Je mehr man seinem Drama nachdenkt, desto
1549 2700 2643 2764 der zu spät im eigenen Sohn den Sohn sucht, und diesem
451 2715 1540 2774 mehr gewinnt man die Ueberzeugung, daß yier aus einem
1539 2737 2644 2792 Lebenskünstler, der die Schwester hinnimmt, zu. Beide
452 2749 1543 2819 sehr guten Roman ein sehr schlechtes Bühnenstück gemacht
1545 2789 2639 2831 sind einsame Naturen, Egoisten, Menschen des Genusses. In
442 2783 1550 2850 worden. Diese Feststellung soll Anklage sein, nicht Entschul¬
1545 2815 2641 2882 der Abschattierung und Gegenüberstellung beider Charaktere
441 2828 1548 2897 digung. Nur meine ich, es lohnt sich, diesem guten Roman
1547 2849 2646 2908 aber hat der Verfasser dieses verfehlten Dramas psycho¬
444 2862 1549 2941 nachzuspüren. Es gibt ja nicht so überaus viel gute Romane.
1550 2886 2641 2953 logische Meisterschaft bekundet. Hier hat ein Dichter ge¬
514 2911 1551 2988 Es ist die Tragödie des Sichselbstlebens, die Schnitzler
1558 2926 2647 2994 staltet. Bei allem Freiheitsdrang und aller egoistischen Ge¬
461 2955 1549 3019 in feinen, für die Bühne viel zu feinen und komplizierten
1549 2965 2649 3040 nußsucht ist dieser gealierte Vater im Grunde doch nur ein
450 2996 1544 3068 Zügen, ich darf nicht sagen gestaltet, aber doch gedeutet hat.
1549 2988 2657 3079 erbärmlicher Philister. Wie seine Kunst ist ihm sein Leben
462 3032 1553 3100 Das Sichselbstleben ist „Der einsame Weg“. Wer
1558 3044 2646 3113 zerronnen. Nun es zur Altersprobe kommt, verträgt er die
448 3070 1545 3146 keine Opfer bringt, der kittet die Schicksale anderer nimmer¬
1551 3076 2648 3134 Einsamkeit nicht, die er sich selbst dumm=brutal geschaffen.
453 3105 1552 3178 mehr an das seine; wer nicht für andere gelebt, der altert
1557 3120 2646 3179 Der andere aber führt seine tecke Lebensdichtung sehr folge¬
461 3143 1555 3210 und stirbt auch nur sich selber. Es gibt einen Egoismus
1560 3159 2651 3223 richtig und sehr kühn zu Ende. Der Selbstmord ist bei ihm
469 3180 1559 3256 der Jugend, der das Alter Lügen straft; es gibt ein sehnendes
1559 3197 2659 3264 nicht Flucht, noch Feigheit, sondern rechter Lebensabschluß.
472 3224 1552 3290 Ausbreiten müder Arme, die, als sie kraftgeschwellt waren,
1555 3235 2651 3295 Schnitzlers eigenes Innenleben — und es ist ein reiches, das
1654 3279 1702 3321 735
456 3256 1558 3322 nur zurückzustoßen wußten. Aber, fügt Schnitzler leiser hin¬
1562 3276 2647 3332 er führt, — wird wach, das Leben dieser seiner Gestalt zu er¬
461 3296 1559 3376 zu, es gibt auch einen einsamen Weg, den man bis zu Ende
1578 3312 2664 3379 füllen. Man hat die Empfindung, hier lebt ein Mensch sich
456 3343 1175 3435 gehen mag, und der doch sicher führt.
1566 3359 2665 3413 prachtvoll kräftig aus. Es werden hier Töne angeschlagen,
538 3374 1566 3439 So kompliziert ist die Handlung in Schnitzlers neuem
1569 3392 2663 3451 die fort und fort klingen und dem verfehlten Drama einen
462 3410 1559 3492 Drama, daß ich auch hier nur ihre Hauptfäden entwirren
1574 3425 2654 3488 Gehalt geben, der es hoch über die gelungenen Theaterstücke
467 3456 1563 3511 kann. Ein Geschwisterpaar steht im Mittelpunkt der Ge¬
1572 3445 2668 3524 der letzten Zeit erheht. Aber ich wiederhole: ich sage das
468 3481 1568 3581 schehnisse. — nicht des Interesses. Der Bruder, ein warm
1568 3496 2659 3563 nicht um zu beschönigen, sondern um anzuklagen. Eine so
470 3513 1569 3600 und schlicht empfindender junger Offizier, erfährt nach den.
1567 3542 2664 3603 weiche Natur wie Schnitzler hätte doppelt die Verpflichtung.
475 3568 1582 3639 Tode seiner Mutter, daß der Mann, der ihn erzogen und
1567 3581 2664 3644 1 dem innerlich Erschauten die Sonne zu geben, in der es als
482 3599 1575 3674 der der Gatte seiner Mutter war, nicht auch zugleich sein
1575 3616 2470 3675 Kunstwerk in die Erscheinung zu treten vermag.
471 3638 1581 3716 leiblicher Vater ist. In einem Maler, den ein falscher Frei¬
1625 3648 2667 3714 Die Bühnenwirkung des weiteren zu beeinträchtigen,
484 3678 1583 3758 heitsdrang rastlos und lieblos gemacht, tritt ihm sein Er¬
474 3691 2682 3796 zeuger entgegen. Dieser Maler ist alt und einsam geworden] kam ein äußerer Umstand hinzu: die eine Hauptgestalt, der
1584 3732 2691 3808 gealterte Maler, wurde bei der Aufführung des Deut¬
474 3768 1592 3834 und sehnt sich nun nach seinem Sohn, um den er sich bis¬
