3532 4320
1480 258 1943 338 box 23/3
325 260 1328 362 18. Der einsane Neg
674 1441 830 1601 8
832 1464 1743 1607 Kunt und Slilenschaft
742 1582 1886 1649 Das Lessing=Theater gab am Donnerstag in neuer Ein¬
668 1642 1881 1686 studierung Arthur Schnitzlers Schauspiel „Der einsame
666 1681 1883 1729 Weg, das vor zwei Jahren im Deutschen Theater (unter Brahm)
671 1727 1878 1769 einen nur geteilten Erfolg errang. Jetzt lebt das Werk wieder
674 1763 1877 1811 auf, weil es bei dem Gastspiel des Lessing=Theaters den Wienern
666 1800 1890 1850 dargeboten werden soll. Dieses durch und durch wienerische Stück
669 1833 1882 1905 ist den Wienern noch selber eine Novität. Schnitzler steht in ihm
680 1877 1890 1933 mit all seinen Vorzügen, dem feingeschliffenen, gedankenschillernden
672 1915 1884 1970 Dialog, seiner starken lyrischen Begabung auf der Höhe. Vorzüge,
684 1948 1896 2005 die aber gerade im Drama seine größten Schwächen sind. „Der
670 1995 1902 2049 einsame Weg“ ist eine Novelle, die der Wiener Autor nur dramatisiert
668 2034 1889 2086 hat. Fast alles, was wir von der straff geführten Handlung eines
669 2079 1902 2129 Dramas verlangen, besitzt es nicht, übt daher keine starke Bühnen¬
665 2124 1895 2164 wirkung aus. Aber das Stück ist eine Dichtung, der es schrieb,
668 2150 1895 2206 ist ein tiefdenkender Poet, dem sich aber die Fülle seiner Einfälle,
667 2191 1897 2240 die Flut seiner Gestalten nicht ohne Bruch in die Form des
678 2230 1892 2285 Bühnenweerks zwängt. Die jetzige Einstudierung des Lessing¬
674 2266 1901 2321 Theater zeigte die großen Vorzüge der alten unvermindert, die
670 2305 1897 2346 Besetzung war bis auf eine Rolle die gleiche. Es könnte das Lob,
668 2342 1890 2402 das den Künstlern bei der Premiere gespendet worden ist, lediglich
674 2386 1901 2428 summarisch wiederholt werden. Dennoch sei hervorgehoben, daß
679 2426 1888 2469 Albert Bassermann der Gestalt des Stefan von Sala die
667 2471 1887 2517 kühle und dennoch fascinierende Vornehmheit seiner glänzenden,
674 2509 1900 2557 überlegenen Kunst lieh, daß er den ästhetischen Egoismus
668 2550 1896 2591 des alternden Lebenskünstlers und seine verhaltene Resig¬
676 2579 1894 2643 nation mit unvergleichlichem Gestalten lebendig machte.
667 2623 1895 2667 Erschöpfender kann dieser Weltmann, Dichter und Genußmensch
678 2665 1902 2715 nicht dargestellt werden. Emanuel Reicher wurde der Natur des
676 2714 1898 2752 Malers Julian Fichtner nicht in gleichem Maße gerecht, den lodernden
672 2746 1897 2792 Feuerkopf, in dessen Brust noch immer Stürme brausen, gab er
676 2781 1904 2827 weitaus zu sanft, es steckte noch zu viel von Ibsens Rosmer in
665 2817 1900 2856 seinem Spiel; so war es natürlich, daß Reicher in den Szenen
668 2856 1900 2909 mit seinem Sohn, wo sein lang unterdrücktes Vatergefühl auf¬
675 2904 1900 2942 quillt und sich dann enttäuscht sieht, am besten war. Den schwer
673 2945 1897 2988 geprüften Wegrath machte Oskar Sauer durch die Betonung der
670 2964 1902 3040 leidenden Schwermut dieses „Kunstbeamten“ zu einem Menschen
681 3028 1896 3067 von Fleisch und Blut; Irene Triesch vermochte sogar durch
684 3054 1893 3108 ihr eindringliches Können die mißglückte Figur der Johanna zu
684 3094 1902 3134 retten, Kurt Stieler gab als Felix einen überraschend echt¬
677 3130 1903 3195 österreichischen Leutnant und guten Sohn. Wienerische Lebhaftig¬
1900 1511 3118 1563 keit mit norddeutschem Einschlag fand bei Else Lehmann (Irene
1892 1552 3119 1603 Herms) eine rechte Statt, und doch war sie in der feinen ernsten
1903 1602 3116 1647 Szene, da die reife Frau in den Schrei nach einem Kinde aus¬
1895 1636 3117 1683 bricht, am stärksten. Hans Marr als Dr. Reumann sund Hedwig
1895 1670 3116 1717 Pauly als Frau Gabriele boten im Rahmen ihrer Nebenrollen
1905 1703 3124 1767 Gutes. Das Zusammenspiel war an keiner Stelle gestört, die
1895 1750 3107 1794 Regie, die Emil Lessing führte, bot besonders im dritten und
1907 1788 3136 1852 vierten Akt geschmackvolle Szenen. Dem Schauspiel selbst haben,
1902 1826 2909 1868 wohl die meisten erst in zweiter Linie Beifall geklatscht.
2938 1860 2982 1922 900
