3436 4352
-11 2760 76 2832 gege
1090 125 1177 204 W
1425 124 1895 226 box 23/2
262 138 1432 230 18. Der einsaneneg
1904 1373 2113 1449 W E
1051 1383 1293 1462 —
1038 1402 3230 1511 illzuweit getriebenen Egoismus, eine Art Don Juanmotiv nicht gerade erbitiert, doch für immer von ihrem alten
1030 1467 3226 1559 ohne Hölle und Teufel, wie man sich denn wohl an „Don Freunde Fichtner. Dieser hat auch mit seiner Eröffnung
1037 1547 3229 1599 Jnans Ende“ von Paul Heyse erinnert fühlen mag — bei seinem Soyne kein Glück; der junge Mann erklärt
1034 1555 3218 1663 dieser Inhalt wirkt in der Behandlung, die er hier er=ihm: „Sie sind mir fremder geworden, seit ich es
1036 1607 3216 1701 fahren, auch nur traurig, gar nicht tragisch, weil man für weiß.“ Er hat nur die eine Empfindung: welches Unrecht
1036 1663 3225 1761 den bestraften Egoisten kaum Sympathie und gewiß kein an dem Manne gut zu machen sei, den er bis dahin für
1043 1712 3227 1788 Mitleid empfinden kann. Das Ganze hat auf den ersten seinen Vater gehalten. Dieser Vater, Professor Wegrath,
1034 1760 3223 1831 Blick etwas Zerfahrenes, die Folge der Szenen oder der hat eine Tochter, Johanna, ein eigentümliches Geschöpf, mit
1033 1805 3222 1887 Ereignisse etwas Rhapsodisches und Willkürliches. Ein- der eigentümlichen Gabe, den nahen Tod anderer Perso¬
1040 1855 3228 1962 heitlichkeit ist nur in der Stimmung; aber dies Grau in nen bestimmt vorauszusehen. Sie wird die Geliebte eines
1046 1895 3223 2002 Grau, dies Gedämpfte, Müd=Resignierte Melanochlische, Herrn von Sala, der sich zur Teilnahme an einer archär¬
1049 1982 3226 2035 das kaum einmal von einem etwas frischenTon unterbrochen logischen Forschungsreise nach Persien rüstet, übrigens,
1047 1998 3223 2090 wird, hat, durch fünf Akte hin festgehalten, etwas Lang= wie Johanna erfährt, wegen eines Herzleidens vom Arzte
1036 2054 3217 2141 weiliges, Ermüdendes. Allerlei Interessen, oder Handlun= schon ziemlich aufgegeben ist. Außerdem scheint sich in ihr
1047 2111 3216 2193 gen, wenn man will, gehen neben einander hin, aber der auch jene fatale Sehergahse wieder zu regen, oder sweylkann
2132 2148 3227 2228 wissen, was sonst die Ursacht ist: ass Aftwozthahf den
1039 2159 2141 2248 Brennpunkt, in dem sich die zerstreuten Sirahlen sammeln,
2131 2199 3233 2273 Vorschlag Salas, ihm als seine Frah nach Persien zu fol¬
1056 2220 2147 2288 fehlt und damit auch ein Mittelpunkt des Interesses, oder
2129 2240 3227 2317 gen, ertränkt sie sich im Teich des“ Salaschen Gartens.
1048 2266 2143 2331 Der wird zu spät erst entdeckt. Der Maler Julian Fichtner
2132 2304 3219 2364 Wie nun der Vater, tief erschütiert, dieses Unglück erfährt,
1051 2314 2142 2393 Rtat vor 23 Jahren die Braut seines Freundes Wegrath
191 2384 3212 2460 der ersten Novität im neuen Spieljahre hat man###er##rt, und da er nun bei zunehmendem Alter sich ein= ruft der Ulanenleutnant, seine Hand küssend, „mein Vater!“
186 2366 3226 2513 Iuspielhause nicht viel Glück gehabt. Die sam fühlt und nach einer Seele verlangt, die zu ihm ge= Der Alte erwidert: „Müssen solche Dinge geschehen, daß
1066 2441 3220 2536 höre, glaubt er den Sohn seiner ehemaligen (zwischen dem mir dies Wort klingt, als hört' ichs zum ersten¬
2222 2489 3230 2558 .?“ Fichtner ist dabei langsam davongegangen.
203 2495 1070 2552 die Schnitzlers Schauspiel „Der ein¬
1069 2507 2247 2576 ersten und zweiten Akt verstorbenen) Geliebten, der ein mal
202 2535 1071 2611 eg“ gestern dorten sand, sah einer Ablehnung
1062 2532 3239 2637 schmucker Ulanenoffizier geworden ist, für sich als seinen Erst in dieser Schlußwendung wird eine Verknüpfung der
195 2592 1078 2657 unähnlich. Obwohl im Verlauf des Stückes eine
1064 2586 3237 2682 Solmeklamieren zu dürfen, zumal da der junge Mann bis dehin gesondert nebeneinander hingegangenen Hand¬
198 2640 1073 2707 Fumbringt, eine andere, vom Arzte bereits auf¬
1062 2614 3239 2724 eine gewisse Schwärmerei für ihn hat. Außerdem trifftlungen (wenn man den Ausdruck brauchen darf) hergestellt.
188 2685 1071 2752 ejebe Absicht verrät, und eine dritte eines natür¬
1076 2673 3233 2774 Fichtner nach langer Abwesenheit in Wien auch mit einer Aber gerade dadurch macht sich das Unorganische im Auf¬
197 2724 1079 2801 es stirbt, nennt sich das Stück bescheiden doch
1059 2714 3235 2817 Schauspielerin wieder zusammen, die gleichfalls vor drei= bau erst recht fühlbar. Indem man dem Autor, der einen
194 2776 1081 2854 spiel. Mit Recht: etwas Tragisches, das er¬
203 2780 3243 2899 hies zermalmt, würde man ganz umsonst suchen, undzwanzig Jahren seine Geliebte gewesen und dann seinesso lang im Ungewissen gelassen, nun mit einemmale allzu¬
202 2842 3245 2960 #iges ist vorhanden, in quäleuder Ueberfülle so= aute Freundin geworden ist. Noch jetzt beklagt sies bitter, tief in die Karten schaut, merkt man nicht nur, daß er das
201 2878 3240 2998 Motiv für jenen Selostmord wird nicht recht daß ihrer Liebe damals ein Kind versagt geblieben, das Spiel wenig geschickt geführt hat, sondern man wird er¬
185 2928 3251 3055 ehr: es scheint fast in einer hysterischen Laune ihrem Leben doch einen anderen Halt gegeben hätte; undl nüchtert, indem das, was uns ergreifen sollte, sich bloß als
190 3031 3238 3104 erden zu müssen. Der Inhalt des Stückes —wie sie duhinter kommt, daß Fichtner der Vater jenes ge= Faktor in einem Rechenexempel herausstellt. Die Auffüh¬
211 3053 3254 3160 e sagen, es sei die wohlverdiente Bestrafung eines rade 23jäheigen Ulanententnants ist, scheidet sie, wenn auch rung ließ viel zu wünschen übrig: wer das Stück nicht eiwa
3070 3071 3264 3173 14
