3392 4256
1078 273 1142 332 W
763 272 910 335 HS G
1410 259 1870 345 box 23/5
262 275 1252 375 18. Der
1175 1367 1874 1496 gocar scdesuresdnn
1635 1560 1677 1622 4
1071 1590 1936 1652 enGaires esursches detroner-aussenserrradae
1081 1649 1936 1742 BERLIN SO 16, RUNGESTRASSE 22-24
1060 1805 1941 1914 Frankfurter Oder-Zeitung
1067 1914 2111 2004 Ausschnitt aus der Nummer vom: 3 0. JUN 1926
1114 2032 1928 2108 Pariser Kritik am deutschen Gastspiel
1078 2065 1997 2144 Paris. „Paris. Midi“ widmet der Auf¬
1096 2118 2012 2182 führung des „Einsamen Weges“ von
1099 2165 2007 2218 Arthur Schnitzler, unter der Leitung von
1102 2199 1998 2244 Eugen Robert einefrecht ungünstige Kri¬
1092 2239 2001 2295 tik. Am Schluß seiner Kritik richtet er an
1211 2283 1991 2335 nRobert die Bilte, in Zukunft den
1225 2318 1988 2373 sischen Publikum eine dramatische Kos
1228 2368 1988 2408 etzen, die auf starkes Verständnis in
1223 2402 1985 2441 nde stoße. Ausländische Gastspiele müß
1205 2440 1977 2483 eute entweder klassische Stücke oder et
1174 2483 1996 2539 ganz Modernes bringen. Dieser Kriti
1097 2510 1989 2552 des „Paris Midi“ dürfe man sich auch vor
1092 2550 1994 2617 deutscher Seite anschließen. Eugen Rober
1094 2586 1972 2643 habe den Parisern den „Erdgeist“ und dei
1084 2625 1975 2670 „Einsamen Weg“ gezeigt. Bei dieser Aus
1087 2663 1970 2719 wahl dürfte er sich nicht wundern, wenn e
1089 2699 1976 2747 nicht allzu viel Anklang unter dem franzö
1096 2738 1982 2793 sischen Publikum gefunden hat, das währeni
1091 2783 1981 2824 der Aufführung des „Einsamen Weges“
1088 2818 1985 2879 durch Abwesenheit geglänzt hätte. Der schwie
1082 2876 1987 2916 rige Dialog des Schnitzlerschen Stückes und
1094 2898 1990 2952 Frank Wedekinds „Erdgeist“, der einer auc
1094 2940 1976 2983 in Deutschland vergangenen Zeit angehöre
1090 2972 1990 3028 könne in Frankreich auf die Anteilnahme,
1090 3012 1981 3071 die man derartigen Aufführungen in Deutsch¬
1094 3050 2004 3110 land entgegenbringen würde, keinen Anspruch
1092 3087 1281 3164 erheben.
1121 3137 1289 3189 ##1 —
