3436 4256
321 132 1305 212 45. Abenteurernovelle
801 194 1127 255 ee ere eteren
376 1055 1165 1157 „OBSERVER
470 1140 1127 1203 I. österr. behördl. konzessioniertes
436 1194 1150 1248 Unternehmen für Zeitungs-Ausschnitte
508 1258 1086 1320 WIEN, I., WOLLZEILE 11
570 1312 1018 1367 TELEPHON R-23-0-43
364 1429 729 1510 Ausschnitt aus:
507 1549 1044 1649 S: Stunde, Vien,
366 1661 497 1723 vom:
535 1707 1068 1804 7. Februar 1933.
363 1836 1137 1919 Schnitziers „Abenteuer¬
620 1908 881 1988 novelle“
362 1983 1148 2064 Zum ersten Male gelesen von Heinrich
652 2040 857 2110 Schnitzler.
353 2097 1184 2170 #in der „Neuen Galerie“ las Samstag nach¬
319 2156 1179 2216 mittags Heinrich Schnitzler ungemein
327 2196 1183 2251 wirkungsvoll eine Nachlaß-Novelle seines
339 2240 1181 2294 Vaters vor, ein fast vollendetes größeres
334 2284 1186 2343 Werk von eigentümlichstem Zauber. Es ist
325 2323 1180 2378 die Geschichte eines jungen Edelmannes, der
332 2374 1192 2423 aus der Peststadt Bergamo entflieht und
324 2412 1187 2468 nach mannigfachen Abenteuern in einen
328 2457 1189 2511 magischen Kreis eintritt. Echt schnitzlerisch
338 2507 1188 2560 riumphiert das Schicksal über den
326 2544 1183 2596 Menschen, der einer Prophezeiung zu ent¬
333 2595 1187 2639 gehen sucht. Schnitzlerisch ist auch die
334 2638 1183 2684 Rätselhaftigkeit der Frau, die Zusammen¬
340 2683 1182 2728 hanglosigkeit alles Geschehens, das Spiel
343 2720 1188 2771 nit dem Tod, die Leugnung jeder Konti¬
338 2769 1191 2813 nvität des Lebens. Das Fragment und die
327 2809 1187 2857 vorhandene Skizze des Fehlenden dürfte
336 2856 1180 2902 bald veröffentlicht werden und dann viele
330 2894 649 2957 Freunde finden.
1000 2891 1147 2962 P. Stf.
1494 140 1828 229 box 6/8
1334 374 2211 443 Artur Schnitzlers „Abenteurernovelle“.
1313 437 2254 499 Das Fragment einer Novelle aus Artur Schnitzlers
1287 498 2266 549 Nachlaß, das bei einer Veranstaltung in der Neuen
1279 545 2264 592 Galerie Heinrich Schnitzler mit schöner
1292 597 2261 642 warmer Intensität vorlas, umfaßt zwei ausge¬
1293 635 2267 693 führte Kapitel einer Novelle, die, wenn man der
1284 696 2265 737 Skizze des weiteren Fortganges glauben kann,
1291 724 2265 785 deren ungefähr fünf oder sechs hätte zählen sollen.
1283 769 2274 834 Das Fragment, das sicher nicht aus des Dichters
1289 823 2276 894 späteren Lebensjahren stammt, weist gegenständlich
1288 886 2270 927 und dem Milieu nach in die Nähe des Beatrice¬
1285 916 2274 983 Dramas und ist in seiner Thematik den Novellen
1285 982 2278 1032 des Bandes „Dämmerseelen“ verwandt. Ja es
1292 1016 2254 1086 wäre gut vorstellbar, daß die „Abenteurernovelle
1293 1068 2276 1128 ursprünglich als ein Teil dieses Zyklus gedacht ge¬
1302 1117 2271 1170 wesen ist, der nicht zur Vollendung kam, während
1294 1168 2258 1219 ihr Hauptmotiv dann in die Novelle „Weissagung
1289 1223 2267 1278 übergegangen ist. Mit jener feinen, bis in die zwie
1305 1266 2269 1320 spältigsten und verästeltesten Stimmungen hinein
1292 1309 2277 1372 erhellenden Klarheit schildert das erste Kapitel den
1294 1357 2271 1412 Schicksalstag eines Jünglings, der, in dem pest¬
1300 1400 2284 1466 verseuchten Pergamo am gleichen Tag beider
1304 1454 2287 1515 Eltern beraubt, dadurch verwaist, aber gleichzeitig
1293 1516 2274 1564 auch aller Bindungen ledig wird. Von dieser für
1302 1550 2281 1611 Schnitzler typischen Ausgangssituation beginnt sein
1300 1600 2285 1663 Weg in das Leben und Schicksal, der gewissermaßen
1302 1648 2286 1702 als ein Aufblühen des Individuums, eine Negation
1301 1698 2290 1758 der Hemmungen, ein Flug in die Buntheit der
1304 1749 2284 1797 unendlichen Möglichkeiten gedacht war. Schon das
1298 1791 2290 1853 erste Kapitel enthält ein erotisches Erlebnis von
1305 1855 2289 1913 starken Farben und hohem Wärmegrad, das aber
1302 1893 2290 1955 gleichwohl nur die Pforten zu dem künftigen
1309 1943 2284 2001 Abenteurerschicksal öffnet. Im folgenden Kapitel
1304 1991 2283 2051 dann setzt zunächst nur leise, scheinbar als Begleit¬
1303 2038 2293 2104 erscheinung eingeführt, das eigentliche Thema an,
1302 2089 2291 2147 das erst in den Schlußsätzen des Kapitels zu seinem
1300 2146 2290 2193 vollen Gewichte gelangt. Es ist das Thema der ge¬
1316 2181 2290 2239 nannten „Dämmerseelen“=Novelle, die Weissagung
1316 2235 2293 2288 der Todesstunde, unter deren Dominanz sich die
1305 2296 2283 2341 weiteren Ereignisse der Novelle vollziehen sollten.
1306 2331 2292 2391 Sie werden indes nur von den Grundlinien des
1313 2381 2296 2431 erhaltenen Planes angegeben, die aber doch deut¬
1315 2429 2298 2480 lich genug die Fülle und Farbigkeit eines nicht
1306 2475 2298 2541 zu Ende gediehenen Werkes verraten, worin sich
1317 2524 2293 2583 die aus vielen vollendeten Werken Schnitzlers be¬
1309 2583 2288 2635 kannten Elemente mit einer ganz besonderen,
1315 2634 2296 2682 wieder für den Autor charakteristischen Pointe ver¬
1312 2668 2292 2734 binden sollten; die Prophezeiung nämlich war falsch,
1320 2732 2295 2776 war willkürliche Erfindung des Vorhersagenden,
1315 2766 2299 2825 geht aber trotzdem in Erfüllung. Wie jedes, einem
1324 2814 2293 2870 echten Dichter aus dem Herzen entsprossene Werk,
1321 2866 2301 2927 so erweist sich auch diese Novelle, deren Inhalt ja
1311 2925 2295 2973 zum großen Teil nur andeutungsweise zu erfassen
1316 2964 2304 3024 ist, als ein Kreuzungs= und Kristallisationspunkt
1318 3011 2304 3077 seiner künstlerischen Lebenselemente. Es ist das
1318 3075 2304 3121 Puppenspielertum, es ist das große Gebiet erotischer
1318 3115 2307 3180 Möglichkeiten und Verknüpfungen, es ist das
1328 3157 2307 3217 Motiv der dämmernden Seele, des überschattenden
1327 3207 2306 3268 Todes und am stärksten und deutlichsten der Ruf
1328 3258 2293 3328 des Lebens darin. Es ist echter, typischer Schnitzler
1318 3308 2296 3364 eine Dichtung von starkem Gehalt, die aber trotzdem
1326 3352 2300 3414 dem Meister der Form vielleicht aus einem Be¬
1321 3399 2300 3469 denken gegen nicht ganz vollendete kompositionelle
1318 3447 2312 3527 Balance heraus als der Ausarbeitung nicht würdig
1329 3501 2311 3565 erschien. Was vor diesem strengen Richter nicht be¬
1335 3548 2312 3613 stehen konnte, durfte man in der schönen Vorlesung
2212 3598 2275 3654 R.
1311 3598 2122 3687 doch dankbar als edle Gabe empfangen.
1756 3695 2024 3797 CReN
1368 3708 1637 3827 E
1734 3866 1825 3955 G
2474 72 3171 148 e er    en er e g 1
2531 139 3108 200 WIEN, I., WOLLZEILE 11
2601 207 3039 252 TELEPHON R-23-0-43
2402 327 2745 396 Ausschnitt aus:
2743 372 3196 475 Arheiterseltune, Wieg
2403 546 2537 611 vom:
2659 547 2933 660 28.0KI.
2453 790 3264 866 Schnitzler=Vorlesung. Heinrich Schnitzler,
2394 854 3275 924 Rezissen—amDeutschen Volkstheater, liest
2409 897 3261 953 morgen um 20 Uhr im Arbeiterheim Alser¬
2403 943 3264 1009 grund, Dreihackengasse Nr. 7, aus dem Nach¬
2408 991 3260 1051 laß seines Vaters das unveröffentlichte
2398 1048 2947 1116 Fragment „Abenteurernobelle“.
2433 1272 3222 1356 „OBSERVER
2517 1352 3172 1424 I. österr. behördl. konzessioniertes
2486 1416 3198 1462 Unternehmen für Zeitungs-Ausschnitte
2550 1468 3137 1533 WIEN, I., WOLLZEILE 11
2632 1516 3070 1579 TELEPHON R-23-0-43
2431 1650 2783 1718 Ausschnitt aus:
2606 1714 3075 1819 Alpelierzeilung, Wier
2430 1870 2551 1934 vom:
2729 2016 3044 2115 3 NOV. 195
2798 2129 3252 2236 itzlers Nachlaß
2371 2137 2749 2216 Aus Artur Sci
2434 2221 3256 2299 Im Arbeiterbildungsverein
2378 2275 3255 2335 Alsergrund las der junge Schauspieler und
2384 2332 3252 2398 Regisseur Heinrich Schnitzler eine un¬
2385 2368 3256 2433 gedruckte und auch unvollendete Novelle seines
2391 2431 3248 2481 Vaters. Aus dumpfen Eingangsakkorden erhebt
2382 2472 3250 2529 sich ein farbenprächtiges Bild stürmisch auf= und
2386 2518 3258 2572 niederwogenden italienischen Renaissancelebens.
2385 2563 3260 2622 Ein edler Jüngling, durch die Pest eltern= und
2379 2607 3254 2672 heimatlos geworden, verläßt tränenlos die
2384 2660 3258 2722 Schwelle des verseuchten Vaterhauses und zieht,
2395 2721 3257 2768 geschwellt von Lebenslust und durchschauert vom
2384 2768 3244 2814 Ahnen der süß lockenden Ferne, in die Welt.
2386 2802 3252 2858 Schon der erste Tag bringt unwahrscheinlich
2382 2849 3252 2907 düstere Abenteuer, doch mit kühnem Mut und
2382 2903 3256 2957 keckem Degen zerstäubt der Wanderer all die
2389 2941 3261 3002 schaurig balladesken Schatten, die sich an ihn
2390 2999 3245 3046 drängen. Und dann geht es weiter in ein un¬
2381 3049 3246 3098 bekanntes Land, dessen Geheimnisse tiefe, gleich¬
2395 3143 3256 3194 öffnen ihm willig ihre Arme, doch in die Nacht
2396 3180 3253 3237 wunschlos müden Genusses fällt immer allzu
2391 3236 3253 3289 rasch der Schatten rauhen Lebens= und Ruhmes¬
2387 3277 3246 3330 kampfes, gleitet der frostige Hauch der Ver¬
2389 3326 3254 3384 gänglichkeit, des Todes. Nicht wirkliche Menschen
2386 3377 3254 3439 hat der sonst als Meister der Seelengestaltung
2394 3430 3244 3474 verehrte Dichter hier in den Schmuck seiner matt¬
2395 3472 3248 3525 seidig glänzenden Sprache gekleidet, sondern
2390 3514 3252 3575 schemenhaft ziehen Verbrecher und Weise,
2393 3566 3257 3621 Krieger und Mönche, Dirnen und Jungfrauen
2388 3621 3258 3666 vorbei. Auf und nieder, unenträtselbar, schwankt
2398 3663 3251 3720 das Leben; das Schicksal spielt und mehrmals
2386 3720 3251 3766 rollen symbolhaft die Würfel um den höchsten
2389 3762 3243 3804 Einsatz: um Glück und Bestehen. „Wir spielen
2395 3807 3252 3857 immer; wer es weiß, ist klug“, dieses Leitmotiv
2389 3852 3256 3901 von Schnitzlers Schaffen ist auch in dem
2387 3893 3258 3957 kurz „Abenteurernovelle“ genannten, duftigen
