3436 4256
284 139 1283 210 45. Abenteurernovelle
1450 140 1808 231 box 6/8
494 187 839 249 — 1
1007 189 1288 252 n e eeneneene
726 927 1525 1043 „OBSERVER
820 1022 1478 1084 I. österr. behördl. konzessioniertes
780 1069 1511 1124 Unternehmen für Zeitungs-Ausschnitte
845 1121 1447 1209 WIEN, I., WOLLZEILE 11
924 1184 1372 1243 TELEPHON R-23-0-43
733 1321 1095 1400 Ausschnitt aus:
1074 1389 1442 1481 Kütt Wi. MrAs31438
747 1550 879 1622 vom:
1060 1538 1460 1660 7. FEB. 833
788 1697 1805 1767 (Schnitzlers „Abenteurernovelle“.) In
617 1751 1808 1808 der Neuen Galerie las Heinrich Schnitzler die „Aben¬
618 1800 1813 1858 teurernovelle“, aus dem Nachlaß seines Vaters. Das Werk
655 1852 1809 1905 offenbar aus des Dichters „Dämmerseelen“=Zeit her¬
620 1895 1817 1947 rührend — ist in zwei Kapiteln ausgearbeitet, der letzte Teil
608 1939 1805 1991 blieb Entwurf. Aber es bekundet auch als Torso Schnitzlers
612 1990 1806 2038 untergründigstes Erlebnis: Liebe und Tod, Gedankliches und
622 2030 1806 2092 Irdisches sind darin zu okkulter Einheit verwoben und von
619 2078 1813 2129 seltsamen Rätseln märchenhaft umrankt. Die Fabel spiegelt
615 2124 1813 2176 sich in Bildern, die keine Deutung dulden, in Gleichnissen
619 2176 1807 2237 ohne Lösung, über die die Schleier milder Trauer gebreitet
626 2218 1807 2280 sind. Das Fragment spielt im Italien der Renaissance. In
623 2265 1811 2323 Bergamo herrscht die Pest. Der Held Anselmo, kaum noch
612 2315 1816 2364 zum Jüngling erwachsen, verliert plötzlich Vater und Mutter,
625 2360 1804 2422 sein ganzes Dasein, kaum noch in sein Bewußtsein gedrungen,
625 2409 1816 2457 versinkt ins Unbekannte, Schattenhafte. Dieser Augenblick der
620 2451 1806 2508 ersten zaghaften Erkenntnis seiner Lage ist sein „frucht¬
628 2500 1815 2561 barer“ Moment im Leben Am Unglück entzündet sich seine
612 2553 1813 2598 Kraft, wandelt er sich vom Knaben zum Manne. Und nun
627 2594 1812 2652 tritt er, wie zum zweitenmal geboren, ins Leben, das den
619 2646 1812 2706 reinen Tor in einen Kreis sonderbarer Abenteuer einspinnt,
618 2682 1802 2737 die er wie ein im Traum Wandelnder besteht. An einem
618 2727 1807 2785 Höhepunkt der Handlung, da sich dem Leben des Helden die
618 2782 1808 2837 Erfüllung vorbereitet, bricht die Novelle ab. Ein bloßer
621 2828 1809 2879 Entwurf versucht, die Fäden der Fabel weiterzuspinnen. Aus
620 2872 1805 2927 welchem Grund der Dichter sein Werk unvollendek ließ, bleibt
626 2919 1805 2980 eine offene Frage. Er hat jedenfalls das gleiche Thema auch
624 2967 1804 3015 in andern seiner Werke abgewandelt und zu endgültiger
623 3011 1805 3068 Form gestaltet. Heinrich Schnitzler gab dem Werk seines
621 3059 1799 3136 Vatèrs kraftvollen und gleichwohl andächtig ergriffenen
618 3096 806 3157 Ausdruck.
2280 179 2651 254 Ausschnitt aus:
2617 287 3003 372 IENEK ZTTETTI
2729 346 2802 447 F
2293 418 2412 468 vom:
2264 566 3197 666 Artur Schnitzlers „Abenteurernovelle“.)
2256 638 3203 713 Das Fragment einer Novelle aus Artur Schnitzlers
2221 685 3197 759 Nachlaß, das bei einer Veranstaltung in der Neuen
2215 735 3203 807 Galerie Heinrich Schnitzler mit schöner
2225 783 3205 861 warmer Intensität vorlas, umfaßt zwei ausge¬
2221 833 3201 908 führte Kapitel einer Novelle, die, wenn man der
2213 891 3199 946 Skizze des weiteren Fortganges glauben kann,
2224 924 3195 1007 deren ungefähr fünf oder sechs hätte zählen sollen.
2226 978 3193 1048 Das Fragment, das sicher nicht aus des Dichters
2226 1025 3200 1096 späteren Lebensjahren stammt, weist gegenständlich
2226 1079 3191 1151 und dem Milieu nach in die Nähe des Beatrice
2216 1124 3203 1196 Dramas und ist in seiner Thematik den Novellen
2217 1171 3198 1233 des Bandes „Dämmerseelen“ verwandt. Ja es
2213 1224 3190 1280 wäre gut vorstellbar, daß die „Abenteurernovelle“
2211 1269 3193 1344 ursprünglich als ein Teil dieses Zyklus gedacht ge¬
2212 1328 3197 1376 wesen ist, der nicht zur Vollendung kam, während
2208 1367 3193 1431 ihr Hauptmotiv dann in die Novelle „Weissagung“
2213 1416 3194 1484 übergegangen ist. Mit jener feinen, bis in die zwie¬
2209 1462 3201 1537 spältigsten und verästeltesten Stimmungen hinein
2209 1526 3190 1570 erhellenden Klarheit schildert das erste Kapitel den
2217 1557 3197 1632 Schicksalstag eines Jünglings, der, in dem pest¬
2212 1620 3191 1677 verseuchten Pergamo am gleichen Tag beider
2211 1655 3204 1728 Eltern beraubt, dadurch verwaist, aber gleichzeitig
2210 1719 3193 1783 auch aller Bindungen ledig wird. Von dieser für
2214 1754 3189 1823 Schnitzler typischen Ausgangssituation beginnt sein
2213 1806 3197 1876 Weg in das Leben und Schicksal, der gewissermaßen
2206 1859 3191 1927 als ein Aufblühen des Individuums, eine Negation
2208 1901 3192 1971 der Hemmungen, ein Flug in die Buntheit der
2211 1957 3198 2022 unendlichen Möglichkeiten gedacht war. Schon das
2213 2002 3191 2066 erste Kapitel enthält ein erotisches Erlebnis von
2211 2049 3189 2125 starken Farben und hohem Wärmegrad, das aber
2206 2101 3198 2169 gleichwohl nur die Pforten zu dem künftigen
2213 2148 3188 2215 Abenteurerschicksal öffnet. Im folgenden Kapitel
2211 2197 3186 2253 dann setzt zunächst nur leise, scheinbar als Begleit¬
2202 2246 3198 2317 erscheinung eingeführt, das eigentliche Thema an,
2203 2291 3193 2350 das erst in den Schlußsätzen des Kapitels zu seinem
2204 2346 3199 2410 vollen Gewichte gelangt. Es ist das Thema der ge¬
2208 2397 3197 2459 nannten „Dämmerseelen“=Novelle, die Weissagung
2204 2440 3190 2514 der Todesstunde, unter deren Dominanz sich die
2205 2485 3194 2558 weiteren Ereignisse der Novelle vollziehen sollten.
2209 2532 3198 2609 Sie werden indes nur von den Grundlinien des
2200 2594 3195 2654 erhaltenen Planes angegeben, die aber doch deut¬
2193 2635 3187 2694 lich genug die Fülle und Farbigkeit eines nicht
2207 2691 3196 2756 zu Ende gediehenen Werkes verraten, worin sich
2198 2731 3185 2797 die aus vielen vollendeten Werken Schnitzlers be¬
2203 2777 3181 2856 kannten Elemente mit einer ganz besonderen,
2207 2824 3181 2899 wieder für den Autor charakteristischen Pointe ver¬
2196 2876 3194 2950 binden sollten; die Prophezeiung nämlich war falsch,
2197 2921 3191 2994 war willkürliche Erfindung des Vorhersagenden,
2206 2983 3187 3048 geht aber trotzdem in Erfüllung. Wie jedes, einem
2197 3026 3188 3097 echten Dichter aus dem Herzen entsprossene Werk,
2205 3073 3191 3147 so erweist sich auch diese Novelle, deren Inhalt ja
2197 3132 3185 3196 zum großen Teil nur andeutungsweise zu erfassen
2195 3173 3195 3238 ist, als ein Kreuzungs= und Kristallisationspunkt
2208 3227 3182 3293 seiner künstlerischen Lebenselemente. Es ist das
2188 3274 3180 3327 Puppenspielertum, es ist das große Gebiet erotischer
2201 3322 3180 3396 Möglichkeiten und Verknüpfungen, es ist das
2198 3365 3188 3431 Motiv der dämmernden Seele, des überschattenden
2191 3416 3187 3481 Todes und am stärksten und deutlichsten der Ruf
2198 3469 3176 3533 des Lebens darin. Es ist echter, typischer Schnitzler,
2191 3514 3179 3580 eine Dichtung von starkem Gehalt, die aber trotzdem
2193 3565 3180 3618 dem Meister der Form vielleicht aus einem Be¬
2193 3617 3170 3668 denken gegen nicht ganz vollendete kompositionelle
2197 3667 3174 3734 Balance heraus als der Ausarbeitung nicht würdig
2194 3710 3170 3766 erschien. Was vor diesem strengen Richter nicht be¬
2195 3763 3172 3823 stehen konnte, durfte man in der schönen Vorlesung
2185 3815 2990 3875 doch dankbar als edle Gabe empfangen.
3078 3817 3142 3883 R.
