3484 4256
364 233 1356 304 45. Abenteurernovelle
586 621 1374 718 „OBSERVER
667 710 1333 766 I. österr. behördl. konzessioniertes
632 768 1364 826 Unternehmen für Zeitungs-Ausschnitte
700 808 1300 889 WIEN, I., WOLLZEILE 11
781 882 1224 928 TELEPHON R-23-0-43
573 999 936 1082 Ausschnitt aus:
748 1093 1197 1206 Nenes Wiene- Wachlat
588 1211 1259 1351 vom: 30 JAN 1932
477 1371 1577 1473 * Das bisher unbekannte und unveröffentlichte große
353 1446 1566 1511 Novellenfragmen“ aus dem Nachlaß Artur Schnitz'ers „Die
373 1503 1555 1557 Abenteurernovelle“ liest Heinrich Schnitzler am Samstag
376 1539 1568 1609 den 4. Februar, 18 Uhr im großen Saal der Neuen Galeri.,
366 1590 1564 1647 1. Grünangergasse 1. Auf Namen lautende Eintrittskarten
365 1635 1506 1695 sind im Sekretariat der Neuen Galerie (R 20148) erhältlich.
556 1897 1355 1997 „OBSERVER
633 1987 1308 2055 I. österr. behördl. konzessioniertes
610 2035 1339 2101 Unternehmen für Zeitungs-Ausschnitte
677 2096 1278 2159 WIEN, I., WOLLZEILE 11
756 2146 1216 2215 TELEPHON R-23-0-43
559 2288 931 2372 Ausschnitt aus:
758 2370 958 2476 Neues V
577 2527 697 2592 vom:
835 2565 1278 2674 31. JAl. 333
493 2738 1596 2825 (Heinrich Schnitzler liest aus dem Nachlaß seines Vaters.)
380 2808 1594 2862 Das bisher unbekannte und unveröffentlichte große Novellen¬
379 2860 1598 2925 fragment aus dem Nachlaß Artur Schnitzlers „Die
376 2905 1592 2960 Abenteurernovelle“ liest Heinrich Schnitzler am
373 2943 1587 3013 Samstag, 18 Uhr, im großen Saal der Neuen Galeric,
381 3001 947 3085 1. Bezirk, Grünangergasse 1.
1110 3197 1391 3292 ERVER‘
1017 3270 1479 3365 I., Wallzeile Nr. 1.
963 3352 1408 3418 Teisfon R-28-0-43
870 3415 1377 3516 Nene Freis ur Wier
877 3537 1326 3648 31. JAN. 1933
585 3623 1615 3771 Gelsnch-Schalsten lest aie dem Rachten feineg
494 3679 1615 3829 Vaters.) Das bisher unbekannte und unveröffentlichte große
485 3731 1601 3869 Novellenfragment aus dem Nachlaß Arthur Schnitzlers „Die
484 3775 1607 3909 Abenteurernovelle“ liest Heinrich Schnitzler am Samstag,
487 3818 1595 3950 18 Uhr, im großen Saale der Neuen Galerie, I. Grünangergasse
479 3857 1602 3987 Nr. 1. Auf Namen lautende Eintrittskarten sind im Sekretariat
470 3895 1185 4002 der Neuen Galerie (1.20.145) erhälich.
1520 224 1880 319 box 6/8
2458 433 2670 559 *TTTS
2125 733 3070 827 Verlesung. Heinrich Schnitzler-liest am Samstag
2143 789 3085 868 Februar, 18 Uhr im großen Saal der Neuen Galerie,
2106 830 3085 897 1. Bez., Grünangergasse 1, das Novellenfragment aus
2968 863 3086 915 „Die
2101 866 2967 936 dem Nachlaß seines Vaters Artur Schnitzler:
2109 898 3095 972 Abenteurernovelle. Auf Namen lautende Eintrittskarten
2106 940 3087 1017 sind im Sekretariat der Neuen Galerie (R-20-1=48) er¬
2108 1006 2252 1082 hältlich.
2627 1201 2941 1301 EHVEH
2430 1282 2995 1358 Wien, I., VollzeilaNr
2510 1345 2978 1425 Tolofon R-23-0-43
2220 1411 2727 1516 WIENER ZEITUNA
2320 1501 2715 1641 I. FEB. 933
1982 1583 2940 1693 Schnitzlr Vorlefung. Das bisher unbekannte und un¬
1932 1651 2931 1729 veröffentlichte Novellenfragment aus dem Nachlaß Artur
1934 1693 2933 1768 Schnitzlers „Die Abenteurernovelle“, liest Heinrich
1931 1722 2930 1811 Schnitzler Samstag 18 Uhr im Saale der Neuen
1931 1767 2927 1848 Galerie, 1. Bez., Grünangergasse 1. Eintrittskarten sind
1923 1807 2386 1861 im Sekretariat erhältlich.
2260 2042 2890 2129 Wien,ilzeile Nr. 11
2460 2117 2809 2200 n R-23-0-62
2382 2185 2691 2319 Der kag, Wier
2506 2281 2783 2384 1.FEB.
2011 2397 2897 2490 Heinrich Schnitzler liest aus dem Nachlaß seines
2054 2457 2191 2513 Vaters.
2045 2468 2890 2539 * Das bisher unbekannte und unveroffentlichte
2019 2543 2885 2595 große Novellenfragment aus dem Nachlaß Arthur
2016 2580 2875 2629 Schnitzlers „Die Abenteurernovelle“
2025 2625 2890 2670 liest Heinrich Schnitzler am Samstag den
2025 2657 2892 2710 4. Februar, 1 Uhr abends, im Großen Saal der
2018 2695 2880 2751 Neuen Galerie, 1. Bezirk, Grünangergasse 1. Auf
2016 2737 2883 2788 Namen lautende Eintritskarten sind im Sekre¬
2021 2771 2940 2836 iariate der Neuen Galerie (R 20-1=48) erhältlich. 1
2149 2823 2747 2921 WIEN, I., WOLLZEILE 11
2227 2913 2673 2969 TELEPHON R-23-0-43
2029 3038 2386 3118 Ausschnitt aus:
2427 3142 2792 3248 Wieuer Aitresssss
2032 3262 2164 3333 vom:
2353 3301 2724 3415 FEB. 1833
1989 3461 2865 3570 Heinrich Schnitzler liest aus dem Nachlaß
2283 3526 2567 3591 seines Vaters
2018 3559 2844 3657 Das bisher unbekannte und unveröffent¬
1986 3601 2847 3704 lichte große Novellenfragment aus dem Nach¬
1991 3647 2847 3733 laß Arthur Schnitzlers „Die Abenteurer¬
1980 3689 2839 3783 novelle“ liest Heinrich Schnitzler am
1988 3731 2838 3836 Samstag, den 4. Februar, 18 Uhr avends, im
1980 3777 2829 3875 großen Saal der Neuen Galerie, 1. Bez.,
1986 3821 2840 3912 Grünangergasse 1. Auf Namen lautende Ein¬
1968 3866 2836 3974 trittskarten sind im Sekretariat der Neuen
1975 3902 2525 4001 Galerie (B 20=1=48) erhältlich.
