3484 4256
330 133 1320 214 45. Abenteurernovelle
1087 193 1325 250 erenen enenenernene.
1032 804 1259 907 ERYE
900 1010 1419 1128 Rene Piele Preset Wien
941 1152 1005 1235 4
557 1223 1573 1306 (Schnitzler=Vorlesung in der Neuen Galerie.) Es wird
460 1286 1579 1356 darauf aufmerksam gemacht, daß die heutige Vorlesung der nach¬
452 1332 1573 1399 gelassenen „Abenteurer novelle“ von Arthur Schnitzler
454 1378 1576 1438 durch seinen Sohn Heinrich Schnitzler präzis um 18 Uhr in der
457 1413 1355 1484 Neuen Galerie, I. Grünangergasse 1, beginnen muß.
826 1844 1002 1930 Wien,
632 2022 1035 2192 4 FEB. 933
708 2193 1464 2280 — Das bisher unbekannte und unver¬
608 2240 1478 2329 öffentlichte große Novellenfragment aus dem
592 2290 1293 2364 Nachlaß Artur Schnitzlers
1290 2314 1472 2371 „Die
603 2334 1128 2399 Abenteurernovelke“
1127 2345 1471 2415 liest Heinrich
596 2379 1467 2456 Schnitzler heute, Samstag, 6 Uhr im
599 2424 1468 2501 großen Saale der Neuen Galerie, 1. Grün¬
596 2472 1467 2533 angergasse 1. Auf Namen lautende Eintritts¬
587 2504 1458 2600 karten im Sekretariat der Neuen Calerie
608 2547 838 2626 R 20=1=48).
793 2821 1499 2900 Schnitzlers „Abenteuer¬
1017 2880 1292 2960 novelle“
749 2953 1541 3047 Zum ersten Male gelesen von Heinrich
1045 3011 1258 3083 Schnitzler.
754 3083 1575 3145 In der „Neuen Galerie“ las Samstag nach¬
718 3136 1572 3191 mittags Heinrich Schnitzler ungemein
718 3179 1573 3229 wirkungsvoll eine Nachlaß-Novelle seines
724 3210 1572 3268 Vaters vor, ein fast vollendetes größeres
718 3256 1582 3325 Werk von eigentümlichstem Zauber. Es ist
716 3300 1578 3352 die Geschichte eines jungen Edelmannes, der
718 3344 1575 3409 aus der Peststadt Bergamo entflieht und
717 3391 1573 3452 nach mannigfachen Abenteuern in einen
724 3439 1576 3494 magischen Kreis eintritt. Echt schnitzlerisch
725 3479 1573 3531 triumphiert das Schicksal über den
717 3515 1574 3573 Menschen, der einer Prophezeiung zu ent¬
717 3578 1574 3629 gehen sucht. Schnitzlerisch ist auch die
723 3593 1584 3667 Rätselhaftigkeit der Frau, die Zusammen¬
721 3651 1574 3703 hanglosigkeit alles Geschehens, das Spiel
718 3702 1572 3746 mit dem Tod, die Leugnung jeder Konti¬
724 3738 1582 3794 nuität des Lebens. Das Fragment und die
721 3779 1578 3842 vorhandene Skizze des Fehlenden dürfte
724 3822 1573 3883 bald veröffentlicht werden und dann viele
716 3853 1026 3939 Freunde finden.
1405 3871 1545 3931 P. Sti.
1502 136 1845 227 box 6/8
2160 530 2950 622 „OBSERVER'
2239 614 2906 669 I. österr. behördl. konzessioniertes
2216 666 2933 727 Unternehmen für Zeitungs-Ausschnitte
2276 711 2869 786 WIEN, I., WOLLZEILE 11
2358 776 2801 834 TELEPHON R-23-0-43
2157 906 2808 1018 Ausschnit aus: Han Fat. Wien
2492 1083 2564 1163 5.
2645 1082 2734 1181 50
2170 1133 2282 1206 vom:
2157 1279 3014 1429 Bühne und Kunst
2182 1462 2959 1562 Schnitzlers „Abenteurernovelle“
2286 1538 2879 1600 Vorlesung in der Neuen Galerie.
2192 1584 3015 1666 * Im Nachlaß Artur Schnitzlers fand sich die
2149 1646 3018 1712 „Abenteurernovelle“. Zwei Kapitel von ihr sind
2157 1689 3020 1751 vollendet. Gestern las sie Heinrich Schniyzler in
2144 1749 3026 1801 der Neuen Galerie und las nachher auch den
2148 1789 3028 1872 Entwurf der Fortführung und Beendigung der
2145 1850 2299 1905 Novelle.
2195 1864 3025 1951 Die „Abenteurernovelle“, geschrieben im
2142 1932 3019 2004 kleistischen Chronikenstil, begibt sich im 16. Jahr¬
2161 1981 3021 2049 hundert. Sie setzt wundervoll ein. Die Pest ist
2159 2043 3027 2094 in Bergamo. Der junge Anselmo, seiner Eltern
2162 2077 3024 2144 und seiner Daseinssicherheit beraubt, verläßt
2161 2126 3016 2189 das verseuchte Totenhaus und wandert in die
2151 2180 3022 2232 Landschaft, ins Leben hinein. Wie nun auf
2156 2229 3018 2288 diesen jungen, vom Tode gestreiften Menschen,
2159 2277 3017 2343 bereit und gierig, alles, wes da komme, in sich
2163 2326 3026 2389 aufzunehmen, das ganze Dasein mit seiner
2161 2367 3028 2434 rätselhaft undurchsichtigen Schönheit einstürmt
2156 2417 3024 2482 und ihn immer tiefer und tiefer ins Geheimnis
2156 2471 3016 2531 einschlingt, das ist ein bezauberndes Stück
2170 2513 3025 2576 Schnitzlerischer Prosa. Allerlei Motive, die
2170 2571 3027 2625 Schnitzler dann später anders gefaßt hat, klingen
2162 2614 3027 2675 hier auf: ein Spiel im Morgengrauen mit dem
2160 2664 3016 2726 höchsten Einsatz — die Prophezeiung des Todes
2163 2716 3028 2773 und — ein Lieblingsthema Schnitzlers — das
2167 2756 3033 2824 Finden und sich=Verlieren eines leidenschaftlich
2171 2819 3022 2869 törichten Junglings und eines Mädchens, selt¬
2167 2858 3029 2922 sam und berückend aus sich verschwendender Ver¬
2159 2903 2990 2964 lockung und sich bewahrendem Wissen gemischt.
2200 2959 3024 3016 Ob Schnitzler die Novelle dann liegen ließ,
2165 3010 3026 3066 weil sich ihm die Rätsel schließlich zu sehr ver¬
2175 3061 3028 3112 rankten, oder ob er glaubte, das Grundthema
2167 3097 3023 3163 der Novelle: der Mann, der mit seinem Leben
2166 3143 3021 3212 abenteuert und seinem Schicksal zu entrinnen
2165 3201 3019 3252 wähnt, in anderer Form reiner und klarer
2166 3246 3022 3310 formen zu können, das zu untersuchen, ist heute,
2173 3298 3023 3355 da die Novelle unvollendet geblieben ist, ein
2173 3346 3034 3405 müßiges Spiel für Philologen. In ihren zwei
2173 3391 3020 3453 vollendeten Kapiteln hat sie in ihrer gläsernen
2165 3442 3029 3504 Helle zwischen Traum und Wahrheit die schwer¬
2173 3500 3024 3553 mütige Menschlichkeit und die dichterische Farbig¬
2175 3533 2837 3589 keit der besten Schnitzler=Erzählungen.
2207 3591 3018 3639 Heinrich Schnitzler las die „Abenteurernovelle
2186 3632 3034 3686 seines Vaters schlicht und schön. Er brachte die
2176 3687 3039 3740 beiden künstlerischen Elemente Schnitzlers: die
2182 3727 3031 3778 beherrschte Kraft des Ausdrucks und das
2175 3778 3042 3854 staunende Ergriffensein seiner zeitlos jungen
2172 3831 2292 3892 Seele.
2872 3831 3002 3887 o. m. f.
