3344 4256
878 219 1336 312 box 38/4
130 240 729 342 2. Cuttings
165 1367 1295 1455 " Das Vermächtnis. (“ The Heritage.“)
334 1472 1230 1564 A Play in 3 Acts by ARTHUR ScHNiTzLER.
144 1566 1409 1654 Created a profound impression at Vienna, Berlin, and all the
324 1630 1223 1695 theatrical centres in Germany and Austria.
181 1686 1382 1765 Scene: Vienna (can be transferred to any English town.)
524 1769 1052 1834 Time: The present day.
223 1847 490 1926 Synopsis:
376 1898 1413 1970 The family Losatte: father, mother, their sons
148 1936 1414 2028 ACTI. Huge, (26) Lulu (13), and their daughter Franziska,
151 2018 1431 2072 live in a large town in comparative luxury. The plav opens
154 2060 1424 2113 in Hugo’s room, a friend comes to fetch him, finding him
152 2097 1431 2146 out enters into conversation with Lulu, they are soon joined
158 2139 1429 2206 by the other members of the family, and by an aunt and
162 2198 1434 2256 cousin of Hugo. He who is out riding becomes the subject
150 2237 1429 2289 of conversation. They comment on his amiability and are
159 2272 1433 2348 pleased that he is such a general favourite. Still it has been
158 2320 1423 2378 noted by his people that of late he har appeared quiet and
162 2371 1423 2422 absorbed, often as if his real life was led apart from them.
155 2409 1426 2459 Especially has this impression been made on his aunt, his
151 2454 1434 2513 former confidant, and on his cousin Agnes, who is deeply
170 2495 1434 2559 attached to him. Afriend of the family, Dr. Schmidt, a man
160 2557 1427 2604 risen from the masses, cold, unsympathetic, intending to
153 2589 1430 2635 further improve his position by marrying Franziska, arrives
160 2644 1430 2697 and makes some cynical remarks. At last the two girls are
164 2684 1430 2739 left alone, from the window they see two carriages approach¬
162 2730 1431 2791 ing and bet on which will first pass their house. To their
167 2764 1440 2843 surprise and dismay one of the carriages stops at their door,
163 2812 1428 2866 and a man, whom they recognise as Hugo, is carried into the
163 2866 1431 2917 house. He has been thrown from his horse and mortallz
164 2901 1432 2960 injured. Feelirg how near death he is, still conscious, he
172 2940 1435 3020 tells his mother that, not legally married, he has a wife and
177 2989 1425 3050 son to whom he is devoted. He begs her to send for them,
167 3036 1438 3111 that he may say farewell, and extracts her promise to
164 3091 1439 3137 acknowledge them and allow them to live in the house after
165 3143 1432 3187 his death. Hugo’s father, dismayed by the news and by his
177 3187 1440 3234 wife’s promise, decides to fetch the wife and child himself.
163 3213 1432 3279 The death scene where the relatives, the wife and child with
167 3270 1439 3316 their varied emotions, the cold and cynical Dr. Schmidt
168 3312 1448 3386 attending the patient, are all present, is most thrilling and
1911 1309 3186 1369 dramatic. Atthe end Hugo’s mother whispers to her dying
1924 1356 3175 1415 son:" Be at peace, my child; these two, your wife and child,
1917 1413 2374 1483 have found a home.
2136 1463 3179 1530 A week has elapsed since Hugo’s death; the family
1912 1512 3178 1582 ACT II. have accepted the situation, and Toni and her boy
1923 1561 3192 1627 are living in the house. The grand-parents love thechild and
1926 1601 3193 1668 do their utmost to gain his affection; and though not unkind
1916 1669 3187 1711 to Toni make her feel her position. Only Franzisk. and ihe
1922 1695 3191 1755 aunt Emma are really good to her; Agnes, stirred byher love
1925 1738 3191 1804 for Hugo, tries to make a friend of Toni, but jealousv and
1922 1795 3196 1839 conventionality stand in her way. Toni often speaks o“ her
1921 1838 3190 1904 past happiness, and she and Franziska visit the former home
1925 1892 2523 1944 of the happy trio together.
2021 1910 3191 1970 No friends of the family have visited since th. death of
1921 1966 3195 2022 the son, and they feel they are social outcasts in consequence
1925 2005 3191 2066 of the unconventional step they have taken. Dr. Schmidt
1928 2056 3191 2110 considers such action justifiable, and is much shocked that
1932 2091 3199 2153 Franziska has been allowed to go out with Toni. He is told
1935 2152 3203 2206 she is the mother of their grandchild and shares their home.
1926 2181 3197 2243 She retorts that they should have adopted the child, but
1933 2225 3200 2296 thrown over their son’s mistress. The husband of one of the
1926 2270 3203 2337 married friends is announced as a visitor, and the parents go
1929 2316 3207 2366 to receive him. Franziska returns touched bythe signs of love
1933 2369 3200 2420 and devotion she has seen in Hugo’s own home; Dr. Schmidt
1937 2407 3207 2459 reproves her for having gone there with Toni. He says
1927 2451 3211 2521 though friends will give them up, he will remain true to them
1934 2499 3201 2557 in consequence of his attachment to Franziska, whose hand
1939 2546 3213 2600 he asks in marriage. On the parents returning they report
1929 2588 3206 2643 that the friend has intimated that his wife and daughter can
1933 2630 3209 2687 no longer visit. Toni returns bringing photographs, amongst
1945 2675 3208 2746 them one of her late father. This Dr. Schmidt recognises
1939 2720 3209 2789 having attended him in his last illness, he died alone, his
1935 2761 3208 2830 daughter preferring to remain with her lover. Toni replies
1936 2806 3201 2867 that she wishedto visit her father after her union with Hugo,
1943 2857 3212 2912 but he had refused to see her. Suddenly from the ante-room
1937 2897 3213 2954 one hears the child cry for its mother, Toni goes and returns,
1946 2941 3217 3016 excitedly exclaiming that he seems very ill. The doctor and
1939 2986 3217 3048 the family rush in to the boy. Franziska is left alone, and
1948 3049 3216 3094 says:“ Oh, my God, Vou will not take little Franzi from us!“
1939 3084 2378 3168 as the curtain falls.
2170 3127 3217 3193 The boy is dead. A heavy gloom seems to hang
1946 3167 3207 3232 ACT III. over everything. Franziska and Lulu are busy
1945 3234 3223 3295 packing up the child’s playthings during the mother’s absence.
1938 3288 3218 3356 She soon returns looking sad and ill, her only hope that as
3144 4063 3293 4146 W
