3392 4320
1278 298 2249 403 1ie Herren des „utimen Theaters“: sie
1269 378 2245 442 Reiben andauernd füirsorglich bemüht, steis
1270 439 2140 500 Neues, stets interessantes zu bringen.
1371 485 2248 549 „Benignens Erlebnis; von Kuyser¬
1274 523 2255 595 ing. Macterlineks „Interieur“ und die
1273 575 2247 641 Kinder der Sonner von Gorki sind
1272 630 2238 689 lefür Beweis. Aufgube eines „Iutimen“
1270 675 2258 745 Theaters ist es eben, Stücke aufzuführen.
1263 722 2251 775 die, wenn auch nicht Kassaerfolge, doch
1247 773 2259 840 ihres Inhaltes wegen, der gezeichneten Ei¬
1262 828 2260 882 guren willen, auf Grund ihrer Inszenierung
1258 876 2260 932 von künstlerischem Interesse sind oder von
1256 915 2261 972 Schriftstellern herrühren, die ein Iitera¬
1261 972 2262 1019 risches Interesse erwecken und unter allen
1263 1009 2252 1081 Umständen ein Recht besitzen, gehört zn
1266 1073 2269 1132 werden. Ist es z. B. nicht ein beschämender
1254 1129 2262 1185 Skandal für die „Theaterstadt Wien“.
1258 1168 2265 1219 dal die Stücke Arthur Schnitzlers, des
1252 1216 2255 1278 gegenwärtig talentvollsten Wiener Schrift¬
1256 1259 2263 1316 stellers, fast ansschließlich im Ausland
1249 1314 2255 1380 aufgeführt werden, zumindest dort ihre Erst¬
1261 1367 2257 1430 aufführung erleben müssen und daß nur
1258 1404 2263 1477 jene Stücke bei uns Eingang finden, die von
1265 1463 2261 1515 vornherein alle Bedingungen eines Nassn¬
1256 1506 2256 1565 Verfolges aufweisen. Max Halbes Stücke
1264 1558 2267 1627 werden in Berlin, unbeschadet ihrer Bühnen¬
1258 1603 2259 1665 wirksamkeit, aufgeführt. Rein Durchfall
1264 1656 2278 1735 schreckt die Direktoren ab, das jeweilig
1260 1708 2256 1772 neue Werk des Dichters zu inszenieren:
1256 1749 2256 1830 dies fühlen sie sich dem Dichter gegen¬
1268 1804 2263 1870 über schuldig. Schleuther aber schmollt
1260 1848 2268 1918 iter mit Schnitzler. Weisse, der im
1254 1915 2265 1963 Fahrwasser des Bukovies das „Deutsche
1268 1950 2269 2009 Volkstheater“ unabwendlich dem voll¬
373 1947 1127 2043 Bravo, Intimes Theater!
1255 2001 2256 2072 ständigen Ruine zuführt, hat für die Auf¬
1269 2053 2257 2133 gaben seines Theaters kein Verstündnis:
345 2032 1242 2114 Als ich mich von Jahr und Tag. zn
1255 2106 2255 2156 bei Jarno aber türmen sich die literarischen
248 2099 1246 2154 einer Eeit. wo man vongahlen-Seiten das
1262 2144 2258 2217 Stücke zu Bergen. Nichtsdestoweniger soll
257 2148 1246 2209 Untchfangen N- HerinxFelix Fischer
256 2199 1247 2269 spitüsch abtat. wüdrbesten Kräften für die
1257 2193 2257 2254 ihm gesagt werden, dals gerade er das
245 2248 1250 2322 Existen Mieräcbtigung und für die Existenz¬
1266 2254 2257 2323 Beispiel geben müllte und in erster Reihe
250 2302 1236 2366 notwendigkeit des „Iutimen Thenters“
1258 2307 2261 2378 dem Wiener Schnitzler das Wort zn
1254 2344 1611 2410 erteilen hütte.
253 2350 1243 2425 einsetzte, hatte man auch für mich nicht
246 2393 916 2474 mehr als ein Lächeln übrig.
1349 2390 2249 2451 Man mußs kein unbedingter Anhänger
1257 2445 2252 2512 Gorkis sein, seine „Kinder der Sonne“
354 2438 1244 2505 Dr. Ludwig Bauer, den ich als
244 2486 1247 2567 Menschen und Schriftsteller gleich schütze,
1260 2490 2261 2566 werden gewißs wenige in helles Verzücken
243 2551 1236 2609 hat es sogar für notwendig eruchtet, an¬
1252 2546 2259 2612 versetzen, aber selbst einem weit über¬
250 2599 1240 2654 läßlich einer abfälligen Kritik über das
1250 2596 2253 2642 schätzten Gorki muß man die Gerechtig¬
259 2651 1252 2712 „Intime Theater“ in der „Zeit“ auch
1266 2646 2259 2700 keit widerfahren lassen, daß er aufgeführt
250 2699 1245 2767 mir eines zu versetzen. Leicht begreif¬
1258 2690 2268 2744 zu werden verdient. Dieses Recht kommt ihm
252 2744 1242 2798 licherweise gereicht es mir heute zu unso
1265 2747 2255 2794 selbst dann zu, wenn vielleicht auch nicht
247 2792 1250 2862 größerer Genngtnung. feststellen zu können.
1254 2789 2259 2843 die dichterischen Qualitäten ein Werk zur
251 2860 1247 2918 daß die weitere Existenz des „Intimen
1259 2847 2262 2902 Aufführung berechtigten, in diesem Werke
253 2895 1247 2957 Theaters“ gesichert ist und dass das streh¬
1264 2898 2250 2962 vielmehr nur ein Spiegelbild unserer Zeit
239 2942 1252 3018 same Unternehmen heute auf festeren Füßen
1256 2946 2249 3011 wiedergegeben wird. Und weil die „Kinder
247 2989 618 3059 steht, denn je.
1265 2992 2255 3065 der Sonne“ im Sinne eines kaufmännischen
353 3023 1245 3112 Dies verdankt Herr Fischer dem¬
1260 3042 2261 3088 Direktors niemals ein Zugstück werden
250 3081 1241 3164 selben Umstande, der es seinem großen
1253 3099 2251 3158 können, gebührt für die Erfüllung seiner
241 3141 1246 3206 Bruder Jarno ermöglicht, literarischen
1261 3143 2259 3219 Aufgaben dem „Intimen Theater“ volles
253 3193 1246 3252 Intentionen gerecht zu werden. Wenn Jarno.
1253 3184 2263 3250 Lob. Der Fleis, der an die Inszenierung
238 3239 1241 3303 der Große, die französischen Sauglocken
1252 3240 2251 3305 des Stückes verwendet wurde, die Auf¬
237 3285 1247 3354 länten läßt, strömt das Publikum zu Hauf
1257 3293 2242 3367 führung, die alle Anerkennung verdient.
239 3342 1252 3396 ins Haus. Dies gibt ihm die materielle
1252 3346 2252 3411 beweisen den Ernst, mit dem die Unter¬
238 3390 1236 3444 Kraft, der Literatur ihren Obolus zu zollen.
1252 3390 2248 3465 nehmer an der Erfüllung ihrer Aufgabe
1259 3437 1496 3509 arbeiten.
241 3437 1239 3494 Langsam, aber stetig, erzicht er sich sein
238 3481 1248 3552 Publikum. Und dies verdanken er und wir¬
1341 3457 2258 3558 Auch an die Wiener vergilst man in
243 3528 1241 3600 indirekt den französischen Cochonerien.
1254 3532 2249 3605 dem kleinen Hause, nicht. Ein Einakter
249 3584 1237 3647 Nach dem gleichen Rezept ist Herr Fischer.
1258 3590 2254 3658 Auernheimers, „Die Notleine“, ist
247 3641 1237 3695 an dessen Seite sich nunmehr Herr Fried¬
1253 3637 2251 3708 Nacher als die Skizzen, die uns den belicbten
245 3688 1241 3757 mann gesellt, verfahren. Lavedans „Bette.
1258 3690 2253 3753 Schriftsteller so schätzenswert erscheinen
252 3735 1237 3788 das an die 300mal im „Iutimen Theater“
1249 3737 2260 3808 lassen. Rührt eraus Auernheimers erster
248 3783 1244 3842 gestellt wird, gibt den Direktoren die
1253 3778 1898 3859 oder allerletzter Zeit her?
243 3824 1243 3902 Möglichkeit, ihrem Programm gerecht zu
1345 3822 2257 3896 Alles in allem also wird das „Intime
251 3879 1249 3930 werden. Nicht wie die-Direktion des
1248 3853 2253 3940 Theater“ seinem Programm gerecht. Dies
251 3930 1236 3999 „Deutschen Volkstheaters“, die nach
1246 3935 2252 3985 bedeutet in Wien schon eine Tat. Die
244 3980 1239 4041 einem Kassenerfolge eines geistlosen
1252 3983 2258 4052 schläfrige Ode, die über dem Burgtheater
256 4034 1242 4101 Schwankes oder einer Französischen Lasci¬
1250 4030 2248 4100 lastet, das den modernen Autoren mit der
255 4072 2249 4158 vitüt auf ihren Lorbeeren ruht, verfahren Aufführung des „Husarentiebers“ gerecht
3200 144 3291 228 —
2260 317 3249 422 zu werden glaubt, die Versmmpfung des
2261 395 3249 445 „Deutschen Volksthenters“ das seinen
2263 433 3248 501 Namen wie zum Hohne Füihrt, die Schmieren¬
2262 494 3256 553 wirthschaft im „Raimund-Theater“, die
2258 538 3251 605 das Unternehmen füst seinem Ruine zu¬
2266 586 3252 651 führte, diese alle sind keine Ausnahmen
2260 639 3253 687 der Regel, sondern die Regel selbst, dan
2267 688 3255 757 man nirgends in Wien das sich gesetzte
2256 727 3249 811 Programm einhält, es sei denn im — Floh¬
2272 774 2531 856 Theater!
3149 793 3225 860 f.
2715 843 2814 944 ##
