3344 4320
205 238 810 340 2. Cuttings
950 233 1418 321 box 38/4
1624 1313 2022 1408 Telephon 12801.
959 1490 1914 1595 MnMLTRTERTTNTSSTNN
839 1522 938 1598 2
918 1582 2015 1640 I. österr. behördl. konz. Unternehmen für Zeitungs-Ausschnitte
1043 1636 1904 1732 Wien, I., Concordiaplatz 4.
1259 1714 1677 1784 Vertretungen
915 1766 2005 1815 in Berlin, Budapest, Chicago, Christiania, Genf, Kopen¬
906 1810 2007 1864 hagen, London, Madrid, Mailand, Minneapolis, New-Vork,
834 1790 890 1864 5
943 1854 1976 1903 Paris, Rom, San Francisco, Stockholm, St. Petersburg.
1276 1892 1661 1955 (Quellenaugabe ehne Gowähr.
868 1930 1341 2008 Ausschnitt aus:
1385 2012 2013 2101 Leipeiger Tagslatt
837 2046 1075 2109 E vom:
784 2129 1202 2216 Allexander Salkind.
944 2203 2133 2278 Arthur Schnitzler. Eine kritische Studie über seine her¬
936 2237 1242 2312 vorragend
1359 2250 2124 2317 #odernes Verlagsbureau Curt Wigand,
1369 2287 1714 2347 Berlin=Leipzig.
863 2325 2123 2405 Man mag über Arthur Schnitzler denken wie man will, man mag
790 2338 2139 2441 ihn mit Bartels, den „Vertreter der feineren jüdischen Dekadenz“ in
789 2402 2147 2478 her Wiener Gesellschaft, schelten und seinem melancholischen Pessimis¬
787 2454 2126 2501 mus, seiner seelischen Müdigkeit und oft bedenklichen Frivolität nia#
790 2487 2128 2559 sympathisch gegenüberstehen, seine künstlerische Bedeutung wird man
796 2529 2130 2596 nicht leugnen können. Die vorliegende kleine Arbeit darf daher schon
796 2569 2140 2643 insosern anerkennenswert genannt werden, als sie eine knapp gehaltene
796 2609 2133 2661 Einführung in Schnitzlers bisher erschienene Dramen und Novellen
783 2636 2136 2718 bietet und dem weiteren Verständnis des „Anatol“=Dichters die Wege
790 2688 2148 2754 ehnen möchte. Der wortgewandte, wohl noch jugendliche Verfasser, der ##
793 2733 2141 2799 für sein Thema ehrliche Begeisterung und die nötige Kenntnis der
797 2771 2136 2822 Wiener Literaturverhältnisse und Theaterkritik mitbringt, fügt in chro¬
796 2812 2125 2866 noloaischer Reihenfolge Besprechungen der einzelnen Schnitzlerschen
803 2847 2144 2927 Werke lose aneinander und gibt besonders für den, der den stimmungs¬
796 2890 2139 2952 reichen Pocten der „Liebelei“ noch nicht oder nur unvollkommen kennt,
800 2930 2128 2991 ganz hübsche orientierende Inhaltsübersichten. Der kritische Teil ent¬
801 2971 2140 3013 behrt freilich etwas der subjektiven Note und des inneren Zusammen¬
800 3008 2134 3053 hanges: namentlich die Einleitung über Schnitzlers dichterische Per¬
804 3050 2130 3091 sönlichkeit dürfte getrost ausführlicher sein, und auch seine Stellung
801 3091 2128 3143 in der Literatur, sein Verhältnis zu anderen tiefer berücksichtigen. Als
801 3136 2132 3193 ergänzende literaturgeschichtliche Monographie sei das fleißige Büchlein
792 3169 1213 3236 immerhin empfohlen.
1753 3175 2074 3249 D. Metelmann.
773 3223 950 3296 Franz
