3296 4224
1708 99 2423 176 —
1450 120 1593 183 —
971 189 1439 275 box 38/4
226 207 822 298 2. Cuttings
740 710 835 779 581
1325 724 1974 790 Karl Hans Strobl, Arthur Schnitzler
2467 733 2538 791 582
750 843 1616 907 Wedekind sagt: Das Leben ist ein Affentheater.
1666 860 2591 921 Geschehens so überzeugend wie ein Weltgesetz. Ein
688 901 1613 949 Und er gibt seinen Akteuren alle Unverschämtheit
1668 909 2593 965 Gefüge ohne Lücke. Hier ist das Erstarren des
688 940 1624 1003 und Frivolität, die man in zoologischen Gärten be¬
1673 943 2590 1011 Spielers vor der Wahrheit seines Spieles. Und
699 990 1618 1038 wundern kann. Schnitzler ist gesitteter. Er sagt:
1673 992 2592 1037 hier findet sich jener Satz, der die Beatrice zu kenn¬
695 1035 1622 1074 Das Leben ist ein Puppenspiel. Auf dieser när¬
1675 1036 2593 1084 zeichnen bestimmt ist, zur allgemeinen Gültigkeit er¬
695 1075 1622 1116 rischen Bühne sind wir alle Marionetten. Und der
1677 1086 2589 1142 hoben: „Es ist alles nur im selben Augenblick wahr.“
699 1119 1620 1168 Puppenspieler selbst nicht anders als seine Puppen.
695 1156 1622 1221 Nur daß er das Vergnügen des bewußten Betruges
1724 1159 2582 1236 In diesem verwirrenden Spiel sind nur zwei
696 1212 1624 1253 vor ihnen voraus hat. Anatol gelingt es, seine
1671 1229 2590 1286 Dinge gewiß: das Leben und der Tod. Leben und
695 1251 1622 1311 geliebte Cora zu hypnotisieren. Sie antwortet auf
1671 1276 2584 1326 Tod sind die beiden Angelpunkte unseres Denkens.
689 1288 1624 1353 alle Fragen. Und nun hat Anatol die „Frage an
1670 1313 2588 1356 Und sie sind die beiden Pole unserer Dichtung.
697 1340 1618 1388 das Schicksal“ frei. Die große Frage: ob sie treu
1665 1353 2586 1400 Selten aber ist die Linie, die sie verbindet, bei einem
694 1374 1626 1433 sei. Aber — er tut diese Frage nicht. Er zieht es
1668 1400 2596 1459 Dichter so stark und bestimmt wie bei Schnitzler.
693 1426 1623 1477 vor, im ungewissen zu bleiben. Er betrügt sich selbst
1657 1454 2593 1500 Fast alle bedeutenden Worte, die seine Personen
686 1468 1619 1526 als genialer Spieler, der seiner Szene immer noch
1662 1490 2595 1532 sprechen, betreffen, wenn nicht das sonderbare, krause,
696 1507 1210 1573 eine Möglichkeit offen läßt.
1670 1546 2598 1589 zitternde Arabeskenwerk der Träume, so die große,
1666 1582 2592 1623 grause, unerbittliche Realität des Gegensatzes zwischen
755 1603 1615 1658 „Es ist doch die schönste Art, sich über die Welt
1659 1623 2590 1665 Leben und Tod. Immer, wenn von der Bühne herab
689 1658 1618 1700 lustig zu machen; einer, der uns vorspielen kann,
1658 1664 2597 1723 ein Aphorismus gesprochen wird, wenn etwas wie ein
690 1704 1626 1754 was er will, ist doch mehr als wir alle,“ sagt der
1664 1708 2589 1757 Zitat aufblitzt, geht es diese beiden Themen an.
694 1743 1607 1800 Herzog im Grünen Kakadu“. „Der grüne Kakadu“
1663 1749 2596 1799 Sie sind die einzigen, die Schnitzler zu einer dem
685 1783 1621 1845 ist ein Revolutionsstück. Es ist Schnitzlers größter
1681 1797 2597 1838 Skeptiker eigentlich fremden schillerschen Gebärde
688 1830 1618 1873 dramatischer Wurf. Andere Stücke sind feiner, zärt¬
1665 1840 2585 1888 verführen. Über alle anderen Angelegenheiten spricht
682 1877 1605 1938 licher, beflissener, uns zu gewinnen, im Dialog be¬
1673 1885 2589 1932 sich Schnitzler durch Paradoxe aus. Man weiß, wie
689 1922 1606 1970 deutender oder im Gedanken abseitiger. „Der grüne
1672 1928 2579 1971 Paradoxe entstehen. Sie sind kristallisierte Wahr¬
692 1961 1619 2005 Kakadu“ ist der gewaltigste Wurf. Er zeigt den
1668 1968 2596 2016 heiten von der Dauer eines Augenblicks. Ihr Reiz
677 2008 1612 2064 ganzen Gedankenkompler vom Puppenspiel in einigen
1656 2015 2580 2073 ist die Vergänglichkeit. Aber über Leben und Tod
679 2052 1608 2100 wilden, grandiosen Szenen. Manchmal webt Schnitz¬
1665 2061 2578 2103 möchte Schnitzler so etwas wie eine immer gültige
674 2094 1606 2141 ler Teppiche, klöppelt Spitzen oder schleift Nasier¬
1661 2103 2590 2159 Wahrheit sagen. Eine Wahrheit mit Ewigkeitswert.
685 2138 1615 2195 messer. Nirgends ist er so gedrungen, so kraftvoll,
1657 2144 2581 2203 Für einen Skeptiker ist das ein seltsames Beginnen.
683 2180 1608 2238 so wuchtig. Man zittert im Innern vor dieser Hand¬
1655 2189 2583 2232 Es macht ihn sozusagen sich selbst untreu. Darum
689 2231 1609 2285 lung, die in der schwülen Atmosphäre einer Kneipe
1664 2241 2579 2299 schleicht sich manchmal hier ein Hauch von Pose ein,
676 2271 1606 2325 vor sich geht. Ein Spelunkenwirt, ehemaliger
1662 2280 2593 2337 eine leichte Witterung des Pathetischen, die Schnitzler
684 2316 1609 2361 Theaterdirektor, der die Aristokraten haßt, der ihnen
1654 2321 2127 2387 sonst vorsichtig vermeidet.
677 2360 1606 2399 aber allabendlich ein köstliches Schauspiel bereitet.
1709 2359 2571 2423 Er hebt die Hand: nun kommt etwas! Acht¬
683 2403 1610 2452 Die frivole Gesellschaft des Paris vom Vorabend
1651 2423 2580 2468 geben, meine Herrschaften . .. das steht Schnitzler
681 2444 1606 2498 der Revolution. die unersättlich nach immer neuen
1652 2459 2584 2507 nicht gut. Aber diese Dinge sind ihm so wichtig,
1662 2501 2585 2562 daß ihm, der sich sonst so bewußt beherrscht, so genau
679 2533 1610 2589 lüstiges Vergnügen, in dieser Spelunke einzukehren,
1666 2539 2580 2600 beobachtet, nichts auffällt. Etwas spricht da mit,
685 2577 1614 2631 in der herabgekommene Mimen sich als Verbrecher
1673 2590 2578 2640 etwas Rührendes. Mit diesen Schauern vor der
671 2620 1608 2682 aufspielen. Henri, der geniale Kerl, der sein Weib,
1655 2635 2575 2688 einen, einzigen Gewißheit unserer Existenz, von der
673 2664 1522 2712 die Dirne jedermanns, rasend liebt und heute
1656 2675 2581 2736 Gegensätzlichkeit von Leben und Tod, stillt Schnitzler
682 2712 1607 2768 letztenmal auftritt, um morgen mit ihr auf das
1666 2721 2582 2780 sein metaphysisches Bedürfnis. Er hat kein anderes.
681 2744 1605 2814 Land zu ziehen — von Paris fort, von Peris fort!
1658 2759 2587 2822 Gott? Unsterblichkeit? Ja, selbst der kategorische
680 2799 1613 2848 Man weiß, daß sie ihn betrügt, noch heute verrügt.
1656 2802 2589 2865 Imperativ, als ein sehr willkommenes Ersatzrequisit,
679 2844 1605 2898 Und nun die große Szene, in der seine Kunst den
1660 2854 2578 2894 fehlt! Der sichere Mann, der Idealist sagt wie
667 2898 1598 2940 unerhörtesten Triumph feiert. Selbst seine Zunft¬
1660 2903 2577 2952 Max im „Ruf des Lebens“: „Wer nur an sich
672 2934 1601 2990 genossen glauben ihm die schrecklich gespielte Lüge,
1657 2946 2581 2998 denkt, stirbt in jedem Augenblick; wer die Zu¬
1648 2984 2580 3029 sammenhänge begreift, lebt ewig.“ — Ah — es ist
676 3018 1601 3069 Cadignan, den er mit seiner Frau ertappt hat. Und
1646 3024 2576 3084 etwas Schönes um das Begreifen der Zusammen¬
679 3065 1599 3106 dann das langsame Erkennen, daß er mit seinem
1640 3073 2565 3125 hänge! Auch ein reizvolles Spiel. Aber die Wahr¬
675 3105 1610 3149 Spiel die Wahrheit getroffen habe. Und nun tritt
1642 3117 2577 3157 heit, die Gewißheit ist, was Albrecht im selben Stück
677 3144 1600 3196 der Herzog herein, und die Lüge wird nun Wirklich¬
1648 3162 2576 3201 sagt: „Nichts kommt nach uns. Alles stirbt mit uns.
675 3190 1598 3242 keit. Henri stößt dem Herzog seinen Dolch in den
1651 3199 2580 3260 Unser eigener Mörder, während er uns den Dolch
677 3237 1604 3291 Hals. Draußen ziehen brüllend die Sieger heran,
1645 3244 2578 3305 ins Herz gräbt, stirbt mit uns.“ In diesen Schauern
675 3281 1600 3322 das Volk, das die Bastille erstürmt hat, mit dem
1642 3299 2568 3356 wird Schnitzlers metaphysisches Bedürfnis befriedigt.
673 3327 1604 3375 Kopf Delaunays auf einer Stange. Der Dichter
1645 3331 2567 3380 Überall, wo Schnitzler tragische Wucht erstrebt, ver¬
673 3365 1595 3406 Rollin aber sagt: „Was wetten wir, daß alles
1650 3383 2567 3430 wendet er diesen Gegensatz und Ableitungen aus
674 3407 1605 3470 arrangiert ist? Die Kerls da gehören zur Truppe
1656 3425 2577 3470 ihm. Er steht im Mittelpunkt seiner Dichtung.
675 3458 1595 3520 von Prospère. Bravo, Prospère, das ist dir ge¬
1654 3460 2570 3530 „Namenlos erschreckt“ durch des Daseins Wunder,
672 3497 837 3562 lungen.“
1652 3507 2567 3573 „vor der Buntheit dieser Welt in Andacht hin¬
722 3537 1598 3592 Hier ist alles im Brennpunkt vereinigt. Alle
1650 3563 2578 3602 gesunken“, zieht er aus ihm nicht nur Schauer, sondern
666 3591 1600 3635 Erregungen und aller Wahnsinn des Spieles, alle
1656 3604 2566 3671 auch Genüsse. „Nie mehr übers Feld sprengen in
670 3635 1593 3698 Dummheit und alle Weisheit des Zufalls, hier sind
1642 3651 2574 3705 lichter Frühe, den Himmel überm Haupt — nie
664 3684 1600 3735 die Fäden so vielfach verschlungen und doch jeder in
1647 3690 2568 3747 mehr an blühenden Lippen hängen, vom Dufte
664 3725 1592 3775 seinem Verlauf so klar. Hier ist die Brutalität des
1634 3730 2566 3801 zitternder Brüste umweht, — kein Laut lebendiger
