3344 4352
178 212 795 321 2. Cuttings
937 199 1391 298 box 38/4
1575 240 2328 311 traggono principalmente l’argomento
2385 244 3091 337 Negli ultimi anni la produzione
1584 303 2321 378 loro da casi della vita moderna a
2335 303 3099 369 letteraria dello Schnitzler & rimasta
1586 345 1772 395 Vienna.
2350 359 3089 421 nell’ambito delineato cosi dalla eri¬
1616 379 2326 445 Col Telo di Reatrice lo Schnitzler si
2355 399 2467 450 tica.
1572 432 2333 497 e voluto provare al gran dramma di
2386 434 3098 505 Lebendige Stunden (10oz), Reigen
1576 482 2317 532 ricostruzione d’ambiente storico, po¬
2345 472 3100 550 (1004), contengono scene dialogate
1567 527 2329 585 nendo i suoi personaggi su lo sfondo
2332 521 3096 587 che talvolta, come in Die Frau mit
1579 568 2324 628 del rinascimento italiano: il dramma
2340 572 3099 633 dem Dolche, Die Letsten Masken, Lite¬
1574 614 2316 671 svolge la psicologia strana di Bea¬
2338 622 3098 675 ratur, hanno il vero carattere di una
1577 654 2325 717 trice, giovinetta del popolo bolognese
2340 667 3101 729 commediola scritta con gusto satirico,
2335 701 2786 769 con ironia profonda.
1579 709 2322 757 che si fa sposare dal vecchio duca
1566 741 2320 805 Bentivoglio, fa uccidere dalla dispera¬
1574 791 2332 834 zione un giovane artigianoche l'adora,
1572 837 2339 896 spinge alsuicidio l'amante suo Filippo
1577 876 2282 939 Loschi, uno spirito eletto di pocta.
1615 925 2285 981 Frau Berta Garlan (10o1) S 1
1573 968 2337 1021 novella di maggior lena scritta dallo
1581 1010 2326 1068 Schnitzler:di essa nella Naoca Aufo¬
1569 1056 2334 1113 7ogia ha gia parlato, insieme al capo¬
1573 1101 2331 1142 lavoro dello stesso autore Zeutnanf
1573 1145 2327 1198 Gusd (roor), Guido Menasci (16 aprile
1568 1195 2336 1244 1002). Lo stesso nostro collabora¬
1570 1240 2331 1285 tore ha alfine cosi definito lo serit¬
1576 1278 2325 1332 tore di cui ora ci occupiamo: & L’arte
1575 1319 2328 1365 dello Schnitzler ora sorride alla vita,
1572 1361 2324 1423 ma nei sorriso trovereste una piega
1573 1416 2329 1469 amara; Ora spazia nel dominio del
1571 1447 2319 1510 sogno; ora scruta un caso difficile
1571 1494 2326 1555 di psicologia, ora una delle situazioni
1565 1550 2322 1594 crudeli, ironiche, comiche, create dai
1569 1588 2320 1645 milie pregiudizii sociali; ora affronta
1558 1630 2319 1682 gravi problemi, ma sa presentarli
1566 1675 2330 1747 come di scorcio in modo pure da
1557 1704 3129 1807 farne intender tutia l’importanza; o GCaD
1571 1766 2325 1813 si chiede coll'lbsen se l’uomo sia piü
1563 1805 2323 1867 felice quando conosce tutta la verità;
1571 1861 2316 1910 ora con cento aspetti leggiadri, mo¬
2400 1839 2489 1914 —
1576 1896 2332 1963 stra come l'anima si piaccia nel ginoco
1564 1931 2150 1998 Eingannevote della fantasia
2376 1924 3086 1989 Der einsame Weg (La via solitaria)
1601 1978 2319 2042 & Per questa materia viva ed agile
2335 1989 3091 2039 (1004) & un dramma che rammenta,
1560 2028 2320 2088 come la vita, ricca di sorprese come
2335 2034 3084 2099 per quanto la fine sia sostanzial¬
1564 2075 2324 2118 il dominio dei sogni, lo Schnitzler
2337 2073 3081 2135 mente diversa, i1 Marchese di Priola
1567 2113 2323 2177 ha trovato un tipo proprio; ildramma,
2341 2119 3092 2167 del Lavedan. Giuliano Fichter ha
1562 2170 2324 2224 il romanzo, la novella, l’atto unico
2324 2166 3075 2218 vissuto egoisticamente da scapolo;
1555 2203 2307 2265 da lui prediletto mi pare si possan
2326 2212 3090 2275 giunto agli anni tristi della solitaria
1565 2246 2325 2307 tutti ridurre ad una forma concisa di
2338 2246 3090 2313 vecchiaia, vorrebbe avere attorno a
1558 2296 2328 2352 novella dialogata. Qualche artifizio
2337 2288 3091 2356 se un figlio che egli ebbe dalla donna
1557 2349 2325 2402 scenico renderebbe il racconto at¬
2324 2342 3092 2397 amata in giovinezza, e allevato da lei
1554 2380 2314 2435 traente e vitale alla ribalta; una
2327 2385 3093 2450 e dal suo marito, II figliuolo, che
1565 2439 2326 2498 maggior Chiarezza di esposizione, una
2326 2433 3091 2489 pure ha provato pel Fichter qualche
1556 2472 2314 2534 parte maggiore data alla narrativa
2329 2465 3087 2523 simpatia, quando sa della paternità, si
1558 2510 2314 2573 ricondurrebbe lo scritto alla novella
2327 2522 3091 2582 allontana da lui perche sente mag¬
1567 2563 2310 2623 comune. Ma in tal modo perdereb¬
2334 2559 3091 2630 gior riconoscenza verso l’uomo che
1557 2612 2321 2658 bero la originalità loro; quindi cosi
2336 2607 2899 2657 lo ha allevato ed educato.
1569 2654 2321 2712 come sono piacciono per questo ca¬
2383 2652 3077 2716 Zwischenspiel (L’intermezzo) fu rap¬
1564 2689 2318 2761 rattere derivante non dal capriccio
2335 2703 3072 2751 presentato la prima volta il 12 otto¬
1564 2742 2316 2793 artistico, ma dalla maniera con cui
2342 2734 3081 2793 bre 1005 al Burgtheater di Vienna
1558 2782 2314 2853 la visione si atteggia nello spirito
2339 2787 3088 2841 ed i nostri lettori possono giudicarne
1565 2822 1929 2891 dello scrittore 9.
2329 2824 3092 2899 #heil accurata versione di G. . Nani¬—.
2382 2866 3082 2941 Un recente lavoro delio Schnitzler
2340 2929 3099 2995 & Der Ruf des Lebens (II grido della
2347 2974 3095 3031 vita): fu dato come primizia il 26 feb¬
2341 3017 3084 3070 braio dello scorso anno al Lessing¬
2337 3057 3093 3116 Theater di Berlino, e di recente la
2335 3105 3099 3169 casa editrice berlinese S. Fischer,
2350 3143 3088 3206 presso cui é edita tutta l’opera dello
2342 3191 3099 3268 Schnitzler, ha pubblicato il dramma
2348 3243 2617 3298 in volume.
2396 3266 3092 3338 Nel dramma & trattata in maniera
2341 3330 3097 3384 forse un po' troppo rude la questione
2337 3371 3096 3435 grave del celibato femminile dall'a¬
2351 3417 2923 3477 spetto fisiologico e sociale.
2392 3442 3100 3522 Non sappiamo come sarà giudicata
2343 3506 3088 3565 dai lettori la chiusa dell'#ulermesso.
2350 3545 3093 3607 Dalle parole di Cecilia e pensando al
2353 3588 3098 3657 suo carattere, si prevede che i due
2351 3632 3099 3694 coniugi si riuniranno, ma la donna
2353 3676 3098 3734 inlligge al marito un castigo che potrà
2355 3732 3101 3774 essere giudicato piuttosto duro da co¬
2354 3771 3105 3830 loro che sono avvezzi a vedere l’ar¬
2351 3815 3105 3881 rendevolczza e il sacrifizio sempre
2351 3845 3109 3908 piuttesto dalla parte della moglie. In
2346 3889 3104 3954 un'altra versione, lo Schnitzler ha vo¬
2353 3939 3116 4011 luto rappacificar gli sposi sulla scena F
2356 3984 3108 4048 e mandare a casa gli spettatori piü
2360 4011 3108 4090 soddisfatti. La prima chiusa & pin
2349 4067 3104 4140 originale, sebbene risenta lontana¬
2353 4117 3112 4179 Sihfeite den Tiseh: in secontin pit tra¬ 2
