3296 4320
177 185 777 287 2. Cuttings
759 2885 827 2957 *
895 175 1378 275 box 38/4
976 999 2380 1072 wohl aus einem Nichtkönnen, als aus einem Anderswollen heraus.
966 1045 2373 1123 Er will nicht getreu sein, sondern modern, will werben, nicht dar¬
968 1082 2386 1173 stellen. So nimmt er sich die Freiheit zu kürzen, auseinanderzureißen,
973 1131 2372 1196 neu zusammenzufügen, die Freiheit, die Bildgebung, den Gedanken¬
972 1184 2370 1236 gang, den Rhythmus zu ändern, wie es seinem anderen, eben seinem
961 1221 2385 1274 Sprach= und Bildgefühl zusagt. Darüber läßt sich schwer streiten,
961 1273 2372 1334 weil es um Grundsätze geht. Ein kleines Beispiel sei gegeben, an
960 1305 2384 1406 dem die Ansichten sich klar scheiden. Die erste Strophe des Gedichts
971 1352 1531 1425 „Ende“ gibt er so wieder:
1385 1407 1977 1506 Liegt die Lampe zerschmettert,
1377 1478 1917 1531 Wird das Licht zu Staub,
1377 1498 1965 1567 Wenn die Wolke verwettert,
1379 1550 1873 1613 Wird der Donner taub,
1377 1596 1944 1643 Ist die Zymbel zerbrochen,
1374 1642 1957 1682 Keiner hört mehr den Ton —
1378 1678 1962 1741 Haben die Lippen gesprochen,
1367 1718 1896 1778 Ist die Stimme entflohn.
1061 1756 2359 1856 In einer dem Sinn und dem Rhythmus sich genauer anpassenden
939 1819 1760 1899 Uebertragung würde sie aber lauten:
1372 1886 2000 1970 Wenn die Lampe zerschmettert,
1371 1939 1944 1997 Erlischt das Licht im Sand;
1366 1970 1955 2031 Wenn die Wolke verwettert,
1369 2023 1945 2079 Verblaßt ihr farbiger Rand.
1367 2049 1920 2114 Liegt die Harfe zerbrochen,
1386 2092 2019 2162 Wer kennt noch den süßen Hall;
1364 2122 1957 2183 Häden die Lippen gesprochen,
1368 2169 2016 2249 Verklang auch der Liebe Schall.
1041 2227 2348 2306 Die sinnliche Schärfe und gedankliche Klarheit, die beiden Kenn¬
949 2282 2353 2342 zeichen großer Poesie, sind in W.'s Versen verwischt ins Halbver¬
950 2326 2362 2380 ständliche (wird der Donner taub) oder Gemeinplätzige (ist die Stimme
952 2373 2355 2455 entflohn). Freilich sind sie in dieser Verwaschenheit gepaart mit
943 2404 2353 2490 lautlichem Wohlklang zugänglicher als die beschwerteren Verse
953 2460 2354 2520 Shelleys. Hier ist nicht der Ort, mehr darüber zu sagen. Diese
942 2506 2352 2569 Ausgabe kann schon um der Schmalheit ihrer Auswahl willen nicht
952 2536 2344 2622 der endgültige Versuch sein, Shelleys fragmentarisches großes Werk
938 2596 2352 2648 ins Deutsche herüberzunehmen. Für die Anregung und ihre vor¬
947 2644 2279 2727 nehme äußere Form haben wir nur zu danken. Kurt Busse.
937 2765 2349 2850 Richard Specht, Arthur Schnitzler, Der Dichter und sein Werk.
1058 2821 2116 2895 Eine Studie, Berlin, S. Fischer, 1922, 350 Seiten.
1041 2858 2349 2944 die schon zum fünfzigsten Geburtstag Arthur Schnitzlers ein
941 2897 2343 3002 40 Musikschriftsteller mindern Ranges, Julius Kapp, das erste
940 2959 2354 3037 umfänglichere Buch über ihn vorgelegt hat (Leipzig 1912), so ist es
932 3013 2333 3086 auch jetzt wieder ein ansonsten nur mit Tonkünstlern beschäftigter
935 3053 2341 3123 Autor, der die offizielle Geburtstagsgabe für den Dichter und sein
935 3101 2346 3168 Publikum verfertigt hat. An Umfang läßt sie es nicht fehlen, auch
934 3136 2343 3215 nicht am Bestreben, dem Geburtstagskind möglichst viel Verbindliches
930 3204 2344 3259 zu sagen und mit Lärm und Grobheit jeden Widerspruch aus dem
938 3234 2347 3305 Feld zu schlagen. Zwar hat ein Dichter von Schnitzlers Rang und
931 3280 2336 3347 Ansehen solchen Kämpen nicht nötig, als welcher ihm bei geschmackvollen
935 3321 2337 3403 Leuten wohl eher Schaden als Nutzen zufügt; indes läßt man sich
