3392 4352
976 203 1458 306 box 38/4
221 220 852 324 2. Cuttings
2041 1033 3053 1124 den Schutz gegen Vervielfältigung und Wiever¬
3017 1069 3408 1168 versammlung hie
505 1069 3050 1136 Lüdel Zentratrußland und breitet sich über den ganzen Osten gabe durch Musikmechanismen nicht im Wege einer Inter¬
3018 1139 3388 1202 in der er unter
524 1052 1809 1230 bnte den Genen ui etnstcherng uen ertentisten bung
1893 1184 3394 1245 So natürlich und einfach diese Antwort war — oder viel= angenehmen, weil
520 1222 1801 1286 die Gestalien Orpheus, Christus und Genius verkörpern sollte.
1778 1234 3371 1288 leicht gerade deshalb — erschien sie mir wie eine Offenbarung, deutlich hervor,
637 1278 3380 1325 Auch eine große vaterländische Romantrilogie „Oesterreich“ wie ein heller Sonnenstrahl, der die Frauenfrage von der ethischen Bevölkerung die
521 1310 1640 1395 bereitet die Dichterin als nähste Arbeitsausführung vor.
1777 1325 3381 1382 Seite scharf beleuchtete. Klar trat der überzeugende Gedanke zu. worden ist. Ich
644 1370 3409 1433 Auf meinen Wunsch zeigt sie mir das Manuskript ihres tage, daß die echte Frau, die ihre Lebensaufgabe ernst und ziel= Arbeitsminister ###
522 1412 3383 1482 großen Epos „Robespierte“, jener gewaltigen Dichtung, die den bewußt auffaßt, nicht zwei Beruft ausfüllen kann. Und welcher achtet, einen ernst
520 1458 3394 1529 Namen der delle Grazie vor allen anderen in die allererste Reihe von den beiden natürlicher, wichtiger und staatserhaltender ist, — auf diesem Gediet
511 1512 3382 1581 der modernen Versepik stellt. Sie hat an dem Werke zehn Jahre darüber habe ich im stillen meine eigenen Gedanken.[Gesetzentwu
3026 1567 3398 1649 zusammentritte vor
528 1566 2775 1649 geschrieben, von ihrem 19. bis zu ihrem 29. Jahre. Während Und sollte  ich einmal nach dieser Richtung
2804 1576 3042 1639 inter¬
524 1609 3047 1713 dieser langen Zeit gob sie sich mit all ihren Sinnen, ihrer ganzen viewt werden, so bin ich sehr bereit, dieselben sehr deutlich
3133 1625 3357 1689 (Fortbildu
523 1653 2077 1719 Kraft dieser Arbeit hin, sie ließ sich durch nichts ablenken, durch auszusprechen.
3018 1649 3288 1733 Privatlehrerin
522 1701 1803 1778 nichts zerstreuen, sie verließ Wien, mit Ausnahme einer Reise
3032 1714 3306 1769 Hof 11, eröffne
1882 1713 3348 1807 Die delle Grazie steht heute so hoch als Dichterin, als Kurse für Sprach¬
524 1748 2018 1824 nach Italien, nicht für einen einzigen Tag, weil sie an ihrer Ausnahme -
1995 1783 3322 1852 — und bekanntlich bestätigen Ausnahmen die Regel äquivalente Vor
516 1797 1787 1869 täglichen Arbeitszeit eisern festhielt. Sie hatte mit ihrem Verleger,
1835 1824 3307 1871 sie hätte wohl das Recht, sich für ihren eigenen Gedanken= und klub. Leitung
516 1852 3274 1949 Breitkopf & Härtel, eine bestimmte Lieferungszeit fir das Epos Gefühlsstaat eigene Gesetze zu schreiben, die mit den allgemeinen Dienstag 18
3021 1908 3302 1963 Harmonielehre,
522 1900 3347 1954 vereinbart. Durch seine dringende Bitte, den letzten (24.) GesangAnsichten nichts zu tun haben — aber sie wäre keine so tief= Jeden Freitag=½
525 1948 1785 2005 rasch fertigzustellen, stürzte sie sich in rasende Arbeit, schrieb
1773 1971 3356 2044 gründige, tiefempfindende Dichterin, wenn sie — obigen Aus= für Mitglieber der
518 1997 1775 2064 von 8 Uhr morgens bis ½1 Uhr nachts fieberhaft
3019 2016 3131 2076 Kr.
1775 2020 3032 2101 spruch nicht getan hätte. Ich speziell lege ihr dafür meine be¬
3209 2026 3390 2083 monatlich
519 2038 1782 2107 und schildert mir nun, daß sie nachher, als die Arbeit vollendet
3029 2045 3377 2134 Dienstag den 27. d
1785 2058 2375 2139 sondere Verehrung zu Füßen.
517 2101 1784 2154 war, das trostlose Gefühl unsäglicher Verlassenheit verzweiflungs¬
3030 2102 3300 2177 phon 13.303.
1867 2110 3039 2193 Wir begnen uns in der Ansicht, daß die Frau eine
520 2134 1790 2193 voll gepackt hatte. Es kam ihr plötzlich zum Bewußtsein, des sie
3112 2141 3396 2229 (Eröffnun
1761 2159 3029 2253 tüchtige, gesunde Bildung braucht, daß sie für das Leben und für
518 2178 1796 2258 die schönsten zehn Jahre ihres Lebens ihrer Arbeit geopfert und
3016 2177 3393 2276 Gestern wurde in
1766 2218 3398 2319 den Lebensrampf offenes Auge und offenen Sinn haben mus, Türnitz durch Lan
508 2236 1793 2299 daß sie einen steten Kampf gegen ihre Jugend und gegen alle die
1772 2266 3043 2342 daß sie ihrem Gatten der furchtlose Kamofgenosse, ihren Kindern
520 2289 1780 2344 natürlichen Freuden, die diese zu fordern berechtigt gewesen, gekämpft
3009 2299 3407 2372 öffnungszug wurde
1782 2308 3049 2382 der wohlgerüstete Erzieher sein müsse. Wir sprechen auch noch
516 2334 1784 2419 habe. Es war ihr, als seien #lle dahin, mit denen sie gelebt,
1770 2356 3367 2433 über die Koedukation. Die Dichterin spricht aus eigener Er= Endstation Türnit
515 2382 1236 2454 geliebt, gekämpft und gelitten hatte.
3016 2400 3407 2460 Abschluß. Ein Teil
1770 2404 3410 2505 fahrung, sie ist mit Mädchen und Buben in die Schule ge¬ Gstettenhofe der le
627 2424 1795 2509 Wir sprechen nun über ausländische Literatur. Mit heller
1773 2451 3033 2536 gangen und rühmt den naiven, freien, unverdorbenen Ton im
514 2481 1770 2547 Begeisterung äußert sich die delle Grazie über Flaubert und
3014 2492 3406 2574 Toni Schläge
1764 2502 1963 2580 Verkehr.
518 2535 1789 2598 sein Hauptwerk „Salambo“, über die lebendige Pracht seiner
3117 2543 3408 2615 (Der Zeit
1872 2558 3409 2654 Auch die sexuelle Aufllirung wird besprochen. Die delle Persien melbeten d
521 2582 1785 2640 Metaphern, über die Glut seiner Schilderungen und die starke
1783 2598 3047 2692 Grazie behandelt auch dieses Thema äußerst seinfühlig. Sie hält
508 2622 1783 2705 dramatische Kraft seiner Dichtung. Zola ist ihrer Ansicht nach
3026 2650 3367 2713 Mohammed Ali¬
1783 2674 3026 2740 es für wichtig, nicht zu general#ren. Besonders sensitive Kinder
507 2677 1785 2738 der größte Epiker Frankreichs und hervorragend sowohl durch
3018 2690 3408 2761 gegeben und die E
1776 2713 3026 2779 aufzuklären, sei höchst bedenklich. Es gäbe allerdings Kinder, die
522 2725 1782 2794 den Mut seiner Ueberzeugung, durch den scharfsinnigen Blick in
3023 2746 3406 2807 für den 14. Nover
1775 2761 3032 2830 aufgeklärt werden müssen. Aber im ganzen und großen stimme
514 2770 1781 2846 die Zukunft, als auch durch die große Gabe des Symbolisierens,
3013 2786 3408 2860 er tun konnte. Ei
1775 2809 3042 2868 sie doch für die Wahrung der Scheu vor dem mysterium
520 2822 1780 2889 die er mit Dostojewsky gemeinsam hat. Ich bin begierig, wie
3020 2839 3408 2905 hätte er in der ga
1761 2856 2000 2928 maghum.
509 2879 1786 2951 die delle Grazie über die Frauenfrage denkt und wir vertiefen
3026 2880 3406 2951 sehr bezeichnende
1876 2901 3023 2972 Ich hätie noch stundenlang fragen, genießen und mich be¬
518 2929 1785 2989 uns sofort in dieses Thema. Zu meiner Freude äußert sich die
3007 2924 3408 3009 der „Lokalanzeige
517 2967 3030 3028 Dichterin äußerst gemäßigt, sie ist keine Frauenrechtlerin par lehren lassen können. Aber ich darf die liebenswürdige Güte der
3027 2976 3131 3043 „L
3191 2984 3362 3042 straße
2392 3010 3020 3086 Nun weiß ich, wie sie ist, die
516 3008 2337 3074 excellence, wenngleich sie selbstverständlich jeden Fortschritt Dichterin nicht mißbrauchen.
3012 3007 3385 3096 wahl hochfeiner
517 3052 2909 3128 kräftig befürwortet. Aber sie ist keine blinde Parteigängerin. Die Dichterin delle Grazie, und ein Dichterwort drücke es aus:
3008 3074 3406 3137 Köchinnen, Hausma
519 3110 1800 3158 ethische Seite der Frauenfrage ist ihr mindestens so wichtig wie
2043 3111 2643 3185 Wo Strenges sich mit Zartem,
3025 3127 3409 3190 Löhne in vornehm
2024 3153 2738 3239 Wo Starkes sich und Mildes paarten,
507 3155 1792 3216 die soziologische und als ich sie frage, warum sie selbst nicht ge¬
3025 3175 3391 3245 werden sich hoffen
2029 3212 2633 3280 Da gibt es einen guten Klang.“
512 3214 1804 3264 heiratet habe, erwidert sie mir freimütig: „Weil es mir bei
2985 3203 3409 3306 Herrschaften zu best
515 3247 1804 3347 meinem Beruf unmöglich gewesen wäre, eine gute Mutter
3078 3272 3409 3342 Nach einem A
511 3303 740 3389 zu sein!“
2982 3309 3394 3398 Frachte diese einen
