3344 4352
846 217 1310 319 box 38/4
92 236 707 344 2. Cuttings
1354 1245 1551 1339 —
3110 1304 3281 1364 im C
1193 1304 3128 1384 hat man zum Visavis? Da sitzt der Herr von sah ihren Ruf als Patriotin gefährdet und fuhr
216 1302 1188 1393 licht. Alles Leben spielt sich innen ab. Draußen?
3123 1347 3279 1412 struier
2157 1357 3125 1422 gewandt fort: „Ich meine ja nur so. Natürlich,
1181 1358 2168 1427 Hoffmannsthal und der Doktor Schnitzler. Und
210 1368 1193 1433 Also Sie stehen auf, gehen spazieren, sind an
3121 1400 3290 1463 Straß
2152 1388 3127 1472 wie kann man vergleichen! Aber diese schlanken
1185 1397 2165 1480 der alte Baumeister redet mit Klimt. Und der
213 1419 1203 1486 die Leipziger-, Potsdamerstraße gewöhnt, an
2156 1455 3280 1506 Leutnants in den süßen knappen Uniformen — zum 2
1189 1466 2168 1520 Schönherr liest Zeitung, und Jakob Wassermann
213 1472 1199 1533 die großen Plätze Berlins; Sie sind gewöhnt,
2152 1502 3260 1576 wie reizend sind sie! Gar nicht so unerschwing= wie si
1188 1507 2163 1574 kommt so gemächlich herein, und der elegante
213 1507 1196 1596 zugleich rechts und links, nach vorn, nach hinten
2156 1551 3276 1613 blich wie bei uns. Einfach Menschen! Junge sein kö
1188 1558 2168 1627 Herr Korff macht einen neuen Mantelschnitt
216 1556 1203 1635 zu sehen; sind darauf trainiert, an Auto,
3121 1594 3285 1661 diese A
2158 1594 3132 1677 Männer, Herren, die erreichbar sind, legitim zu
1189 1604 2168 1674 populär. Und drüben lacht die Niese, ganz so
217 1618 1185 1693 Tram, Droschke vorbeizuspringen, zu laufen,
3155 1646 3279 1710 „O,
2152 1644 3143 1706 ekobern! Und überhaupt, die Wiener Herren!
1194 1650 2170 1730 rührend=lustig, wie auf der Bühne. Und die
213 1656 1189 1739 zu flüchten; sind an größte Eile gewöhnt, an
3120 1690 3281 1756 kennen
1197 1690 3132 1768 Frau Gerti kommt und holt ihren Mann ab. auter Anatols und Fritzen, manchmal auch ein
208 1698 1198 1776 riesige Entfernungen. Hier! In Wien? Welch
3129 1744 3289 1809 lichkeit
2156 1730 3135 1814 Mar dazwischen. Und die Mädels — lauter
1191 1742 2178 1819 Und in einem anderen Kaffeehaus sitzt die Opes
224 1764 1196 1820 liebes, gemächliches Treiben, welches freund¬
3122 1788 3294 1862 die P#
2159 1789 3135 1868 Christinen und Mizzis. Die Luft ganz Liebe,
1189 1802 2179 1878 und dort die ganz junge Literatur. Und es sieht
210 1810 1197 1876 liche Warten der Elektrischen, bis man über
3120 1839 3291 1907 schon,
2164 1838 3136 1904 Sinnlichkeit, Leichtsinn, schnell getrocknete
1198 1862 2166 1915 doch wirklich aus, als ob's in Wien nur berühmte
222 1863 1193 1925 den Damm hinüber ist. Wenn sich zwei Autos
3118 1894 3283 1958 allen
2161 1891 3136 1949 Tränen; Wehmut, die lächelt; Heiterkeit, die
1191 1902 2178 1969 Leute gäbe. Und alle so populär. Jedes Kind
215 1903 1202 1976 begegnen, bedeutet es eine Verkehrsstockung
3127 1935 3293 2006 Fraue
2164 1940 3135 2005 leise weint. Und der Kahlenberg! Wer glücklich
1205 1941 2173 2018 sagt zum anderen: „Du, da kommt der Herr von
212 1940 1204 2023 wegen Ueberlastung der Straßen. Und überall
3132 1984 3268 2048 schön
2170 1987 3141 2055 ist, fährt hinauf. Und darum ist er immer voll.
1190 1990 2170 2057 Beer=Hofmann. Geh, sag' ihm Grüß Gott.“
223 2003 1191 2076 an allen Ecken Wachmänner, die mit groß¬
3136 2036 3300 2108 steller
2169 2025 3145 2101 Kann man in Wien unglücklich sein? Wien ist
1194 2032 2173 2124 Und alle so herzig freundlich, ganz wie richtige
218 2038 1202 2121 artigen Gebärden einen unsichtbaren Verkehr
3130 2085 3289 2149 Fraue
2170 2075 2358 2152 Tanz!“
1195 2094 2171 2169 Leute. Und dann alle zur Spazierfahrt in den
209 2099 1200 2172 #regeln, die weißbehandschuhten Hände immer
3129 2133 3298 2197 halten
2204 2111 3149 2189 Aber da sah das Fräulein plötzlich, daß der
1201 2144 1421 2223 Prater.“
220 2135 1195 2211 verzweiflungsvoll in der Luft, als gälte es,
3133 2185 3292 2242 von K
2170 2169 3138 2261 Herr neben ihr ganz ernst und still geworden
224 2197 1204 2258 unüberwindliche Schwierigkeiten zu entwirren.
1250 2170 2173 2264 „Ja, aber man traut sich kaum einen Fiaker
2613 2232 2687 2273 1a?“
3135 2232 3303 2304 Genie
2167 2239 3067 2302 war. „Was haben Sie?“ rief sie wieder.
1201 2237 2176 2311 zu engagieren. Denn die Kutscher sehen akkurat
220 2243 1196 2329 Aber man — das heißt: der Berliner — staunt
2201 2265 3150 2341 Und da sagte er: „Ja, Anatol und Christin'.
3176 2268 3301 2357 .N
1199 2277 2183 2369 wie die Grafen aus. Sie kaufen ihre Garderobe
222 2284 996 2367 nur sprachlos diese Stadtleere an.“
2162 2316 3134 2391 Aber erinnern Sie sich nur: auch in Wien gibt's
3134 2310 3285 2394 gend,
1206 2325 2174 2407 gewiß in einer Kleiderschwemme und tragen
268 2321 1209 2413 „Natürlich, denn alles sitzt ja im Café.
2173 2359 3145 2439 den Herrn von Sala, gibt's die Johanna, die
3133 2372 3294 2446 Ich fi
1208 2389 2179 2456 nur englische Sportpaletots und Hofschneider¬
223 2387 1206 2463 Drinnen die Literaten bei den Zeitungen, die
2171 2405 3146 2495 Genia und ihren Mann. Wissen Sie, was ich
3123 2430 3300 2506 keitn
1204 2437 2179 2496 röcke. Und sie fahren wie der Teufel, toll und
216 2439 1214 2508 Künstler bei den Journalen. Draußen die
3128 2473 3300 2547 Wien 1
2172 2468 3144 2552 glaube: ganzes, tiefes Unglück gibt's nur in
1213 2477 2177 2549 sicher, stolz wie ein Herzog, der seinen Gast
230 2479 1206 2561 Nichtstuer, die medisieren und warten, ob doch
2182 2503 3147 2583 Wien, wie es dort die heiterste Freude gibt.
3131 2522 3292 2591 zerrt
1208 2534 2184 2607 führt. Ihnen gehört die Stadt, und sie zeigen
218 2545 1209 2625 nicht mal einer vorübergeht, den man heran¬
2178 2572 3138 2657 Nur daß dort Unglück sich leichter verklärt.“
3125 2572 3307 2641 zusam
1216 2575 1899 2663 sie voll eitler Anspruchslosigkeit.“
229 2582 840 2683 rufen oder bekritteln kann.“
3127 2620 3310 2699 Wiens
2198 2605 3151 2688 „Aber nun,“ rief das Fräulein, „möchte ich
1251 2626 2177 2700 „Und im Prater,“ fuhr das Fräulein ver¬
260 2619 1224 2716 „Glauben Sie eigentlich, daß man in Wien
3182 2668 3303 2740 „Go
2165 2664 3156 2752 doch wirklich wissen, woher Sie so gut Wiens
1207 2686 2178 2759 zückt fort, „welches süße, harmlose, un¬
234 2696 483 2776 arbeitet?“
3138 2707 3305 2786 ist Wi
2171 2715 3143 2796 Seele kennen, als Fremder, nie Dort¬
1219 2717 2183 2795 schuldig - ausgelassene Volkstreiben! Welche
264 2714 1111 2817 „Kaum. Wenigstens merkt man's nie.“
3143 2771 3305 2829 mit r##
2181 2773 2504 2852 gewesener...“
1215 2773 2171 2845 delikate Eleganz! Tausend Wagen fahren an¬
272 2755 1161 2866 „Aber es gibt doch so viele Dichter dort!“
3143 2812 3305 2879 Arbeit
2224 2804 3142 2886 „Ja, ich bitte Sie, wozu hat Berlin seine
1211 2825 2187 2900 ekhander vorüber. Da zeigt sich Wiener Schick
266 2829 1207 2926 „Wissen Sie, im Vertrauen, die dichten im
3135 2861 3303 2929 Verkeh
2168 2865 3154 2933 Zeitungskorrespondenten dort? Lesen wir hier
1209 2879 2162 2942 und Anmut, Vornehmheit und Liebenswürdig¬
257 2888 1214 2959 Eafé. Wir wissen doch hier ganz gut, daß
3136 2913 3304 2991 Ausga
2180 2917 3148 2980 in unseren Blättern nicht jede Woche so eine
1218 2926 2182 2993 keit. Die Herren zu Roß daneben. Ein ewiges
236 2935 1212 3019 Piebelei einfach zwischen unzähligen Melangen
3145 2967 3278 3024 und
2176 2967 3144 3030 reizende Plauderei, aus denen zusammen man
1217 2971 2177 3039 Grüßen, Plaudern hinüber, herüber. Bois de
227 2978 1211 3046 und Kaffeehaut geschrieben wurde und der
3139 3011 3306 3083 korrig
2177 3012 3144 3079 sich dann jenes Bild von Wien macht, das ich
1216 3023 2184 3095 Boulogne verblaßt. Die Wiener Gesellschaft
232 3033 1212 3110 Graf von Charolais“ auf einem Marmortisch¬
3140 3062 3303 3131 nen, d
2167 3058 3139 3136 Ihnen soeben entwarf? Diese jungen Wiener
1210 3077 2015 3152 ist die erste Europas. Die Offiziere...“
241 3075 1221 3167 chen am Ring, während man am Nebentisch
3176 3098 3319 3176 „Na
2177 3119 3149 3185 Literaten schicken uns ja Feuilletons und
1259 3104 2189 3195 „Ha!“ rief der Herr und fühlte sich ganz
241 3123 1228 3199 auf die Schimpfredner im Parlament
3135 3147 3303 3216 und st
2180 3155 3011 3239 Bücher, die sich mit Wien beschäftigen.“
1220 3182 2189 3240 preußischer Unteroffizier, bis wohin er es ge¬
251 3173 488 3265 schimpfte.“
3134 3178 3309 3270 Tiefste
2212 3192 3149 3285 „Aber,“ sagte das nachdenkliche Fräulein,
1218 3214 2197 3304 bracht hatte. „Ha!“ Und eine furchtbare
266 3219 1226 3311 Das Fräulein rief entzückt: „Ach je, das Café!
3143 3254 3317 3321 sie nuß
2180 3255 3156 3326 „ob das auch stimmt? Ob nicht vielleicht diese
1213 3268 1893 3347 Drohung lag in diesem Ausruf.
236 3272 1219 3354 Ich bitte Sie, man kommt hinein, ißt göttlichen
238 3317 3311 3431 Ruchen, trinkt himmlischen Kaifen und men! Das Fräulein, total eingeschuchtert, erschreckt, blassen und ätberischen jungen Herren sich da! Ber
2652 4084 3222 4171 M
