3392 4320
965 218 1434 319 box 38/4
203 237 833 343 2. Cuttings
511 435 660 528 622
1521 436 1952 531 Die Nation.
464 578 3021 678 gleich ist, man muß nicht Mücken fangen mit dem gleichen! ursprünglich in der „Contemporary Review“ vom Februar 1883
481 640 2541 697 Ernst, mit dem man auf den Adleranstand geht. Er hat j.und liegt hier in deutscher Uebersetzung vor.
469 679 1755 739 männliche Gesinnungen, er spricht klar und schreibt ein
1854 676 3021 747 Es springt in die Augen, daß eine nachdrückliche Aussprache über
469 723 1743 778 gutes Deutsch. Nur weiß er wenig von der Oekonomie des
1751 725 3016 786 den Diktator und sein Verhältniß zur französischen Nation einen wesent¬
473 771 1744 831 Raumes, hier verweilt er sich gerne und muß dann an
1748 778 3023 851 lichen Beitrag zu des Autors Auffassung des französischen politischen
478 822 1755 879 anderen Arbeiten hasten und knappen, wo man längeres
1749 826 3020 895 Naturells liefern muß. Gerade in diesem Theil, wie in dem seiner
479 865 1743 918 Verweilen lieber gesehen hätte. So vermißt man ungern
1747 874 3018 938 Zeit noch von Hillebrand selbst angeschlossenen Essay über Renan,
469 907 1749 964 ein Wort über die sehr feinen und anmuthigen Einakter
1754 902 3028 990 findet der Leser ohne Zweifel die meisten und lebendigsten Anknüpfungen
476 951 1741 1015 der Ebner, wird sich andererseits schwer mit Sittenbergers
1745 965 3029 1031 an die Gedanken, die heute aufsteigen, wenn man sich fragt, wohin die
473 1003 1744 1067 zu freundlicher Beurtheilung des Herrn von Wartenegg
1745 1011 3022 1064 Entwicklung in Frankreich geht. Die Beantwortung dieser großen Frage
465 1050 1742 1109 und seines unmöglichen Preislustspieles: „Der Ring des
1740 1055 3033 1122 ist es auch gewiß, welche die Herausgeberin mit Recht bestimmt hat, vorerst
474 1087 1745 1147 Osterdingen“ einverstanden erklären können. Sehr feine Be¬
1740 1103 3021 1168 nicht das ganze Werk der sieben Bände von „Völker, Zeiten und
475 1128 1739 1198 merkungen bringt er über die Mundart und ihren Gebrauch.
1739 1139 3019 1201 Menschen“ sondern nur den Theil „Frankreich und die Franzosen“.
467 1184 1750 1242 Die strenge Handhabung hat keinen Sinn, denn der Schau¬
1750 1187 3027 1257 wieder den deutschen Lesern zugänglich zu machen. Frankreich hat seit
471 1232 1741 1286 spieler zerpflückt, was der Dichter gebunden. So bleibt denn
1735 1251 3016 1307 Jahrhunderten mehr als irgend ein Land das Privileg genossen, die
471 1272 1742 1334 besonders für ernstere Arbeiten die dialektische Färbung des
1747 1283 3022 1346 Augen der Welt auf sich zu ziehen. Heute mehr als je zuvor. Was
471 1326 1741 1380 Satzbaues, dem syntaktischen Geist des Volkes folgen, endlich die
1743 1328 3007 1392 ein so feiner, reicher Geist, ein solcher Kenner von Völkern, Zeiten und
470 1369 1741 1421 kluge Anwendung gleichweiser und volksmäßiger Redensarten
1752 1375 3019 1441 Menschen und ganz besonders dieses Landes über dasselbe gedacht hat,
472 1410 1743 1477 zu bevorzugen; vornehmlich in Deutschland, wo wir eigentlich
1750 1423 3017 1485 wie sich die Erlebnisse der Gegenwart im Spiegel dieser, anderthalb
466 1461 1736 1512 das Muster, wie derlei zu geschehen hat, in der lutherischen
1739 1468 3007 1542 Jahrzehnte zurückliegenden, Betrachtungen und Urtheile ausnehmen, was
470 1501 1744 1561 —Bibel haben. So kann man aus dem Buche Manches lernen und
1745 1516 3016 1586 sich davon bewährt, was sich anders gezeigt hat, das zu erfahren, ist
467 1554 1738 1606 es ist eine recht gelegene Ergänzung zu Nagel und Zeidlers
1732 1562 3019 1637 heute von durchschlagendem Interesse. Hillebrand ist recht eigentlich ein
467 1594 1738 1653 Litteraturgeschichte, die eben sich anschickt, unseren Gesammt¬
1733 1599 3007 1669 Völkerpsychologe, nicht als Methodiker, sondern als Praktiker. Das
470 1644 1741 1704 besitz zu buchen. Vor Allem kann man sich überzeugen, daß
1744 1650 3015 1707 Fach hat seine Klippen, mehr als viele andere. Hillebrand ist ihnen
469 1695 1739 1743 wir selber mit Ernst und ohne wechselseitige Ueberschätzung an
1735 1700 3009 1747 nicht immer entgangen. Aber, ob er nun überall richtig gesehen habe
459 1734 1748 1804 der Arbeit sind, daß sich Manches regt und Früchte für eine
1739 1738 3010 1789 oder nicht, kompetent war er in hohem Grade, und sein Urtheil fällt ins
460 1777 1743 1856 nicht zu ferne Zukunft verspricht. An ansehnlichen und
1739 1787 3016 1862 Gewicht. An vielen Stellen wird der Leser nicht umhin können, sich zu
472 1822 1746 1891 selbst großen Erscheinungen hat es uns niemals gefehlt,
1741 1835 3012 1897 sagen, wie richtig das Urtheil war und wie vieles eingetroffen ist. Auch
471 1873 1742 1930 seitdem wir in den Kreis des deutschen Geisteslebens nach einer
1746 1883 3014 1929 wenn der Verfasser nicht, wie Homberger sagt, ein vorzugsweise zum
468 1921 1735 1971 Unterbrechung von Jahrhunderten eingetreten sind. Unser
1736 1931 3029 2006 Denken anregender Schriftsteller wäre, würde dies hier erneuerte Werk
472 1961 1736 2037 eigenes Leben führten wir immerdar, nach eigenen Gesetzen
1730 1970 2265 2051 weite Verbreitung verdienen.
471 2008 1735 2065 suchten wir uns immer zu entwickeln. Das muß so bleiben.
2728 1998 2896 2087 L. B.
460 2064 1736 2125 Denn ein Strom mit zwei Quellflüssen kann niemals ver¬
472 2093 1746 2166 siegen und füddeutsches und norddeutsches Wesen ergießen
470 2140 1734 2206 sich zuletzt dennoch in einem Bette. Was hier geschaffen
450 2192 1743 2269 wurde in den letzten Jahren, seitdem man ernstlich zu suchen
456 2232 1729 2302 und sich von den Schablonen loszusagen begann, das hat
1733 2251 3007 2333 J. C. Helt: An heiligen Wassern. Roman. Stuttgart. 1898.
467 2290 1741 2349 Sittenberger mit löblichem Fleiße und einer Unbefangenheit
1767 2308 2020 2384 J. C. Cotta.
453 2334 1733 2386 zu verzeichnen gesucht, die ihn vielleicht nur zweimal ver¬
1835 2335 3001 2420 In schweizerische Hochgebirgswelt führt uns dieses nicht alltäg¬
466 2381 1733 2444 ließ. Das ist nicht gar viel. Ist aber des Guten nicht
1736 2381 3019 2451 liche Buch. Lawinen donnern nieder und Urväterbrauch zwingt durch
464 2427 1725 2487 mehr — für die schwere Zeit, für die grenzenlosen Schwierig¬
1738 2450 3002 2501 Loos oder als Sühne für Frevelthat Männer der Gemeinde, bei der
466 2466 1733 2531 keiten, mit denen man hier zu kämpfen hat, ist es genug und
1734 2493 3020 2551 halsbrecherischen auf schwindelnder Höhe geforderten Besserungsarbeit
462 2516 1730 2587 bei uns wie Ihnen stehen die Schaffenden noch in jenen
1736 2543 3001 2605 Leib und Leben einzusetzen. Liebes= und Familientragödien verflechten
458 2559 1738 2642 Jahren, wo ihnen selbst für die weitere Entfaltung noch
1738 2586 3002 2643 sich in diese aufregenden Historien. Patriarchalische Kernmenschen und
454 2603 925 2686 Aussicht gegönnt ist.
1726 2632 3009 2692 übergroße Gewaltnaturen greifen in das vom Aberglauben der Aelpler
573 2656 760 2730 Wien.
1277 2637 1632 2738 J. J. David.
1731 2675 3005 2749 beherrschte Gemeindeleben ein. Ein heroisches Liebespaar besteht alle
1737 2720 3004 2780 Anfechtungen. Der blutarme Mann der Wahl der charakterfesten,
1735 2774 3005 2826 patrizischen Wirthstochter zumal löst den alten Bann, indem er — dem
1730 2810 3004 2860 Ansturm der aufgehetzten, bigotten Aelpler zum Trotz — als auto¬
1722 2850 2999 2921 didaktischer Wasserbaumeister die heiligen Wasser durch moderne Technik
461 2856 1731 2945 Zeiten, Völker und Menschen. Von Karl Hillebrand. Erster
1733 2908 3010 2969 bändigt und sänftigt. Gegen die Verwicklung der Fabel und manche
495 2926 1728 2992 Band: Frankreich und die Franzosen. Vierte verbesserte
1734 2959 3011 3012 allzu pathetische Wendung in Sprache und Charakteristik wäre manches
494 2972 1723 3027 und vermehrte Auflage. Straßburg. Verlag von Karl J. Trübner. 1898.
1722 2995 3002 3059 zu sagen. Desto wärmere Zustimmung verdienen die groß stilisirten Land¬
561 3020 1724 3074 Kurz nach dem am 18. Oktober 1884 erfolgtem Ableben Hille¬
1727 3050 3004 3104 schaftsbilder; hier meldet sich ein verheißungsvolles Talent, das Zucht
456 3062 1721 3128 brand's hat in der „Nation“ (vom 29. Nov., 6. und 13. Dezember 1884)
1724 3085 3007 3163 und Maß finden wird. Lob gebührt auch einer Reihe gut geschauter
455 3107 1722 3165 Heinrich Homberger ihm einen ausführlichen Nachruf gewidmet, der zum
1729 3133 2737 3211 und sicher gezeichneter ernster und heiterer Nebengestalten.
464 3146 1735 3208 besten gehört, nicht nur, was über ihn, sondern was überhaupt in
2770 3175 2885 3262 — m.
458 3201 1735 3272 unseren Tagen auf diesem Gebiete geschrieben worden ist. Dies kleine
461 3244 1725 3298 Meisterstück ist der neu vorliegenden Ausgabe als Anhang beigefügt.
454 3296 1731 3337 Wenn die korrekte Ordnung des Stoffs ganz natürlich diesen Text in
456 3335 1724 3383 den Anhang verwies, so möchte ich doch dem Leser des Buches rathen,
1826 3360 2996 3433 Für die Redaktion bestimmte Mittheilungen, Manuskripte, zur
456 3381 1723 3441 mit ihm anzufangen. Nichts könnte ihn besser auf den richtigen Genuß
457 3430 1724 3494 und das Verständniß des Autors vorbereiten als diese Schilderung
1720 3409 2991 3486 Rezension bestimmte Bücher und dergleichen bitten wir zu senden an
449 3475 1723 3536 seines ganzen Wesens. Homberger war zu dieser Leistung wie ge¬
1731 3481 2196 3570 eines der Mitglieder der
451 3524 1715 3581 schaffen. Die Seelen der beiden Männer wie ihr Bildungsgang waren
451 3565 1722 3620 einander verwandt. Sie hatten persönlich einander nahe gestanden und
2184 3552 2513 3647 Redaktion
451 3608 1727 3667 sich wechselseitig gefördert. Die Herausgeberin der neuen Auflage hat
1823 3630 2187 3728 Dr. Th. Barth,
2507 3640 2866 3728 Dr. P. Nathan,
459 3656 1720 3713 daher sehr wohlgethan, indem sie den Band um diesen Nekrolog be¬
459 3699 1724 3771 reicherte. Noch eine andere Beigabe ist ganz am Platze, ebenfalls ein
1768 3694 2255 3796 W. Thiergartenstraße 37.
2483 3690 2898 3800 W. Ziethenstraße 27.
455 3742 1723 3814 Anhang, dem letzten vorausgehend. Es ist eine Abhandlung, die
456 3776 1729 3874 Hillebrand nach dem Tode Gambetta's über diesen schrieb. Sie erschien
909 3908 2524 3964 Verantwortlicher Redakteur: Otto Böhme in Berlin. — Druck von H. S. Hermann in Bertin SW., Beuthstraße 8.
