<?xml version="1.0" encoding="UTF-8" standalone="yes"?>
<PcGts xmlns="http://schema.primaresearch.org/PAGE/gts/pagecontent/2013-07-15" xmlns:xsi="http://www.w3.org/2001/XMLSchema-instance" xsi:schemaLocation="http://schema.primaresearch.org/PAGE/gts/pagecontent/2013-07-15 http://schema.primaresearch.org/PAGE/gts/pagecontent/2013-07-15/pagecontent.xsd">
    <Metadata>
        <Creator>prov=University of Rostock/Institute of Mathematics/CITlab/Gundram Leifert/gundram.leifert@uni-rostock.de:name=ONB_Newseye_GT_M1+(htr_id=10810)::::v=2.4.2
prov=University of Rostock/Institute of Mathematics/CITlab/Tobias Gruening/tobias.gruening@uni-rostock.de:name=de.uros.citlab.module.baseline2polygon.B2PSeamMultiOriented:v=2.4.2
prov=University of Rostock/Institute of Mathematics/CITlab/Tobias Gruening/tobias.gruening@uni-rostock.de:name=/mnt/transkribus/LA/DEA/URO/LA_news_onb_att.pb:de.uros.citlab.segmentation.CITlab_LA_ML:v=2.4.2
Transkribus</Creator>
        <Created>2019-10-07T15:18:52.153+02:00</Created>
        <LastChange>2019-10-08T14:58:49.006+02:00</LastChange>
        <TranskribusMetadata docId="224264" pageId="9516259" pageNr="12" tsid="16594287" status="IN_PROGRESS" userId="40391" imgUrl="https://files.transkribus.eu/Get?id=HIUKHBSIFNCCVWDJATLUKWXB&amp;fileType=view" xmlUrl="https://files.transkribus.eu/Get?id=MIHBXEFORNAXOVJOULPHCKZR" imageId="6204308"/>
    </Metadata>
    <Page imageFilename="224264_0012.jpeg" imageWidth="3392" imageHeight="4320">
        <ReadingOrder>
            <OrderedGroup id="ro_1711443021911" caption="Regions reading order">
                <RegionRefIndexed index="0" regionRef="r1"/>
                <RegionRefIndexed index="1" regionRef="r2"/>
                <RegionRefIndexed index="2" regionRef="r3"/>
            </OrderedGroup>
        </ReadingOrder>
        <TextRegion orientation="0.0" id="r1" custom="readingOrder {index:0;}">
            <Coords points="103,249 103,3338 908,3338 908,249"/>
            <TextLine id="r1l1" custom="readingOrder {index:0;}">
                <Coords points="133,290 205,279 304,312 657,312 718,295 720,234 643,220 609,234 588,217 349,233 321,218 243,260 134,218"/>
                <Baseline points="142,275 170,278 198,281 227,284 255,286 284,288 312,290 340,292 369,292 397,293 426,294 454,294 482,294 511,294 539,294 568,294 596,293 624,293 653,293 681,292 710,292"/>
                <TextEquiv>
                    <Unicode>2. Cuttings</Unicode>
                </TextEquiv>
            </TextLine>
            <TextLine id="r1l2" custom="readingOrder {index:1;}">
                <Coords points="118,1117 272,1099 327,1127 404,1095 503,1116 546,1098 545,1042 531,1040 484,1055 416,1034 393,1052 320,1045 277,1025 237,1049 200,1031 187,1044 117,1040"/>
                <Baseline points="126,1091 151,1093 177,1094 202,1095 228,1096 254,1097 279,1097 305,1097 331,1097 356,1096 382,1096 407,1095 433,1095 459,1093 484,1093 510,1092 536,1091"/>
                <TextEquiv>
                    <Unicode>UNIVERSITT</Unicode>
                </TextEquiv>
            </TextLine>
            <TextLine id="r1l3" custom="readingOrder {index:2;}">
                <Coords points="103,1192 826,1186 869,1171 869,1125 785,1153 614,1133 530,1156 231,1158 143,1132 102,1160"/>
                <Baseline points="111,1183 148,1182 186,1182 223,1181 261,1181 298,1180 336,1180 373,1180 411,1180 448,1179 486,1179 523,1179 561,1178 598,1178 636,1177 673,1177 711,1176 748,1175 786,1174 823,1173 861,1171"/>
                <TextEquiv>
                    <Unicode>of the works of the Austrian writer. Emphasis will</Unicode>
                </TextEquiv>
            </TextLine>
            <TextLine id="r1l4" custom="readingOrder {index:3;}">
                <Coords points="108,1226 528,1241 601,1222 637,1242 673,1218 839,1222 873,1211 873,1186 108,1189"/>
                <Baseline points="118,1224 155,1222 192,1220 230,1219 267,1218 304,1217 342,1217 379,1216 416,1216 454,1216 491,1216 528,1216 566,1216 603,1216 640,1216 678,1216 715,1216 752,1215 790,1215 827,1215 865,1214"/>
                <TextEquiv>
                    <Unicode>bhilosophy of life and his position in modern Austrian</Unicode>
                </TextEquiv>
            </TextLine>
            <TextLine id="r1l5" custom="readingOrder {index:4;}">
                <Coords points="99,1297 145,1296 196,1260 238,1263 261,1277 281,1278 293,1265 325,1264 325,1230 294,1233 274,1224 235,1231 219,1224 183,1232 170,1223 97,1232"/>
                <Baseline points="107,1259 133,1258 159,1258 185,1258 212,1257 238,1256 264,1256 290,1255 317,1253"/>
                <TextEquiv>
                    <Unicode>ddiscussions.</Unicode>
                </TextEquiv>
            </TextLine>
            <TextLine id="r1l6" custom="readingOrder {index:5;}">
                <Coords points="113,1335 383,1352 426,1328 550,1345 677,1326 747,1352 790,1326 860,1345 883,1343 882,1279 551,1297 202,1279 112,1299"/>
                <Baseline points="122,1334 159,1332 197,1330 234,1329 272,1328 309,1328 347,1327 384,1327 422,1326 459,1326 497,1326 535,1326 572,1326 610,1326 647,1326 685,1326 722,1325 760,1324 797,1324 835,1323 873,1321"/>
                <TextEquiv>
                    <Unicode>rman syntax and synonomy. 3 points</Unicode>
                </TextEquiv>
            </TextLine>
            <TextLine id="r1l7" custom="readingOrder {index:6;}">
                <Coords points="121,1413 152,1403 169,1385 191,1378 211,1385 223,1378 245,1394 264,1388 264,1340 237,1349 226,1342 189,1344 174,1332 160,1339 151,1334 121,1337"/>
                <Baseline points="130,1373 155,1375 180,1375 205,1375 230,1374 256,1373"/>
                <TextEquiv>
                    <Unicode>EUSER.</Unicode>
                </TextEquiv>
            </TextLine>
            <TextLine id="r1l8" custom="readingOrder {index:7;}">
                <Coords points="109,1479 892,1455 891,1426 716,1430 683,1403 574,1431 416,1399 279,1439 191,1433 157,1405 108,1420"/>
                <Baseline points="118,1462 156,1463 194,1463 232,1463 271,1463 309,1463 347,1462 385,1462 424,1461 462,1461 500,1460 538,1459 577,1459 615,1458 653,1458 691,1457 730,1457 768,1457 806,1458 844,1458 883,1459"/>
                <TextEquiv>
                    <Unicode>nced students who wish to perfect themselves in the</Unicode>
                </TextEquiv>
            </TextLine>
            <TextLine id="r1l9" custom="readingOrder {index:8;}">
                <Coords points="120,1512 827,1512 890,1496 890,1457 120,1480"/>
                <Baseline points="129,1503 166,1502 204,1501 241,1500 279,1500 316,1499 354,1500 391,1500 429,1500 466,1500 504,1501 542,1501 579,1502 617,1502 654,1502 692,1502 729,1502 767,1502 804,1501 842,1499 880,1498"/>
                <TextEquiv>
                    <Unicode>recommended for candidates for a graduate degree</Unicode>
                </TextEquiv>
            </TextLine>
            <TextLine id="r1l10" custom="readingOrder {index:9;}">
                <Coords points="113,1559 160,1565 190,1548 228,1558 272,1549 303,1564 355,1542 382,1556 432,1541 487,1545 487,1518 341,1503 112,1516"/>
                <Baseline points="121,1538 146,1540 172,1540 197,1541 223,1540 248,1540 274,1539 299,1538 325,1537 350,1536 376,1536 401,1535 427,1535 452,1536 478,1538"/>
                <TextEquiv>
                    <Unicode>y language requirement.</Unicode>
                </TextEquiv>
            </TextLine>
            <TextLine id="r1l11" custom="readingOrder {index:10;}">
                <Coords points="94,1644 218,1612 313,1635 447,1611 485,1634 542,1607 753,1626 895,1599 895,1576 744,1538 617,1576 476,1546 375,1570 94,1556"/>
                <Baseline points="103,1609 142,1609 181,1610 220,1610 259,1610 298,1610 337,1610 376,1609 415,1609 454,1609 494,1609 533,1608 572,1608 611,1608 650,1608 689,1608 728,1608 767,1608 806,1608 845,1608 885,1609"/>
                <TextEquiv>
                    <Unicode>dern Dutch authors. 3 points Spring</Unicode>
                </TextEquiv>
            </TextLine>
            <TextLine id="r1l12" custom="readingOrder {index:11;}">
                <Coords points="107,1755 856,1751 882,1740 882,1696 760,1713 601,1683 486,1716 107,1714"/>
                <Baseline points="116,1745 153,1745 191,1745 229,1745 267,1745 305,1745 343,1745 381,1744 419,1744 457,1744 495,1743 532,1743 570,1742 608,1742 646,1741 684,1741 722,1741 760,1741 798,1741 836,1742 874,1742"/>
                <TextEquiv>
                    <Unicode>8o, with readings from texts progressively arranged</Unicode>
                </TextEquiv>
            </TextLine>
            <TextLine id="r1l13" custom="readingOrder {index:12;}">
                <Coords points="116,1802 415,1821 542,1784 752,1821 831,1784 892,1792 892,1751 116,1753"/>
                <Baseline points="125,1783 162,1783 200,1784 238,1784 276,1784 314,1783 352,1783 389,1782 427,1782 465,1781 503,1780 541,1780 579,1779 617,1779 654,1779 692,1780 730,1780 768,1781 806,1783 844,1784 882,1787"/>
                <TextEquiv>
                    <Unicode>ho hnve had no previous training in the lunguage.</Unicode>
                </TextEquiv>
            </TextLine>
            <TextLine id="r1l14" custom="readingOrder {index:13;}">
                <Coords points="110,1886 124,1891 137,1880 180,1900 201,1886 219,1893 253,1880 289,1896 379,1885 379,1826 350,1842 320,1842 300,1826 239,1830 226,1819 201,1828 185,1812 155,1825 110,1809"/>
                <Baseline points="119,1875 144,1874 169,1874 194,1874 219,1874 244,1874 269,1874 294,1874 319,1874 344,1874 369,1873"/>
                <TextEquiv>
                    <Unicode>ZED COURSES</Unicode>
                </TextEquiv>
            </TextLine>
            <TextLine id="r1l15" custom="readingOrder {index:14;}">
                <Coords points="109,1956 846,1944 886,1904 794,1882 705,1903 642,1868 564,1903 108,1887"/>
                <Baseline points="119,1939 156,1940 194,1940 232,1941 270,1941 308,1941 346,1941 384,1940 422,1939 460,1939 498,1938 535,1937 573,1936 611,1935 649,1934 687,1933 725,1933 763,1932 801,1932 839,1932 877,1932"/>
                <TextEquiv>
                    <Unicode>medieval courtly epic. 3 points Winter</Unicode>
                </TextEquiv>
            </TextLine>
            <TextLine id="r1l16" custom="readingOrder {index:15;}">
                <Coords points="111,2115 262,2101 308,2126 349,2101 437,2126 520,2103 584,2130 747,2103 889,2124 889,2047 552,2081 349,2040 254,2076 185,2046 111,2055"/>
                <Baseline points="121,2104 160,2104 200,2105 240,2105 280,2106 320,2106 360,2106 400,2107 440,2107 480,2107 520,2107 560,2107 600,2107 640,2107 680,2106 720,2106 760,2105 800,2105 840,2104 880,2103"/>
                <TextEquiv>
                    <Unicode>Iderlin and Novalis. 3 points Spring</Unicode>
                </TextEquiv>
            </TextLine>
            <TextLine id="r1l17" custom="readingOrder {index:16;}">
                <Coords points="101,2206 142,2207 155,2202 160,2206 169,2203 187,2207 189,2143 175,2140 161,2145 157,2143 153,2147 126,2117 120,2117 113,2124 104,2124"/>
                <Baseline points="110,2191 144,2192 178,2193"/>
                <TextEquiv>
                    <Unicode></Unicode>
                </TextEquiv>
            </TextLine>
            <TextLine id="r1l18" custom="readingOrder {index:17;}">
                <Coords points="103,2245 859,2248 896,2235 896,2180 763,2208 688,2178 488,2215 410,2184 308,2185 255,2214 102,2206"/>
                <Baseline points="111,2239 149,2240 188,2240 227,2241 266,2241 305,2241 343,2241 382,2241 421,2240 460,2240 499,2240 537,2239 576,2239 615,2238 654,2238 693,2237 731,2237 770,2236 809,2235 848,2235 887,2234"/>
                <TextEquiv>
                    <Unicode>rily for candidates for the degrec of Master of Arts</Unicode>
                </TextEquiv>
            </TextLine>
            <TextLine id="r1l19" custom="readingOrder {index:18;}">
                <Coords points="109,2294 840,2287 888,2271 888,2242 109,2249"/>
                <Baseline points="118,2278 156,2277 194,2277 232,2277 270,2276 308,2276 346,2276 384,2276 422,2275 460,2275 499,2275 537,2275 575,2275 613,2274 651,2274 689,2274 727,2273 765,2273 803,2273 841,2272 880,2272"/>
                <TextEquiv>
                    <Unicode>en only to those who have passed the matriculation</Unicode>
                </TextEquiv>
            </TextLine>
            <TextLine id="r1l20" custom="readingOrder {index:19;}">
                <Coords points="118,2318 883,2328 882,2285 834,2278 117,2290"/>
                <Baseline points="126,2316 163,2316 200,2315 238,2314 275,2314 312,2313 350,2312 387,2312 424,2311 462,2311 499,2310 536,2309 574,2309 611,2309 648,2308 686,2308 723,2307 760,2307 798,2307 835,2307 873,2306"/>
                <TextEquiv>
                    <Unicode>nd place of the examination will be announced atthe</Unicode>
                </TextEquiv>
            </TextLine>
            <TextLine id="r1l21" custom="readingOrder {index:20;}">
                <Coords points="117,2382 233,2357 357,2380 436,2361 489,2388 677,2356 789,2376 883,2351 883,2324 116,2319"/>
                <Baseline points="125,2353 162,2354 199,2354 237,2354 274,2354 312,2353 349,2353 387,2352 424,2352 462,2351 499,2351 536,2350 574,2350 611,2349 649,2349 686,2349 724,2349 761,2349 799,2350 836,2350 874,2351"/>
                <TextEquiv>
                    <Unicode>the proseminar will be made conditional on passing</Unicode>
                </TextEquiv>
            </TextLine>
            <TextLine id="r1l22" custom="readingOrder {index:21;}">
                <Coords points="129,2467 344,2466 404,2493 486,2463 597,2487 891,2475 890,2407 865,2403 641,2429 460,2402 434,2430 396,2414 308,2442 263,2419 129,2424"/>
                <Baseline points="139,2461 176,2463 213,2463 250,2464 287,2464 324,2464 361,2464 398,2463 435,2462 472,2462 510,2461 547,2460 584,2459 621,2458 658,2457 695,2457 732,2457 769,2457 806,2457 843,2458 881,2460"/>
                <TextEquiv>
                    <Unicode>German. 3 points each session. Pro¬</Unicode>
                </TextEquiv>
            </TextLine>
            <TextLine id="r1l23" custom="readingOrder {index:22;}">
                <Coords points="109,2638 204,2651 349,2616 525,2646 672,2621 792,2640 899,2612 899,2587 688,2605 546,2559 476,2586 310,2555 195,2584 109,2574"/>
                <Baseline points="119,2624 157,2625 196,2627 234,2628 273,2629 311,2629 350,2630 388,2630 427,2630 465,2630 504,2630 543,2630 581,2629 620,2629 658,2628 697,2628 735,2627 774,2626 812,2626 851,2625 890,2624"/>
                <TextEquiv>
                    <Unicode>ology and heroic legend. 4 points</Unicode>
                </TextEquiv>
            </TextLine>
            <TextLine id="r1l24" custom="readingOrder {index:23;}">
                <Coords points="109,2690 127,2689 138,2678 147,2678 161,2687 182,2680 193,2689 215,2678 229,2690 242,2689 242,2647 229,2651 197,2649 165,2630 150,2631 145,2637 109,2639"/>
                <Baseline points="118,2676 146,2674 175,2673 203,2674 232,2676"/>
                <TextEquiv>
                    <Unicode>ENV.</Unicode>
                </TextEquiv>
            </TextLine>
            <TextLine id="r1l25" custom="readingOrder {index:24;}">
                <Coords points="114,2731 135,2723 154,2737 159,2731 178,2729 215,2743 239,2719 262,2720 261,2677 250,2677 231,2691 191,2689 169,2679 164,2684 146,2681 132,2689 112,2690"/>
                <Baseline points="122,2722 148,2720 174,2720 200,2720 226,2718 253,2715"/>
                <TextEquiv>
                    <Unicode>sophy.</Unicode>
                </TextEquiv>
            </TextLine>
            <TextLine id="r1l26" custom="readingOrder {index:25;}">
                <Coords points="105,2764 852,2770 888,2764 888,2725 474,2737 283,2714 252,2736 105,2737"/>
                <Baseline points="115,2767 153,2766 191,2765 229,2764 267,2763 306,2763 344,2763 382,2763 420,2763 458,2764 497,2764 535,2764 573,2764 611,2764 649,2764 688,2764 726,2764 764,2763 802,2762 840,2761 879,2759"/>
                <TextEquiv>
                    <Unicode>uction to Germanic philology in the broadest sense.</Unicode>
                </TextEquiv>
            </TextLine>
            <TextLine id="r1l27" custom="readingOrder {index:26;}">
                <Coords points="117,2806 240,2826 344,2801 848,2812 918,2770 117,2775"/>
                <Baseline points="126,2801 165,2801 204,2801 243,2801 282,2801 321,2802 360,2802 399,2802 438,2802 477,2802 517,2803 556,2803 595,2803 634,2803 673,2803 712,2803 751,2803 790,2804 829,2804 868,2804 908,2804"/>
                <TextEquiv>
                    <Unicode> heroie legends of the Germanic peoples. Particular</Unicode>
                </TextEquiv>
            </TextLine>
            <TextLine id="r1l28" custom="readingOrder {index:27;}">
                <Coords points="111,2929 198,2914 288,2936 372,2909 422,2941 603,2939 675,2900 899,2909 899,2875 771,2853 440,2880 376,2853 311,2877 111,2877"/>
                <Baseline points="119,2907 157,2908 196,2908 234,2908 273,2909 311,2909 350,2909 388,2909 427,2909 465,2909 504,2908 543,2908 581,2908 620,2908 658,2908 697,2908 735,2908 774,2908 812,2908 851,2908 890,2909"/>
                <TextEquiv>
                    <Unicode>n. 4 points Winter Session. Professor</Unicode>
                </TextEquiv>
            </TextLine>
            <TextLine id="r1l29" custom="readingOrder {index:28;}">
                <Coords points="99,3016 114,3015 120,3020 134,3008 140,3016 150,3011 158,3017 188,3000 209,3008 218,2898 203,2896 196,2903 187,2893 178,2895 158,2875 144,2876 120,2851 112,2850"/>
                <Baseline points="110,2997 140,2997 170,3000 200,3003"/>
                <TextEquiv>
                    <Unicode></Unicode>
                </TextEquiv>
            </TextLine>
            <TextLine id="r1l30" custom="readingOrder {index:29;}">
                <Coords points="114,3153 293,3121 422,3146 675,3119 874,3135 892,3048 661,3081 498,3049 408,3087 209,3054 114,3067"/>
                <Baseline points="124,3120 161,3119 199,3119 237,3119 275,3119 313,3119 351,3119 389,3119 427,3119 465,3120 503,3120 540,3120 578,3120 616,3120 654,3120 692,3120 730,3120 768,3120 806,3119 844,3119 882,3118"/>
                <TextEquiv>
                    <Unicode>h Reinaert. 3 points Spring Session.</Unicode>
                </TextEquiv>
            </TextLine>
            <TextLine id="r1l31" custom="readingOrder {index:30;}">
                <Coords points="112,3222 148,3217 173,3224 190,3214 243,3222 261,3213 315,3221 333,3206 345,3208 346,3176 331,3176 319,3165 303,3172 287,3158 215,3164 204,3173 176,3149 167,3158 153,3149 142,3156 113,3152"/>
                <Baseline points="122,3203 148,3206 175,3207 202,3208 229,3208 255,3208 282,3208 309,3207 336,3207"/>
                <TextEquiv>
                    <Unicode>Philosophy.</Unicode>
                </TextEquiv>
            </TextLine>
            <TextLine id="r1l32" custom="readingOrder {index:31;}">
                <Coords points="126,3256 904,3259 904,3222 841,3209 126,3219"/>
                <Baseline points="135,3251 174,3252 214,3253 254,3254 294,3254 334,3254 374,3254 414,3254 454,3254 494,3253 534,3253 574,3253 614,3252 654,3252 694,3252 734,3251 774,3251 814,3251 854,3252 894,3252"/>
                <TextEquiv>
                    <Unicode>beast epic in general, with special emphasis on the</Unicode>
                </TextEquiv>
            </TextLine>
            <TextLine id="r1l33" custom="readingOrder {index:32;}">
                <Coords points="121,3293 794,3299 864,3293 894,3254 120,3259"/>
                <Baseline points="130,3290 167,3291 205,3291 243,3291 281,3291 318,3290 356,3290 394,3289 432,3289 469,3288 507,3288 545,3287 583,3286 620,3286 658,3285 696,3285 734,3285 771,3285 809,3286 847,3286 885,3287"/>
                <TextEquiv>
                    <Unicode>he Middle Dutch Reinaert. The Dutch text will be</Unicode>
                </TextEquiv>
            </TextLine>
            <TextLine id="r1l34" custom="readingOrder {index:33;}">
                <Coords points="125,3333 405,3355 537,3328 795,3351 892,3332 892,3301 829,3293 125,3293"/>
                <Baseline points="135,3327 172,3327 209,3328 247,3328 284,3328 322,3328 359,3327 396,3327 434,3326 471,3326 509,3325 546,3324 583,3324 621,3323 658,3323 696,3323 733,3323 770,3323 808,3323 845,3324 883,3325"/>
                <TextEquiv>
                    <Unicode>Dutch is required, the course being intended to serve</Unicode>
                </TextEquiv>
            </TextLine>
            <TextEquiv>
                <Unicode>2. Cuttings
UNIVERSITT
of the works of the Austrian writer. Emphasis will
bhilosophy of life and his position in modern Austrian
ddiscussions.
rman syntax and synonomy. 3 points
EUSER.
nced students who wish to perfect themselves in the
recommended for candidates for a graduate degree
y language requirement.
dern Dutch authors. 3 points Spring
8o, with readings from texts progressively arranged
ho hnve had no previous training in the lunguage.
ZED COURSES
medieval courtly epic. 3 points Winter
Iderlin and Novalis. 3 points Spring

rily for candidates for the degrec of Master of Arts
en only to those who have passed the matriculation
nd place of the examination will be announced atthe
the proseminar will be made conditional on passing
German. 3 points each session. Pro¬
ology and heroic legend. 4 points
ENV.
sophy.
uction to Germanic philology in the broadest sense.
 heroie legends of the Germanic peoples. Particular
n. 4 points Winter Session. Professor

h Reinaert. 3 points Spring Session.
Philosophy.
beast epic in general, with special emphasis on the
he Middle Dutch Reinaert. The Dutch text will be
Dutch is required, the course being intended to serve</Unicode>
            </TextEquiv>
        </TextRegion>
        <TextRegion orientation="0.0" id="r2" custom="readingOrder {index:1;}">
            <Coords points="893,171 893,325 1315,325 1315,171"/>
            <TextLine id="r2l1" custom="readingOrder {index:0;}">
                <Coords points="884,270 936,296 1047,287 1066,268 1154,293 1195,278 1299,286 1324,273 1324,207 1247,202 1166,223 1120,214 1086,240 1028,228 944,237 915,216 883,218"/>
                <Baseline points="893,274 919,275 945,275 972,275 998,275 1024,275 1051,275 1077,275 1104,275 1130,274 1156,274 1183,273 1209,273 1235,273 1262,272 1288,272 1315,271"/>
                <TextEquiv>
                    <Unicode>box 38/4</Unicode>
                </TextEquiv>
            </TextLine>
            <TextEquiv>
                <Unicode>box 38/4</Unicode>
            </TextEquiv>
        </TextRegion>
        <TextRegion orientation="0.0" id="r3" custom="readingOrder {index:2;}">
            <Coords points="1323,1053 1323,3366 2767,3366 2767,1053"/>
            <TextLine id="r3l1" custom="readingOrder {index:0;}">
                <Coords points="1390,1087 2739,1092 2715,1017 2143,1011 1739,1060 1389,1033"/>
                <Baseline points="1399,1089 1465,1089 1532,1089 1598,1088 1665,1088 1731,1087 1798,1086 1864,1085 1931,1083 1997,1082 2064,1081 2130,1079 2197,1078 2263,1077 2330,1076 2396,1075 2463,1074 2529,1074 2596,1074 2662,1074 2729,1074"/>
                <TextEquiv>
                    <Unicode>MODERN LANGUAGES AND LITERATURES 2:</Unicode>
                </TextEquiv>
            </TextLine>
            <TextLine id="r3l2" custom="readingOrder {index:1;}">
                <Coords points="1346,1189 2749,1169 2630,1113 1792,1159 1346,1128"/>
                <Baseline points="1355,1177 1424,1177 1493,1177 1562,1176 1632,1176 1701,1175 1770,1174 1839,1174 1909,1173 1978,1172 2047,1171 2116,1170 2186,1169 2255,1168 2324,1168 2393,1167 2463,1167 2532,1166 2601,1166 2670,1166 2740,1166"/>
                <TextEquiv>
                    <Unicode>Gothic 228—Gothic. 4 points Spring Session. Professor A. J. BAkNouw.</Unicode>
                </TextEquiv>
            </TextLine>
            <TextLine id="r3l3" custom="readingOrder {index:2;}">
                <Coords points="1352,1234 2133,1231 2132,1188 2048,1180 1351,1185"/>
                <Baseline points="1361,1227 1399,1227 1437,1228 1475,1228 1513,1227 1551,1227 1589,1227 1628,1226 1666,1225 1704,1224 1742,1223 1780,1223 1818,1222 1856,1221 1895,1221 1933,1220 1971,1220 2009,1221 2047,1221 2085,1223 2124,1224"/>
                <TextEquiv>
                    <Unicode>Tu., Th. and F. at 5tto. 514 Philosophy.</Unicode>
                </TextEquiv>
            </TextLine>
            <TextLine id="r3l4" custom="readingOrder {index:3;}">
                <Coords points="1342,1294 1403,1281 1455,1293 1510,1285 1544,1297 1578,1283 1609,1295 1627,1280 1677,1281 1676,1245 1642,1248 1613,1230 1495,1251 1461,1232 1436,1250 1408,1249 1391,1235 1379,1246 1341,1246"/>
                <Baseline points="1351,1274 1377,1274 1403,1274 1430,1274 1456,1273 1482,1273 1509,1273 1535,1272 1561,1272 1588,1271 1614,1271 1640,1271 1667,1271"/>
                <TextEquiv>
                    <Unicode>Lectures and texts.</Unicode>
                </TextEquiv>
            </TextLine>
            <TextLine id="r3l5" custom="readingOrder {index:4;}">
                <Coords points="1351,1358 2754,1351 2697,1270 2233,1277 2141,1319 2022,1266 1845,1307 1350,1291"/>
                <Baseline points="1359,1344 1428,1344 1497,1343 1566,1343 1636,1343 1705,1342 1774,1342 1844,1341 1913,1341 1982,1340 2052,1339 2121,1338 2190,1338 2259,1337 2329,1337 2398,1336 2467,1335 2537,1335 2606,1335 2675,1334 2745,1334"/>
                <TextEquiv>
                    <Unicode>(Scandinavian 221—222—0le Icelandic. 3 points each session. Professor</Unicode>
                </TextEquiv>
            </TextLine>
            <TextLine id="r3l6" custom="readingOrder {index:5;}">
                <Coords points="1322,1392 1372,1408 1385,1397 1430,1400 1455,1413 1476,1397 1512,1411 1539,1411 1562,1396 1613,1409 1632,1403 1632,1367 1612,1369 1593,1353 1537,1362 1419,1352 1385,1366 1322,1358"/>
                <Baseline points="1331,1393 1357,1394 1384,1394 1410,1394 1437,1394 1463,1394 1490,1394 1516,1393 1543,1393 1569,1393 1596,1393 1623,1393"/>
                <TextEquiv>
                    <Unicode>A. F. J. Rxnv.</Unicode>
                </TextEquiv>
            </TextLine>
            <TextLine id="r3l7" custom="readingOrder {index:6;}">
                <Coords points="1361,1445 1508,1455 1531,1442 1554,1455 1583,1440 1617,1460 1674,1438 1694,1451 1816,1448 1830,1443 1830,1396 1681,1409 1653,1390 1540,1410 1495,1398 1361,1409"/>
                <Baseline points="1369,1439 1394,1439 1419,1439 1444,1439 1469,1438 1494,1438 1519,1438 1544,1438 1569,1438 1595,1437 1620,1437 1645,1437 1670,1437 1695,1437 1720,1437 1745,1437 1770,1438 1795,1438 1821,1439"/>
                <TextEquiv>
                    <Unicode>Not given in 1030-103l.]</Unicode>
                </TextEquiv>
            </TextLine>
            <TextLine id="r3l8" custom="readingOrder {index:7;}">
                <Coords points="1845,1517 1897,1519 1909,1532 1981,1525 2013,1541 2056,1517 2169,1516 2183,1526 2241,1501 2241,1478 2228,1475 2112,1482 2063,1467 2031,1485 1907,1489 1845,1473"/>
                <Baseline points="1854,1513 1879,1514 1904,1514 1929,1514 1954,1514 1980,1514 2005,1513 2030,1513 2055,1513 2080,1513 2106,1513 2131,1513 2156,1513 2181,1514 2206,1514 2232,1516"/>
                <TextEquiv>
                    <Unicode>RESEARCH COURSES</Unicode>
                </TextEquiv>
            </TextLine>
            <TextLine id="r3l9" custom="readingOrder {index:8;}">
                <Coords points="1357,1581 2614,1597 2759,1560 2759,1510 1356,1554"/>
                <Baseline points="1365,1583 1434,1583 1503,1583 1572,1583 1642,1582 1711,1582 1780,1581 1850,1581 1919,1580 1988,1580 2058,1579 2127,1578 2196,1578 2265,1577 2335,1577 2404,1576 2473,1576 2543,1575 2612,1575 2681,1575 2751,1575"/>
                <TextEquiv>
                    <Unicode>German 301—Seminar in German literature. 3 points Winter Session.</Unicode>
                </TextEquiv>
            </TextLine>
            <TextLine id="r3l10" custom="readingOrder {index:9;}">
                <Coords points="1320,1629 1446,1649 1508,1631 1580,1652 1645,1630 1679,1647 1741,1638 1741,1595 1696,1601 1641,1580 1614,1598 1465,1603 1320,1588"/>
                <Baseline points="1330,1626 1355,1628 1380,1629 1405,1629 1430,1629 1455,1630 1480,1629 1505,1629 1531,1629 1556,1628 1581,1628 1606,1627 1631,1627 1656,1626 1681,1626 1706,1626 1732,1626"/>
                <TextEquiv>
                    <Unicode>Professor R. H. Firk.</Unicode>
                </TextEquiv>
            </TextLine>
            <TextLine id="r3l11" custom="readingOrder {index:10;}">
                <Coords points="1356,1684 1621,1704 1657,1679 1859,1679 2073,1707 2189,1670 2188,1624 1355,1641"/>
                <Baseline points="1365,1674 1405,1675 1446,1675 1487,1675 1528,1675 1568,1675 1609,1675 1650,1675 1691,1674 1731,1674 1772,1673 1813,1673 1854,1672 1894,1671 1935,1671 1976,1670 2017,1670 2057,1669 2098,1669 2139,1669 2180,1669"/>
                <TextEquiv>
                    <Unicode>Two hours, to be arranged. 514 Philosophy.</Unicode>
                </TextEquiv>
            </TextLine>
            <TextLine id="r3l12" custom="readingOrder {index:11;}">
                <Coords points="1365,1770 2760,1738 2707,1686 2492,1680 1364,1706"/>
                <Baseline points="1374,1750 1442,1751 1511,1751 1580,1751 1649,1751 1718,1750 1787,1750 1855,1749 1924,1749 1993,1748 2062,1747 2131,1746 2200,1744 2269,1743 2337,1742 2406,1741 2475,1739 2544,1738 2613,1737 2682,1736 2751,1734"/>
                <TextEquiv>
                    <Unicode>German 302—Seminar in Germanie philology. 3 points Spring Session.</Unicode>
                </TextEquiv>
            </TextLine>
            <TextLine id="r3l13" custom="readingOrder {index:12;}">
                <Coords points="1315,1811 1571,1814 1594,1800 1616,1812 1655,1794 1684,1811 1814,1786 1814,1763 1588,1755 1554,1772 1527,1758 1442,1773 1350,1753 1314,1761"/>
                <Baseline points="1323,1796 1348,1796 1373,1796 1399,1797 1424,1797 1449,1797 1475,1797 1500,1797 1525,1797 1551,1796 1576,1796 1602,1795 1627,1795 1652,1794 1678,1794 1703,1793 1728,1792 1754,1792 1779,1790 1805,1789"/>
                <TextEquiv>
                    <Unicode>Professor A. F. J. REMv.</Unicode>
                </TextEquiv>
            </TextLine>
            <TextLine id="r3l14" custom="readingOrder {index:13;}">
                <Coords points="1358,1850 2190,1849 2189,1809 2105,1789 1885,1812 1358,1802"/>
                <Baseline points="1368,1842 1408,1842 1449,1841 1489,1841 1530,1840 1571,1840 1611,1839 1652,1839 1692,1838 1733,1838 1774,1838 1814,1837 1855,1837 1895,1837 1936,1837 1977,1836 2017,1836 2058,1836 2098,1836 2139,1836 2180,1836"/>
                <TextEquiv>
                    <Unicode>Two hours, to be arranged. 514 Philosophy.</Unicode>
                </TextEquiv>
            </TextLine>
            <TextLine id="r3l15" custom="readingOrder {index:14;}">
                <Coords points="1354,1884 2676,1885 2753,1843 1354,1859"/>
                <Baseline points="1363,1888 1432,1889 1501,1889 1570,1889 1639,1889 1708,1888 1777,1887 1846,1886 1915,1885 1984,1883 2054,1882 2123,1880 2192,1879 2261,1877 2330,1876 2399,1875 2468,1874 2537,1873 2606,1873 2675,1873 2745,1873"/>
                <TextEquiv>
                    <Unicode>Wote. The seminars are open only to students who have received the Master of Arts degree</Unicode>
                </TextEquiv>
            </TextLine>
            <TextLine id="r3l16" custom="readingOrder {index:15;}">
                <Coords points="1322,1927 2768,1948 2744,1878 1322,1882"/>
                <Baseline points="1331,1927 1402,1927 1473,1928 1545,1928 1616,1927 1688,1927 1759,1926 1830,1924 1902,1923 1973,1922 2045,1920 2116,1918 2187,1917 2259,1916 2330,1914 2402,1913 2473,1913 2544,1912 2616,1912 2687,1913 2759,1914"/>
                <TextEquiv>
                    <Unicode>or have an equivalent preparation. They are required of candidates for the degree of Doctor of</Unicode>
                </TextEquiv>
            </TextLine>
            <TextLine id="r3l17" custom="readingOrder {index:16;}">
                <Coords points="1328,1972 1389,1974 1407,1986 1432,1972 1471,1992 1527,1979 1527,1940 1475,1938 1457,1925 1435,1941 1408,1943 1378,1927 1365,1936 1328,1929"/>
                <Baseline points="1337,1963 1362,1963 1388,1963 1414,1964 1439,1964 1465,1964 1491,1963 1517,1962"/>
                <TextEquiv>
                    <Unicode>Philosophy.</Unicode>
                </TextEquiv>
            </TextLine>
            <TextLine id="r3l18" custom="readingOrder {index:17;}">
                <Coords points="1673,2040 1861,2030 1901,2053 2223,2026 2326,2046 2404,2024 2404,1983 1673,1997"/>
                <Baseline points="1683,2026 1718,2026 1754,2027 1789,2027 1825,2027 1861,2028 1896,2028 1932,2028 1967,2028 2003,2027 2039,2027 2074,2027 2110,2027 2145,2026 2181,2026 2217,2026 2252,2025 2288,2025 2323,2024 2359,2024 2395,2023"/>
                <TextEquiv>
                    <Unicode>COURSES GIVEN IN TEACHERS COLLEGE</Unicode>
                </TextEquiv>
            </TextLine>
            <TextLine id="r3l19" custom="readingOrder {index:18;}">
                <Coords points="1359,2091 2776,2090 2776,2051 2573,2027 1359,2050"/>
                <Baseline points="1369,2091 1438,2090 1508,2089 1578,2088 1648,2087 1718,2086 1788,2086 1858,2085 1928,2085 1998,2084 2068,2084 2137,2084 2207,2083 2277,2083 2347,2083 2417,2083 2487,2083 2557,2082 2627,2082 2697,2082 2767,2082"/>
                <TextEquiv>
                    <Unicode>Education 273E 274E—Teaching of foreign langunges. For secondary schools. 3 points</Unicode>
                </TextEquiv>
            </TextLine>
            <TextLine id="r3l20" custom="readingOrder {index:19;}">
                <Coords points="1318,2154 1460,2134 1806,2151 1857,2131 1940,2158 1986,2131 2078,2129 2056,2092 1934,2087 1318,2106"/>
                <Baseline points="1327,2130 1364,2130 1401,2129 1438,2129 1475,2129 1512,2129 1549,2128 1586,2128 1623,2128 1660,2128 1698,2127 1735,2127 1772,2126 1809,2125 1846,2125 1883,2124 1920,2123 1957,2122 1994,2121 2031,2120 2069,2118"/>
                <TextEquiv>
                    <Unicode>each session. Professor E. W. BAGSTRR-COLLINS.</Unicode>
                </TextEquiv>
            </TextLine>
            <TextLine id="r3l21" custom="readingOrder {index:20;}">
                <Coords points="1368,2175 1400,2178 1435,2193 1451,2184 1467,2189 1499,2180 1538,2188 1563,2170 1574,2170 1574,2141 1550,2138 1538,2144 1520,2135 1498,2142 1478,2135 1409,2142 1367,2137"/>
                <Baseline points="1377,2165 1403,2166 1430,2165 1457,2165 1483,2164 1510,2164 1537,2163 1564,2164"/>
                <TextEquiv>
                    <Unicode>S., 0-10:50.</Unicode>
                </TextEquiv>
            </TextLine>
            <TextLine id="r3l22" custom="readingOrder {index:21;}">
                <Coords points="1363,2218 2771,2217 2770,2170 2602,2161 1362,2174"/>
                <Baseline points="1371,2221 1440,2220 1510,2220 1579,2219 1649,2218 1718,2218 1788,2217 1857,2216 1927,2216 1996,2215 2066,2214 2136,2214 2205,2213 2275,2212 2344,2212 2414,2211 2483,2211 2553,2210 2622,2210 2692,2210 2762,2210"/>
                <TextEquiv>
                    <Unicode>Fducation 273F—German In secondary schools. Study of material. Lectures, recitations</Unicode>
                </TextEquiv>
            </TextLine>
            <TextLine id="r3l23" custom="readingOrder {index:22;}">
                <Coords points="1328,2284 2433,2270 2433,2220 1327,2230"/>
                <Baseline points="1336,2261 1390,2261 1444,2260 1499,2260 1553,2259 1608,2258 1662,2258 1716,2257 1771,2256 1825,2255 1880,2254 1934,2253 1988,2252 2043,2251 2097,2250 2152,2249 2206,2248 2260,2248 2315,2247 2369,2247 2424,2247"/>
                <TextEquiv>
                    <Unicode>and papers. 3 points Winter Session. Professor E. W. BACSTER-COLLINS.</Unicode>
                </TextEquiv>
            </TextLine>
            <TextLine id="r3l24" custom="readingOrder {index:23;}">
                <Coords points="1361,2302 1449,2311 1469,2301 1508,2303 1528,2319 1562,2302 1601,2305 1601,2277 1564,2279 1555,2270 1511,2263 1481,2276 1438,2266 1418,2275 1400,2264 1361,2281"/>
                <Baseline points="1370,2297 1397,2299 1425,2299 1453,2299 1481,2299 1508,2297 1536,2297 1564,2297 1592,2297"/>
                <TextEquiv>
                    <Unicode>S., 11-12150.</Unicode>
                </TextEquiv>
            </TextLine>
            <TextLine id="r3l25" custom="readingOrder {index:24;}">
                <Coords points="1356,2347 2667,2343 2758,2297 1355,2318"/>
                <Baseline points="1364,2340 1433,2341 1502,2341 1571,2341 1641,2341 1710,2340 1779,2340 1848,2339 1918,2338 1987,2337 2056,2336 2125,2335 2195,2334 2264,2333 2333,2331 2402,2330 2472,2328 2541,2327 2610,2325 2679,2324 2749,2322"/>
                <TextEquiv>
                    <Unicode>This is a subject matter courz-, for prospective teachers of German, It alms to organize the</Unicode>
                </TextEquiv>
            </TextLine>
            <TextLine id="r3l26" custom="readingOrder {index:25;}">
                <Coords points="1794,2389 2652,2376 2763,2362 2763,2328 1794,2350"/>
                <Baseline points="1803,2373 1850,2373 1898,2373 1945,2373 1993,2373 2040,2373 2088,2372 2135,2372 2183,2371 2230,2370 2278,2369 2326,2369 2373,2368 2421,2367 2468,2366 2516,2365 2563,2365 2611,2364 2658,2363 2706,2363 2754,2362"/>
                <TextEquiv>
                    <Unicode>ssary for teaching German in secondary schools. Accidence and</Unicode>
                </TextEquiv>
            </TextLine>
            <TextLine id="r3l27" custom="readingOrder {index:26;}">
                <Coords points="1331,2397 1576,2381 1698,2390 1737,2366 1737,2345 1554,2356 1484,2346 1416,2358 1330,2340"/>
                <Baseline points="1340,2377 1365,2379 1391,2380 1417,2380 1443,2380 1469,2380 1495,2380 1521,2380 1546,2379 1572,2378 1598,2378 1624,2377 1650,2376 1676,2375 1702,2375 1728,2375"/>
                <TextEquiv>
                    <Unicode>various kinds of knowied:</Unicode>
                </TextEquiv>
            </TextLine>
            <TextLine id="r3l28" custom="readingOrder {index:27;}">
                <Coords points="1328,2431 2660,2428 2764,2410 2764,2371 1327,2401"/>
                <Baseline points="1337,2419 1407,2419 1478,2418 1549,2417 1620,2416 1691,2415 1762,2414 1833,2413 1904,2412 1975,2411 2046,2410 2116,2408 2187,2407 2258,2406 2329,2405 2400,2405 2471,2404 2542,2403 2613,2403 2684,2403 2755,2403"/>
                <TextEquiv>
                    <Unicode>syntax, composition, claser t sversation and typical tex leed in secondary work form the</Unicode>
                </TextEquiv>
            </TextLine>
            <TextLine id="r3l29" custom="readingOrder {index:28;}">
                <Coords points="1332,2461 1429,2476 1446,2461 1483,2478 1545,2458 1610,2465 1661,2455 1692,2467 1701,2466 1700,2421 1661,2435 1632,2420 1331,2430"/>
                <Baseline points="1341,2457 1366,2457 1391,2457 1416,2457 1441,2457 1466,2457 1491,2456 1516,2455 1541,2454 1566,2453 1591,2452 1616,2451 1641,2449 1666,2449 1692,2448"/>
                <TextEquiv>
                    <Unicode>chief topics for study.</Unicode>
                </TextEquiv>
            </TextLine>
            <TextLine id="r3l30" custom="readingOrder {index:29;}">
                <Coords points="1350,2514 2695,2523 2775,2491 2774,2444 1349,2482"/>
                <Baseline points="1359,2510 1429,2509 1499,2508 1570,2507 1640,2506 1711,2505 1781,2504 1851,2502 1922,2501 1992,2499 2063,2498 2133,2497 2203,2496 2274,2495 2344,2494 2415,2493 2485,2492 2555,2492 2626,2491 2696,2491 2767,2491"/>
                <TextEquiv>
                    <Unicode>Education 273H—Phoneties, 2 points either session. Trofessor E. W. BAGSTRR-COLLINs.</Unicode>
                </TextEquiv>
            </TextLine>
            <TextLine id="r3l31" custom="readingOrder {index:30;}">
                <Coords points="1368,2568 1421,2554 1482,2562 1496,2549 1565,2568 1638,2548 1688,2558 1688,2517 1610,2513 1575,2525 1558,2514 1543,2523 1506,2512 1464,2523 1412,2513 1367,2525"/>
                <Baseline points="1377,2547 1402,2548 1427,2548 1452,2548 1477,2547 1502,2547 1528,2546 1553,2546 1578,2545 1603,2544 1628,2544 1653,2543 1679,2543"/>
                <TextEquiv>
                    <Unicode>M. and F. at 3110.</Unicode>
                </TextEquiv>
            </TextLine>
            <TextLine id="r3l32" custom="readingOrder {index:31;}">
                <Coords points="1372,2616 2764,2609 2764,2557 2604,2526 2508,2562 1372,2564"/>
                <Baseline points="1382,2602 1450,2600 1519,2599 1587,2597 1656,2596 1725,2596 1793,2595 1862,2594 1931,2594 1999,2594 2068,2593 2137,2593 2205,2593 2274,2593 2343,2592 2411,2592 2480,2591 2549,2591 2617,2590 2686,2589 2755,2588"/>
                <TextEquiv>
                    <Unicode>Education 374R—Probleme In modern language method. 3 points Spring Session.</Unicode>
                </TextEquiv>
            </TextLine>
            <TextLine id="r3l33" custom="readingOrder {index:32;}">
                <Coords points="1330,2658 1384,2641 1875,2642 1874,2617 1835,2598 1624,2615 1604,2602 1575,2615 1330,2602"/>
                <Baseline points="1339,2639 1365,2639 1391,2639 1417,2639 1444,2639 1470,2639 1496,2638 1523,2638 1549,2638 1575,2637 1602,2636 1628,2636 1654,2636 1680,2635 1707,2635 1733,2634 1759,2634 1786,2634 1812,2634 1838,2634 1865,2635"/>
                <TextEquiv>
                    <Unicode>Professor E. W. BAGsTER-COLLINS.</Unicode>
                </TextEquiv>
            </TextLine>
            <TextLine id="r3l34" custom="readingOrder {index:33;}">
                <Coords points="1355,2689 1383,2678 1434,2694 1444,2685 1479,2702 1500,2682 1518,2689 1532,2677 1581,2698 1600,2683 1636,2691 1682,2677 1682,2654 1640,2640 1619,2648 1576,2639 1493,2650 1482,2641 1470,2652 1386,2645 1354,2657"/>
                <Baseline points="1364,2678 1389,2677 1415,2677 1441,2677 1467,2676 1492,2675 1518,2674 1544,2673 1570,2672 1595,2672 1621,2671 1647,2671 1673,2671"/>
                <TextEquiv>
                    <Unicode>M. and W. at 4110.</Unicode>
                </TextEquiv>
            </TextLine>
            <TextLine id="r3l35" custom="readingOrder {index:34;}">
                <Coords points="1805,2710 1868,2735 2024,2726 2042,2738 2094,2724 2200,2749 2277,2718 2276,2672 2135,2690 2067,2661 2002,2697 1979,2679 1805,2692"/>
                <Baseline points="1815,2722 1840,2721 1865,2721 1890,2720 1915,2720 1940,2719 1965,2719 1990,2719 2015,2719 2041,2719 2066,2719 2091,2719 2116,2719 2141,2719 2166,2720 2191,2720 2216,2720 2241,2720 2267,2720"/>
                <TextEquiv>
                    <Unicode>SUMMER SESSION 1920</Unicode>
                </TextEquiv>
            </TextLine>
            <TextLine id="r3l36" custom="readingOrder {index:35;}">
                <Coords points="1363,2796 2586,2803 2724,2791 2772,2740 1362,2769"/>
                <Baseline points="1372,2792 1441,2792 1511,2790 1580,2789 1650,2789 1719,2788 1789,2787 1858,2786 1928,2786 1997,2785 2067,2784 2137,2784 2206,2783 2276,2782 2345,2781 2415,2780 2484,2779 2554,2778 2623,2777 2693,2776 2763,2774"/>
                <TextEquiv>
                    <Unicode>For information concerning the following courses given in the Summer Session</Unicode>
                </TextEquiv>
            </TextLine>
            <TextLine id="r3l37" custom="readingOrder {index:36;}">
                <Coords points="1334,2844 2307,2851 2306,2797 2215,2789 1334,2815"/>
                <Baseline points="1342,2838 1389,2837 1437,2836 1485,2836 1533,2835 1580,2834 1628,2834 1676,2834 1724,2834 1771,2834 1819,2833 1867,2833 1915,2833 1962,2833 2010,2832 2058,2831 2106,2831 2153,2830 2201,2828 2249,2827 2297,2825"/>
                <TextEquiv>
                    <Unicode>see the current Announcement of the Summer Session.</Unicode>
                </TextEquiv>
            </TextLine>
            <TextLine id="r3l38" custom="readingOrder {index:37;}">
                <Coords points="1370,2914 2502,2919 2769,2888 2768,2831 1369,2871"/>
                <Baseline points="1379,2891 1448,2891 1517,2891 1586,2891 1655,2891 1724,2891 1793,2890 1862,2890 1931,2889 2000,2889 2069,2888 2138,2887 2207,2887 2276,2886 2345,2885 2414,2884 2483,2883 2552,2882 2621,2880 2690,2879 2759,2878"/>
                <TextEquiv>
                    <Unicode>German s102—History of German Iliterature from the Reformation to the nineteenth</Unicode>
                </TextEquiv>
            </TextLine>
            <TextLine id="r3l39" custom="readingOrder {index:38;}">
                <Coords points="1328,2940 2002,2955 2048,2933 2048,2908 1600,2898 1564,2918 1489,2899 1328,2924"/>
                <Baseline points="1337,2938 1372,2939 1407,2940 1442,2941 1477,2942 1512,2942 1547,2942 1582,2942 1617,2942 1652,2941 1688,2941 1723,2940 1758,2939 1793,2939 1828,2938 1863,2937 1898,2937 1933,2936 1968,2935 2003,2935 2039,2934"/>
                <TextEquiv>
                    <Unicode>century. 3 points. Professor W. A. BRAUN.</Unicode>
                </TextEquiv>
            </TextLine>
            <TextLine id="r3l40" custom="readingOrder {index:39;}">
                <Coords points="1356,3001 2519,3007 2727,2992 2764,2946 1356,2969"/>
                <Baseline points="1365,2994 1434,2995 1504,2995 1573,2995 1643,2995 1712,2994 1782,2993 1851,2992 1921,2991 1990,2990 2060,2989 2129,2987 2199,2986 2268,2985 2338,2984 2407,2982 2477,2981 2546,2980 2616,2979 2685,2979 2755,2978"/>
                <TextEquiv>
                    <Unicode>German s205—Proseminar: E. T. A. Hoffmann. 3 points. Professor H. H. L. Schutzn.</Unicode>
                </TextEquiv>
            </TextLine>
            <TextLine id="r3l41" custom="readingOrder {index:40;}">
                <Coords points="1771,3111 1990,3121 2025,3102 2059,3116 2131,3100 2198,3128 2260,3101 2282,3121 2324,3102 2323,3035 2155,3059 2047,3050 2028,3065 2006,3047 1876,3064 1770,3048"/>
                <Baseline points="1779,3099 1805,3100 1832,3100 1859,3101 1886,3101 1913,3101 1940,3100 1966,3100 1993,3099 2020,3098 2047,3098 2074,3097 2101,3096 2128,3095 2154,3094 2181,3094 2208,3093 2235,3093 2262,3092 2289,3092 2316,3092"/>
                <TextEquiv>
                    <Unicode>ROMANCE LANGUAGES</Unicode>
                </TextEquiv>
            </TextLine>
            <TextLine id="r3l42" custom="readingOrder {index:41;}">
                <Coords points="1366,3173 2760,3161 2759,3118 2673,3089 2545,3130 1366,3145"/>
                <Baseline points="1376,3168 1444,3169 1513,3170 1582,3170 1651,3170 1719,3170 1788,3170 1857,3169 1926,3168 1994,3167 2063,3166 2132,3164 2201,3163 2269,3161 2338,3160 2407,3158 2476,3157 2544,3156 2613,3155 2682,3154 2751,3153"/>
                <TextEquiv>
                    <Unicode>For undergraduale courses in Romance languages and literatures given in Columbia College.</Unicode>
                </TextEquiv>
            </TextLine>
            <TextLine id="r3l43" custom="readingOrder {index:42;}">
                <Coords points="1328,3216 2777,3186 1327,3182"/>
                <Baseline points="1337,3208 1408,3208 1480,3208 1551,3208 1623,3207 1694,3207 1766,3207 1837,3206 1909,3205 1980,3204 2052,3203 2123,3202 2195,3201 2266,3200 2338,3199 2409,3198 2481,3197 2552,3196 2624,3195 2695,3193 2767,3193"/>
                <TextEquiv>
                    <Unicode>Barnard College, School of Journalism, School of Business, University Extension, Summer Session</Unicode>
                </TextEquiv>
            </TextLine>
            <TextLine id="r3l44" custom="readingOrder {index:43;}">
                <Coords points="1330,3267 1833,3248 1905,3273 2081,3243 2129,3275 2294,3243 2315,3208 1330,3210"/>
                <Baseline points="1339,3243 1387,3244 1435,3244 1484,3245 1532,3245 1581,3245 1629,3245 1677,3244 1726,3244 1774,3243 1823,3243 1871,3242 1919,3241 1968,3240 2016,3239 2065,3238 2113,3237 2161,3236 2210,3235 2258,3234 2307,3233"/>
                <TextEquiv>
                    <Unicode>and Home Study, consult the separately printed Announcements.</Unicode>
                </TextEquiv>
            </TextLine>
            <TextLine id="r3l45" custom="readingOrder {index:44;}">
                <Coords points="1373,3304 2724,3308 2761,3259 1373,3270"/>
                <Baseline points="1382,3304 1450,3305 1519,3305 1587,3306 1656,3306 1724,3305 1793,3305 1861,3304 1930,3304 1998,3303 2067,3302 2136,3301 2204,3300 2273,3298 2341,3297 2410,3296 2478,3294 2547,3293 2615,3292 2684,3290 2753,3289"/>
                <TextEquiv>
                    <Unicode>The Department of Romance Languages is divided into three sections: (1)</Unicode>
                </TextEquiv>
            </TextLine>
            <TextLine id="r3l46" custom="readingOrder {index:45;}">
                <Coords points="1326,3366 2776,3354 2775,3300 2649,3297 1326,3326"/>
                <Baseline points="1335,3355 1406,3356 1478,3356 1549,3356 1621,3356 1693,3356 1764,3355 1836,3355 1907,3354 1979,3352 2051,3351 2122,3349 2194,3348 2265,3346 2337,3344 2409,3342 2480,3341 2552,3339 2623,3337 2695,3336 2767,3334"/>
                <TextEquiv>
                    <Unicode>French and Romance philology, (2) Hispanic, (3) Italian. Students should choose</Unicode>
                </TextEquiv>
            </TextLine>
            <TextEquiv>
                <Unicode>MODERN LANGUAGES AND LITERATURES 2:
Gothic 228—Gothic. 4 points Spring Session. Professor A. J. BAkNouw.
Tu., Th. and F. at 5tto. 514 Philosophy.
Lectures and texts.
(Scandinavian 221—222—0le Icelandic. 3 points each session. Professor
A. F. J. Rxnv.
Not given in 1030-103l.]
RESEARCH COURSES
German 301—Seminar in German literature. 3 points Winter Session.
Professor R. H. Firk.
Two hours, to be arranged. 514 Philosophy.
German 302—Seminar in Germanie philology. 3 points Spring Session.
Professor A. F. J. REMv.
Two hours, to be arranged. 514 Philosophy.
Wote. The seminars are open only to students who have received the Master of Arts degree
or have an equivalent preparation. They are required of candidates for the degree of Doctor of
Philosophy.
COURSES GIVEN IN TEACHERS COLLEGE
Education 273E 274E—Teaching of foreign langunges. For secondary schools. 3 points
each session. Professor E. W. BAGSTRR-COLLINS.
S., 0-10:50.
Fducation 273F—German In secondary schools. Study of material. Lectures, recitations
and papers. 3 points Winter Session. Professor E. W. BACSTER-COLLINS.
S., 11-12150.
This is a subject matter courz-, for prospective teachers of German, It alms to organize the
ssary for teaching German in secondary schools. Accidence and
various kinds of knowied:
syntax, composition, claser t sversation and typical tex leed in secondary work form the
chief topics for study.
Education 273H—Phoneties, 2 points either session. Trofessor E. W. BAGSTRR-COLLINs.
M. and F. at 3110.
Education 374R—Probleme In modern language method. 3 points Spring Session.
Professor E. W. BAGsTER-COLLINS.
M. and W. at 4110.
SUMMER SESSION 1920
For information concerning the following courses given in the Summer Session
see the current Announcement of the Summer Session.
German s102—History of German Iliterature from the Reformation to the nineteenth
century. 3 points. Professor W. A. BRAUN.
German s205—Proseminar: E. T. A. Hoffmann. 3 points. Professor H. H. L. Schutzn.
ROMANCE LANGUAGES
For undergraduale courses in Romance languages and literatures given in Columbia College.
Barnard College, School of Journalism, School of Business, University Extension, Summer Session
and Home Study, consult the separately printed Announcements.
The Department of Romance Languages is divided into three sections: (1)
French and Romance philology, (2) Hispanic, (3) Italian. Students should choose</Unicode>
            </TextEquiv>
        </TextRegion>
    </Page>
</PcGts>
