3344 4256
1795 56 2309 105 e
1777 92 2690 140 (die bisher immer in modernes Deutsch übersetzt
1780 138 2694 186 wurde, aber einzig und allein in ein leicht archaistisch
1780 185 2694 238 gefärbtes Deutsch übertragen werden muß, um ihren
1771 223 2696 282 Reiz zu bewahren), das dritte zeigt des großen
1766 265 2693 326 chinesischen Lyrikers Li=Tai=Pe strengen Parallelis¬
1769 311 2698 367 mus und Wortkargheit, die durch das Chinesische
1774 353 2696 404 selbst mit bedingt ist. Bisher wurde Li=Tai=Pe stets
1779 399 2688 450 weit ausholend umschrieben, während ich seine Fünf¬
1784 445 2692 490 silber in Quinaren fast Wort für Wort wiedergebe.
1787 486 2703 549 Ich glaube ein gewisses Recht zu haben, für diese
2563 707 2673 772 580
1427 716 2092 781 Karl Hans Strobl, Arthur Schnitzler
1846 828 2701 904 Und vielleicht ist gerade hier der archimedische
805 855 1735 909 kommen sie nicht aus dem Gehirn, sondern aus dem
1784 892 2702 944 Punkt, von dem sich eine Art von Herrschaft über
804 900 978 959 Gefühl.
1780 945 2709 995 Welt und Leben gewinnen läßt. Wenn Wahrheit
870 928 1737 989 Der Typus des süßen Mädels war neu. Aber
1782 977 2699 1036 und Lüge ineinanderfließen und nichts gewiß ist,
801 984 1732 1043 unter allen Surrogaten ist für Schnitzler das Sur¬
1782 1035 2713 1077 was sie unterscheidet — was hindert uns, nach jenen
814 1032 1735 1082 rogat Weib das wichtigste, und er hat sich nicht
1785 1071 2707 1115 Dingen zu greifen, die uns begehrenswerter scheinen.
816 1080 1743 1126 damit begnügt, einen neuen Typ zu schaffen, sondern
1782 1110 2700 1173 Ein reizvolles Spiel. Ein Spiel, in dem das Weib
810 1128 1734 1170 hat auch geniale Varianten der vorhandenen ge¬
1786 1163 2702 1210 Meisterin ist; auch Meisterin des Mannes, denn sie
813 1163 1727 1207 funden. Vor Schnitzler waren die Franzosen da.
1780 1206 2708 1251 übt unbemußt, was er sich auf Denkumwegen er¬
822 1204 1740 1266 Sie haben fast alles ausgesprochen, was vom Weib,
1784 1232 2708 1303 worben hat. Das Weib, als Surrogat, ist selbst
814 1250 1729 1308 als Surrogat betrachtet, zu sagen war. Vom süßen
1786 1288 2711 1339 die große Lüge. Das wissen alle Don Juane, die
815 1299 1732 1350 Mädel wußten sie nichts. Denn dieses war nur aus
1775 1343 2711 1385 von einem Weib zum andern schleichen oder stürmen
816 1334 1734 1394 dem Wiener Boden zu schaffen. Die kleinen Freun¬
1785 1380 2712 1433 und doch niemals die Fanale ihres Begehrens ver¬
820 1384 1732 1428 dinnen der Bohémiens bei Murget sind etwas ganz
1785 1415 2704 1467 löschen sehen. Das Weib ist die Lüge. Oder viel¬
816 1424 1732 1478 anderes als diese schnitzlerschen Mädel. Das Quartier
1791 1471 2716 1514 mehr — sie lügt nicht, aber in jedem Augenblick hat
810 1472 1737 1521 Latin hat ein anderes Klima als Währing oder
1789 1506 2706 1554 sie eine andere Wahrheit. Wie Beatrice Nardi in
817 1510 1726 1570 Hernals. Aber die mondaine Frau, in den Grund¬
1788 1545 2712 1605 dem „Schleier der Beatrice“. Dieser Schleier ist
812 1567 1724 1611 zügen nicht verschieden, ob sie in Wien oder in Paris
1797 1599 2714 1658 symbolisch. Jedes Weib hat ihn. Sie wirft ihn
813 1598 1730 1647 lebt, die wurde schon von den Franzosen mit fast
1791 1641 2712 1694 über die Dinge, und sie verändern Gestalt und Wesen.
809 1642 1733 1705 wissenschaftlicher Genauigkeit erhascht und dargestellt.
1787 1687 2704 1733 Sie hüllt sich in ihn und erscheint uns verwandelt und
814 1685 1728 1736 Balzac hat ihre Enzyklopädie geschrieben. Für
1787 1728 2716 1775 unerkennbar. Ein reizvolles Spiel. Ein Spiel mit
812 1732 1745 1777 Schnitzler blieben nur die genialen Varianten übrig.
1798 1780 2709 1823 der Liebe, mit dem Leben, mit dem Tod. Beatrice
812 1776 1727 1832 Er hat sie gefunden. Die junge Witwe mit dem
1785 1816 2711 1858 liebt den Maler Filippo, verrät ihn an den Herzog,
816 1826 1739 1884 Durst nach Erfüllung, der zur großen Enttäuschung
1789 1854 2710 1901 verrät den Herzog an Filippo. Sie will mit Filippo
822 1864 1728 1918 führt. Das junge Mädchen, das, von einem Mann
1781 1901 2701 1953 sterben, und da Filippo sie auf die Probe stellt
806 1906 1729 1966 gebannt, sich ihm hingibt und dann ins Wasser geht.
1783 1937 2705 1999 und den harmlosen Wein, den sie getrunken haben,
817 1960 1735 2008 (Das Geniale liegt freilich nicht in diesem rohen
1797 1991 2707 2044 für Gift ausgibt, schreit sie in furchtbarer Angst auf
812 2007 1737 2055 Umriß, sondern im Detail, im Arasbeskenwerk und
1794 2042 2710 2090 und will das entfliehende Leben festhalten. Spiel
822 2045 1743 2082 der Ornamentik.) Ein Reigen von Leibern mit ganz
1784 2079 2703 2124 mit der Wahrheit ist Betrug, sagt der Mann von
818 2092 1732 2140 bestimmten, individualisierten Köpfen, deren Züge
1786 2119 2705 2190 Grundsätzen. Dem Weib ist der Betrug das Selbst¬
819 2131 1736 2192 sich fest einprägen, manchmal freilich auch von Leibern
1798 2166 2037 2225 verständliche.
810 2182 1073 2234 ohne Köpfe.
1846 2199 2709 2264 Ein reizvolles Spiel. Bewußt geübt, ist es noch
880 2205 1683 2283 Aber das Schönste ist doch das süße Mädel.
1784 2255 2654 2312 eines der wenigen wertvollen Güter des Lebens.
1281 2257 1738 2316 ein kleines, dämmeriges
852 2263 1241 2323 ... Denken Sie sich
819 2307 1699 2371 Zimmer — so klein — mit gemalten Wänden
1826 2311 2708 2378 „Was ist nicht Spiel, das wir auf Erden treiben,
809 2356 1739 2400 und noch dazu etwas zu licht — ein paar alte,
1825 2367 2608 2414 Und schien es noch so groß und tief zu sein!
809 2398 1725 2450 schlechte Kupferstiche mit verblaßten Aufschriften hän¬
1833 2412 2597 2453 Mit wilden Söldnerscharen spielt der eine,
828 2443 1734 2496 gen da und dort. — Eine Hängelampe mit einem
1835 2444 2641 2485 Ein andrer spielt mit tollen Abergläub'schen.
1835 2485 2594 2543 Vielleicht mit Sonnen, Sternen irgendwer,
821 2480 1737 2530 Schirm. — Vom Fenster aus, wenn es Abend wird,
1836 2522 2387 2589 Mit Menschenseelen spiele ich.“
819 2523 1735 2590 die Aussicht auf die im Dunkel versinkenden Dächer
822 2586 1735 2631 und Rauchfänge! ... Und — wenn der Frühling
1844 2577 2711 2653 Sagt Paracelsus. Er ist der Herrschende. Der
822 2618 1737 2668 kommt, da wird der Garten gegenüber blühn und
1841 2632 2333 2692 chere“ Mann denkt anders:
812 2661 1009 2723 duften.
1827 2685 2715 2749 „Auch ich hab' manchen Alpdruck schon verspürt;
877 2700 1729 2754 Das ist das Reich des süßen Mädels. Von ihm
1832 2743 2625 2781 Jedoch was tut's, man wacht ja wieder auf.
820 2746 1730 2793 erzählt Anatol Frau Gabriele, der mondainen Dame.
1839 2764 2678 2811 Sie Sonne kommt, der gute Lärm des Tags.
811 2798 1719 2844 Und das süße Mädel ist die Seele dieses Reiches
1836 2809 2706 2880 Man lacht des Traums und geht an seine Arbeit.“
820 2836 1735 2893 Und Frau Gabriele sendet dem Mädel Blumen und
1840 2869 2695 2927 Der sichere Mann glaubt sich dem „Träumer“
809 2876 1740 2932 trägt Anatol auf, ihr zu sagen: „Diese Blumen,
1795 2914 2712 2961 überlegen. Und in Wahrheit zeigt der Zusammen¬
820 2921 1740 2969 mein . . . süßes Mädel, schickt dir eine Frau, die
1791 2957 2711 2998 stoß sein Unterliegen. Aber auch der Träumer, der
809 2973 1735 3020 vielleicht ebenso lieben kann wie du und die den
1800 2997 2713 3044 Spieler mit Menschenseelen ist seines Spieles nicht
824 3015 1313 3080 Mut dazu nicht hatte ...
1789 3040 2712 3088 gewiß. Auch ihm kommt der Moment, wo ihm die
1786 3098 2712 3141 Fäden entgleiten und wo er vor dem ungeheueren
1791 3137 2710 3183 Rätsel des Urgrundes erstarrt. Durch die Kraft sei¬
872 3152 1746 3207 Die Waffe des leichtsinnigen Melancholikers ist
1783 3167 2713 3227 nes Willens legt Paracelsus eine fremde Seele in
812 3207 1736 3252 die Skepsis. Seine Waffe gegen sich selbst, gegen
1784 3222 2703 3272 Justina. Sie spricht von einem Betrug, den sie nie
816 3239 1742 3297 Welt und Leben, gegen Gott und Teufel. An der
1781 3260 2705 3312 begangen hat. Aber in Gebärde und Wort so wahr,
821 3286 1742 3332 Grenze der Melancholie treibt sie die Schatten des
1786 3310 2711 3361 als sei alles, dessen sie sich beschuldigt, wirklich ge¬
816 3326 1741 3382 Wahnsinns zurück, und an der Grenze des Leichtsinns
1779 3359 2613 3416 schehen. Und nun erschrickt der Spieler selbst.
814 3372 1739 3430 zwingt ihr scharfes Blinken zu besonnenem Inne¬
2115 3403 2377 3465 Paracelsus:
822 3417 1745 3467 halten. Wie dumm sind die Positiven, die Ver¬
1969 3450 2713 3502 „Und wenn es doch die Wahrheit wäre,
819 3465 1741 3511 trauensseligen, die an jedem Ding nur eine Seite
1786 3496 2519 3551 Die ich nur aufgerüttelt ihr im Herzen?“
818 3500 1738 3550 sehen. Jedes Ding hat unzählige Gesichter, und jeder
819 3565 1745 3603 Mensch hat im selben Augenblick recht und unrecht.
2136 3551 2357 3609 Cyprian:
815 3591 1733 3644 Was ist Lüge? Was ist Wahrheit? Wer wird da
1782 3599 2713 3676 „Ihr gabt ihr doch den Wahn — und zweifelt selbst!“
823 3631 1735 3697 scharf scheiden wollen? Ist nicht im Grunde gerade
2099 3658 2389 3718 Paracelsus:
809 3691 1742 3738 dies das Wundervolle an dieser Welt, daß eines
1777 3701 2708 3775 „Ich bin ein Zaub'rer nur — sie ist ein Weib!“
809 3723 1219 3792 in das andere fließt.
