3296 4352
939 260 1419 355 box 38/4
188 281 809 371 2. Cuttings
403 742 468 821 335
2338 829 2407 905 S
570 861 1065 969 CT
2066 934 2135 995 2125
663 934 967 991 bh
583 1037 960 1143 F
1001 1068 1087 1142 2
917 1104 1052 1186 Wt
450 1307 676 1399 A
533 1442 672 1495 G
508 1480 744 1561 S
1221 1819 1913 1900 Artburschnier
1221 1933 1342 1989 att
471 1950 2778 2027 Sehr sein charakterisiert Anton E. Schönbe#k### einer Studie Hauptvertreter, sagt über diese Dichter etwas pathetisch: „Sie
393 1999 2787 2061 über Grillparzer, das Wesen des österreichischen Volksstammes wollen österreichisch sein, aber österreichisch von jetzt. Das ist der
394 2053 1587 2098 und die Poesie desselben: Die Grundlage ist klare An¬
1576 2055 2783 2115 dunkle weite Drang, der sie über das Herkommen treibt und
386 2088 1593 2166 schauung des Wirklichen — „offener Blick“, wie Grillparzer
1580 2098 2778 2163 doch auch wieder vor den französischen, skandinavischen, russischen
391 2139 2791 2205 sagt — Natürlichkeit, ja Naivetät. Sanguinisch ist meist das Mustern warnt welche das jüngste Deutschland äfst. Sie können
391 2186 2779 2245 Temperament, leicht sich abspaltend entweder nach dem Ueber- sich an der neuen Kunst von heute nicht genügen, weil sie nicht
391 2234 2791 2279 mute hin oder dem Trübsinne. Augenblickliche Anspannung der österreichisch ist; und sie können sich an der österreichischen Kunst
386 2275 2789 2337 Kraft gestattet oft, Großes zu leisten, aber häufig fehlt die nicht genügen, weil sie nicht von heute ist. Sie wollen das
383 2314 2786 2367 ausdauernde Festigkeit, durch welche erst die Früchte der That eine und das andere nicht missen. Sie wollen beides. Sie
380 2364 2780 2402 sicher eingeheimst werden können. Die Denkungsweise ist be= wollen die österreichische Farbe und den Geruch des Tages.“
386 2400 2783 2467 weglich, Menschen von stetem Gleichmaße sind unter den Oester= Ob diese Künstler thatsächlich die Bedeutung haben, die ihnen
388 2447 2785 2498 reichern selten. Natur und Leben werden in vollen Zügen! Bahr zumißt, wird erst die Zukunft entscheiden. Ich gebe zu,
389 2485 2789 2559 genossen, und zwar mit Ausbildung aller Sinne. Für Farbe daß auch diese jüngste Kunst in ihrem Stil, in ihrer Vorliebe
394 2537 2780 2582 und Klang sind Auge und Ohr stets geöffnet, eine kunstlerische für das Zarte, Verfeinerte, Farbige, Bildliche und Dekorative,
381 2580 2784 2620 Auffassung ist auch dort ost vorhanden, wo die Fähigkeit und für Lebensgenuß und andererseits wieder für die seine persönliche
387 2615 2787 2680 der Ernst künstlerischen Schaffens fehlen. So sind die Deutsch= Reflexion sich als eine echt österreichische zeigt; aber sie ist nicht
384 2654 2796 2734 Oesterreicher ein reichbegabter Stamm, mannigfach begünstigt die gesunde Kunst der Grillparzer, Grün, Anzengruber, Hamer¬
395 2710 2783 2754 vor anderen, aber doch wieder gar zu oft um den Erfolg verkürzt, ling u. a. und andererseits nicht die volkstümliche der Raimund,
396 2746 2787 2802 überall, wo statt seiner Weichmütigkeit nur Härte und Ge=Nestroy, Bauernfeld u. a. Sie wurzelt weder in der Em¬
393 2782 2793 2851 schlossenheit des Charakters den endlichen Sieg verleihen.“ pfindung noch in neuen, das Leben bejahenden, zukunftsfrohen
390 2835 2787 2889 Auch die modernen österreichischen Dichter, namentlich die Dichter Weltanschauungen, ebensowenig in einem echten und tiefen Humor.
1645 2878 2787 2940 Neben Hermann Bahr wurden in den letzten Jahren als
388 2868 1593 2936 der sogenannten Wiener Schule, zeigen im Grunde dieses
1575 2914 2786 2984 Vertreter dieser Kunst hauptsächlich Peter Altenberg Hugo
396 2925 1583 2972 Wesen. Freilich fehlt diesen Dichtern eines, was ältere öster¬
386 2972 2786 3022 reichische Dichter in hohem Maße besaßen: Größe und Welt= von Hofmannsthal und Art hur Schnitzler genannt.
384 3003 2793 3063 anschauung! Die junge Wiener Kunst ist vielmehr eine Poesie der Der zuerst genannte ist ein Meister der kleinen lyrischen Novelle
395 3046 2792 3114 Decadence, eine Kunst der seinen, persönlichen Empfindung, der und Skizze. Diese Novellen sind nicht erzählend oder psychologisch
397 3100 2794 3148 Nuance, der verfeinerten Form, sie ist eine Kunst für die Kunst, beschreibend, sie folgen vielmehr der Seele, wohin sie der
390 3131 2790 3200 nicht eine Kunst der Persönlichkeit und der gesunden, frischen und Augenblick, der Zufall führt. Auf den verborgenen Wegen der
393 3183 2790 3234 innigen Empfindung. Diese Dichter haben eine ängstliche Scheu Seele findet der Dichter die tiefsten Lebenswahrheiten. Alten¬
382 3236 2790 3282 vor der Wahrheit. Sie wagen dem brutalen Zeitgeist nicht ent= berg (geboren 1862 in Wien, lebt in Wien) schildert sich selbst
389 3261 2789 3337 gegen zu treten. Die großen, socialen Ideen finden ebenso sehr kurios in einem Briefe an die französische Uebersetzerin
391 3307 2785 3367 wenig wie das Gemüt des Volkes in diesen modernen Poesien einiger seiner Studien folgendermaßen: „ich . . . bin in Wäldern
387 3350 2790 3413 künstlerische Offenbarungen. Diese Dichter leben in Träumen herumgelungert, war Jurist, ohne Jus zu studieren, Mediziner,
384 3398 2796 3454 und Stimmungen. Sie lieben das Augenblickliche, die feinen ohne Medizin zu studieren, Buchhändler, ohne Bücher zu ver¬
380 3443 2789 3493 Genüsse der Seele. Man verspürt in ihren Schriften keine Er= kaufen, Liebhaber, ohne zu heiraten, und zuletzt Dichter, ohne
391 3487 2779 3537 griffenheit. Bilder, Phantasien, Reflexionen, Stimmungen in Dichtungen hervorzubringen! Denn sind meine kleinen Sachen
384 3528 2784 3590 der Form von Novellen, Skizzen, dramatischen Scenen und lyrischen Dichtungen?! Keineswegs. Es sind Extrakte! Extrakte des
396 3575 2787 3632 Gedichten — das ist ihre Kunst! Eine geistreiche, oft sinnreiche Lebens! Das Leben der Seele und des zufälligen Tages, in
1580 3609 2793 3666 2—3 Seiten eingedampft, vom Ueberflüssigen befreit, wie das
387 3624 1589 3675 Kunst, eine Poesie der Stimmung, nicht des Gemütes, eine Poesie
385 3659 2791 3718 für den Salon, nicht für das Volk. Nur mutet sie oft krankhaft Rind im Liebig=Tiegel!“ Hofmannsthal, ebenso tief
387 3713 2785 3764 an, weil ihr Kraft und Leidenschaft fehlen, weil ihre Formen und fein wie Altenberg, ist ein Meister der lyrischen Form.
389 3745 2780 3805 oft allzu weich oder allzu reich an üppigen Worten, an schil= Er erstrebt eine klassische, Goethesche Formreinheit, ohne dabei
388 3785 2794 3845 lernden Bildern und überfeinen Nüancierungen sind. Der frucht= die größere Ausdrucksfähigkeit der modernen Sprache zu ver¬
1574 3832 2794 3885 kennen. Ist Altenberg der Dichter der vieles verratenden, vieles
388 3840 1580 3903 bare Boden, auf dem sie gedeiht, ist die Ueberkultur. Sehr
1585 3872 2793 3935 nur andeutenden Stimmung, so ist Hofmannsthal der Dichter
390 3880 1574 3945 viel Aehnlichkeit zeigt diese „Wiener Kunst“ mit der französischen.
1583 3916 2787 3976 des sinnreichen, vielsagenden Wortes und Bildes und desschönen
386 3924 1584 3978 Allein diese Aehnlichkeit beruht auf einer eigenartigen Ver¬
1578 3958 2789 4023 Rhythmus, dessen Grazie überall den Oesterreicher erkennen läßt.
386 3963 1582 4031 wandtschaft der künstlerischen Temperamente, weniger auf Nach¬
386 4003 2783 4083 ahmung und Beeinflussung. Hermann Bahr, einer ihrer Er ist ebenfalls in Wien geboren (1874) und lebt in Wien. Einige
3138 3527 3209 3580 und
3130 3877 3259 3973 ansier
3140 3963 3238 4015 mit d
3160 4008 3214 4073 an
3129 796 3302 872 seiner kl
3130 860 3311 919 worden.
3218 905 3315 952 De
3125 933 3311 1002 ist jede
3129 986 3308 1045 Aufführ
3130 1028 3301 1093 Bühnen
3129 1111 3285 1181 Sein
3136 1167 3281 1220 Arzt.
3128 1206 3309 1275 darauf
3142 1255 3309 1307 an der
3148 1298 3286 1352 praktisch
3144 1342 3298 1395 geschriel
3133 1425 3310 1479 1889 in
3146 1470 3298 1524 Seitden
3163 1514 3272 1569 „Liebe
3138 1559 3279 1620 „Das
3142 1595 3295 1653 „Parace
3154 1646 3278 1715 „Sterb
3239 1694 3309 1750 Ni
3156 1723 3272 1798 Als H
3170 1789 3308 1844 cenen,
3180 1872 3271 1923 nd L
3217 1959 3308 2058 gre
3223 2393 3308 2452 fgel
