3296 4352
822 226 1287 313 box 38/4
68 223 682 348 2. Cuttings
1899 1298 3253 1377 # mme Tbraz) dus nleiste über rütstehen lassen, unter denen das
288 1355 3258 1418 ); U. Band: Dasoffentliche Leben unseres ist unsagbar wirkungsvoll und ergreifend (vgl. z. B. die eine der ersten Stellen einnimn
162 1404 3251 1465 Herrn Jesu Christi (XII, 567 S., Mark 4.40); sorgfältig ausgeführten Details auf den Kreuzwegbildern, Wilhelms Vorliebe und Verständn
2341 1442 2457 1514 S
1363 1495 3243 1572 lichkeit und Natur, oft in ihren abstoßendsten Er= den beiden Dichtern Arno Holzu
135 1499 1378 1588 Anselm Salzers Literaturgeschichte.
1369 1539 2555 1615 scheinungen, der konsequente Naturalismus, trat.
2540 1545 3250 1607 in Niederschönhausen bei Berlin vo
400 1574 1155 1639 Voy Hofrat Dr. K. Fev. Kummer.
1448 1593 3259 1657 Wir lernen den Vorläufer der „Moderne“, den Be= Telegrammstil der neuen formlosen
286 1616 1373 1685 Ein Tachtunggebietendes Werk. deutschen Fleißes und
1375 1612 2557 1683 gründer des sozialen und des Großstadtromans Max
2538 1639 3263 1694 hafte Dialog und die Technik des
1374 1675 2552 1729 Kretzer, den Vater der „Moderne“ Michael
188 1668 1373 1729 stiller Arbeit eines österreichischen Benediktiners geht seiner
2538 1682 3252 1740 naturwahren losen Nebeneinander
1368 1725 2554 1784 Conrad, den Apostel Zolas, und seinen Kampfgenossen,
190 1711 1376 1775 Vollend#chetegen die „Illustrierte Geschichte
2540 1726 3257 1806 hervorgesproßt war. Nicht umson
1368 1756 2470 1815 den ehemaligen talentvollen Schlachtenmaler Ka
179 1754 1373 1815 deredeutschen Literatur" von P. Dr. Anselm
2537 1756 3132 1829 erstes Werk „Vor Sonnenaufg
1365 1801 2554 1873 Bleibtreu, nun nur noch Gegenwartsschilderer, kennen.
183 1796 1384 1879 Salzer (Seitenstetten), im Jahre 1903 begonnen, ist in
2545 1814 3125 1873 kultur einer Säuferfamilie, de
1358 1829 2548 1911 Wie maßvoll der Autor schildert, zeigt sich darin, daß er,
183 1836 1159 1917 diesen Tagen bis zur 52. Lieferung gediehen.?)
2536 1852 3105 1918 eben Arno Holz —. „dem
280 1877 2549 1946 Wir haben im Jahre 1905 im VI. Bande der Viertel= bei voller und strenger Verurteilung des Ungesunden,
2549 1903 3083 1952 widmet. Salzer erkennt ge
1367 1924 2553 2002 Krankhaften, Geschmacklosen und sittlich Verwerflichen jener
191 1929 1392 2009 jahrschrift „Die Kultur", herausgegeben von der öster¬
2552 1940 3067 2002 heute noch zu den Führern
1376 1978 2554 2036 Literaturprodukte, bei den Vertretern der neuen Richtung
191 1972 1373 2037 reichischen Leogesellschaft, die ersten 15 Hefte, die auf
2540 1979 3059 2039 er zweifelt, daß er der M
1375 2023 2542 2070 doch auch das Gesunde Gute, wo er es findet, gerne aner¬
191 2021 1377 2079 31 Bogen die deutsche Literaturgeschichte bis zum Ausgang
2536 2026 3036 2088 Dutzend und mehr Vorläu
1369 2048 2555 2134 kennt. So von Conrads Gedichten: „Wohl findet sich in ihnen
182 2063 1379 2121 des Mittelalters (1500) behandeln, eingehend gewürdigt
2539 2066 3027 2128 ihm die scharf umrissene
1370 2102 2544 2159 viel Pathos und Reflexion, doch stimmt er auch schlichte Töne an,
191 2098 1381 2167 und behalten uns vor, nach Vollendung des Werkes eine
2538 2104 3019 2176 einen Mann an, der zw
1372 2149 2558 2206 weiht seiner fränkischen Heimat mauch inniges Lied und in
620 2147 1051 2222 Gesamicharakteristik
1083 2156 1199 2215 zu
1214 2153 1388 2220 geben
2538 2158 3061 2209 Stil (Naturalismus, Sym
189 2144 643 2217 Zusammenfassende
1372 2186 2551 2247 allem spiegelt sich seine gerade und offenherzige Persönlich¬
490 2178 1382 2265 die Aufmerksamkeit der Leser nur
2550 2200 3099 2261 her pendelt, „je nachdem di
192 2187 438 2268 Heute so
1374 2240 2556 2287 keit.“ Bei Kretzers bis zum Abstoßenden häßlichen Berliner
1037 2233 1183 2298 Hefte
645 2229 996 2297 letzterschienenen
193 2232 627 2297 auf die zwei
1193 2227 1392 2299 gelenkt
2537 2237 3117 2295 Versuch, eine verlorene Po
1381 2281 2552 2337 Sittenschilderungen betont Salzer: „Er leuchtet nicht hinein
194 2264 1379 2334 werden, in denen die Geschichte der deutschen Dichtung von
2541 2274 3132 2350 Lichtvolle Inhaltsangaben w#
1369 2325 2555 2364 in diese Tiefen des Lebens, in das schreiende Elend der
1064 2329 1381 2397 8 Jahres
327 2326 1040 2380 Literaturre volution d
2547 2314 3161 2381 aller Werke bis zu den „Ratten
1376 2368 2551 2433 düstersten Vorstadtviertel, um Sensation zu machen, nicht
181 2356 1302 2436 1884 bis zur Gegenwart dargestellt wird.
2538 2376 3168 2426 gewaltigstes Werk sind „Die W
1378 2415 2549 2462 aus Liebe zum Schmutz, sondern als Warner, aus durch¬
274 2404 1384 2473 Diese letzte Periode unserer Literaturentwicklung beginnt
2534 2408 3213 2480 literarhistorisch bedeutendste Bühne
1369 2451 2548 2512 aus ethischen Gründen.“ Kretzer ist ein „Kämpfer gegen die
2544 2466 3253 2524 Gipfelpunkt des konsequenten Natura
192 2448 1385 2522 auf Seite 2141 im 51. Hefte. In überzeugender Darlegung
1376 2493 2547 2558 Lüge, wo sie zu finden sein mag, gegen die Lüge aus Be¬
2536 2497 3150 2578 steht „Fuhrmann Henschel",
195 2505 1377 2566 weist der gelehrte über einen glänzenden Stil verfügende
1379 2523 2447 2597 quemlichkeit, aus Gewohnheit, Pietät und Tradition.“
2541 2541 3281 2625 kenntuis zum Naturalismus, auch
200 2544 1385 2601 Verfasser nach, wie es zu jener Revolution kommen mußte,
1439 2564 2552 2654 Aber nicht bei den Mitarbeitern der „Modernen Dichter¬
2542 2579 3152 2659 ziehung sein bestes Werk.
188 2575 1385 2643 die nicht sowohl die „Kritischen Waffengänge“ der Brüder
1371 2605 2553 2681 charaktere,“ auch nicht bei der schönen Charakteristik
2625 2622 3244 2697 Während man sonst gerne
184 2622 1378 2699 Hart (1882—1884) als die „Modernen Dichtercharaktere“
1379 2664 2550 2715 Wildenbruchs, in dessen patriotischem Pathos, auch
2547 2671 3264 2732 auch stofflich und technisch uum
187 2684 1380 2737 von Arent und Covradi (1884) begonnen haben; wie das
1377 2716 2552 2765 nicht bei Liliencron, in dessen impressionistischen
2541 2715 3273 2784 mann siellt — er hat mit
191 2726 1381 2783 Spielerische, Gekünstelte, Unnatürliche, Weltabgewandte in der
1372 2745 2550 2810 Versen die Jungsten bei ihrer eigenen vorherrschenden
2545 2751 3242 2835 „Ehre“ im gleichen Jahre 1889.
202 2764 1380 2821 Formkunst der Modeschriftsteller nach den Siebzigerjahren,
1384 2798 2551 2858 Unzulänglichkeit eine Zeitlang ihr Ideal einer neuen,
2542 2804 3267 2857 Sonnenaufgang“ den ersten und stärk
197 2810 1383 2863 wie bei Marlitt, Ebers, Baumbach, Wolff, Blumenthal und
1379 2838 2550 2904 befreienden Weltanschauung erfüllt zu sehen glaubten,
2540 2846 3268 2899 unterscheidet Salzer scharf zwischen
196 2845 1390 2914 andere den Widerspruch der Jugend hervorrief; wie berechtigt
1373 2871 2552 2950 wollen wir uns aufhalten, sondern der aktnellsten Er¬
2539 2880 3248 2961 Hauptmann hat unbedingt Neues
186 2895 1383 2948 ihr Ruf nach Lebensgehalt und Zusammenhang der Dichtung
1384 2927 2555 2988 scheinung der modernen Literatur, dem Drama, uns
2541 2940 3254 2995 steht in der Tradition der
186 2936 1383 2996 mit ihrer Zeit war. Aber die ersten, anfänglich gesunden,
1379 2961 1620 3035 zuwenden.
2544 2952 3246 3038 schriftsteller der Achtzigerjahre
195 2986 1388 3039 nationalen, patriotischen und sozialen Regungen der jüngsten
1461 2992 2556 3080 Hier steht selbstverständlich im Mittelpunkte der in den
2546 3021 3275 3078 Blumenthal; er hängt mit dem F
192 3025 1382 3086 Deutschen arteten nur zu bald in eine uferlose, nur inter¬
1383 3041 2554 3119 jüngsten Tagen wieder so lärmend gefeierte Gerhard
2548 3060 3235 3110 Spielhagen zusammen und ist st
197 3077 1386 3127 nationale, von fremden Einflüssen (Franzosen, Schweden,
1380 3097 2551 3161 Hauptmann, der mit einem ganz modernen natu¬
2545 3101 3281 3154 Dumas d. J. und Sardon beeinflußt
188 3113 1378 3172 Norwegern und Russen) beherrschte Modernität aus, in der
1373 3142 2555 3206 ralistischen Drama den ersten durchschlagenden Erfolg er¬
2540 3155 3284 3205 Figuren des Dramas und dessen übe
196 3154 1378 3212 er die Stelle des früheren Siils Stillosigkeit und ein bis zu
1377 3185 1527 3242 rang.
1535 3179 2557 3244 Auch Hauptmann ist nicht plötzlich, wie Pallas
2541 3193 3265 3258 übrig gelassen, daß das Publikum sie
190 3183 1384 3260 den äußersten Folgerungen getriebenes Streben nach Wirk¬
1373 3233 2551 3284 Athene aus dem Haupte des Zeus, auf den Kampfplatz ge¬
2542 3237 3267 3295 da Naturalismus und Sozialismus
347 3257 3233 3328 München, Allgemeine Verlagsgesellschaft. Gr. 8°. sprungen: er wurzelt mit seinem schlesischen Milieudrama! auch dieser Strömung Rechnungg
203 3314 627 3386 à Lieferung Ml. 1.—.
1374 3330 3281 3399 „Vor Sonnenaufgang“ (1882) in dem Beden, aus dem Realistische, wohl auch das Satirif
2701 4082 3205 4162 Wnce
