3344 4352
213 233 815 332 2. Cuttings
957 230 1412 326 box 38/4
903 891 2344 1080 HSSE
1133 1125 2050 1218 THEATER- UND
2150 1128 2244 1222 U
1032 1210 2169 1327 Nr. 16. MUSIKBLAT TER Jan- mn.
1053 1318 2171 1386 Kritisches Wochenblatt für Bühne, Musik und Literatur.
956 1349 1089 1458 72.—
1471 1399 1750 1500 —.—
1800 1446 2241 1538 C #de
989 1545 1747 1640 KARL HANS STROBL. (Brünn.)
2051 1558 2307 1686 ½#/77
1267 1626 1952 1710 ARTHUR SCHNTTZLER.
995 1708 1739 1783 Anatol: — „Ich bin ja auch ein Typus!“
991 1766 1704 1820 Gabriele. „Und was für einer denn?“
998 1813 1834 1886 Anatol: „ Leichtsinniger Melancholiker.“
1088 1913 2230 1998 Groß ist Schnitzlers typenbildende Kraft. Er hat
993 1987 2219 2033 uns den leichtsinnigen Melancholiker gegeben. Aber
989 2028 2218 2074 der Typ war vor Schnitzler da. Er fand ihn in seiner
990 2073 2227 2153 Zeit und stellte ihn mit bildnerischer Kraft auf die
994 2123 2220 2183 Bühne und zeichnete ihn in seine Bücher. Aber einen
987 2182 2220 2230 andern Typus hat Schnitzler nicht entdeckt, sondern
991 2225 2217 2282 erfunden. Das „süße Mädel“. Er erfand ihn als Ge¬
988 2278 2218 2346 genstück zum leichtsinnigen Melancholiker. Als das
992 2317 2227 2397 unbewußte, triebhafte Ersatzwesen für den bewußten,
987 2363 2218 2441 mit Skepsis gesegneten Mann. Nachdem das süße
981 2410 2218 2478 Mädel durch Schnitzler einmal vorbildlich geschaffen
991 2475 2215 2543 war, tauchte es überall in der Wirklichkeit auf. Die
980 2524 2215 2593 jungen Leute suchten und fanden es nun überall, und
987 2574 2204 2623 wo der Fund dem Typus nicht genau entsprach, er¬
983 2630 2211 2689 zogen sie ihn nach Schnitzlers Angaben. Das süße
983 2678 2216 2742 Mädel ist auf dem Wiener Boden daheim. Hier gibt
973 2727 2210 2787 es alle Ingredenzien, alle chemischen Bedingungen für
982 2769 2215 2840 das köstliche Gewächs. Die heitere Verträumtheit des
987 2808 2205 2869 jungen Mädchens, die Sehnsucht nach dem Leben, die
987 2869 2206 2936 leichtsinnige Grazie im Genuß und Augenblick und die
977 2924 2206 2990 melancholische Gewißheit eines Endes. Auch diese
976 2965 2195 3024 Mädehen blühen aus dem Boden einer alten Kultur,
989 3010 2211 3083 süße und köstliche Blüten aus einem Boden, in dem
973 3074 2206 3132 sich der gelockerte Humus schon ein wenig mit Mo¬
980 3116 2210 3189 derstoffen vermischt hat. Sie sind keine angestochenen
978 3160 2209 3221 Früchte, sie sind durchaus gesund — sie fallen nur
970 3217 2198 3277 ein wenig früh vom Baum. Der leichtsinnige Melan¬
978 3259 2205 3317 choliker liebt zum Teil mit dem Kopf und zum andern
981 3305 2208 3373 Teil mit dem Unterleib. Das süße Mädel aber liebt
972 3368 2209 3435 ganz mit dem Herzen. Es denkt nicht nach und be¬
2267 3467 2347 3545 8
