3344 4256
122 1502 307 1602 Ponntay
133 1581 292 1641 iel v. C
132 1629 253 1689 eine
2089 122 2357 206 —.—
1364 129 1503 219 —.—
913 197 1384 309 box 38/4
160 209 762 332 2. Cuttings
363 1529 3338 1607 wiedererwecke. Das war der springende Punkt, den fast ein Neuland, und das Parlament vermag ein! der czechischen Agraxier ackeptierie Abg. Dürsch
1384 1586 3294 1660 mächtig Stück Arbeit fruchtbringend zu leisten, wenn Ausgleichsoperat; das ist ein Fingerzeig
368 1602 1396 1663 selbst die schärfsten Kritiker, mit Ausnahme der
1387 1628 3360 1696 es endlich die Notwendigkeit, mit Budgetprovisorien deutschen Agrarier, wie auch die Erklärung D
362 1638 1397 1712 radikalen Agrarier, rückhaltlos anerkennen, daß das
812 1703 1022 1773 W
2497 1739 3321 1819 Die Probe des freien Nachlesens oder des
431 1757 1391 1831 Nortsetzune des Biomans „Wilde Waller“ von Mari
1393 1749 2435 1813 kann einen geisterfüllten Dialog ritardieren, lose Ge¬
438 1808 1013 1861 ahl. Seite 29, vom 11. Dezember.
1391 1768 3331 1862 spräche beflügeln, das Tempo des Lebens wählen, das Durchlebens im Theater vertragen aber nu
500 1847 641 1921 ——
2417 1843 3329 1910 wenigsten modernen Stücke seit Ibsen. Von G
1393 1853 2428 1922 selten das Tempo der Bühne ist, weil diese in der Natur
1385 1878 3325 1966 und in der Begabung der darstellenden Persönlich= Hauptmanns Bühnenwerken bewahrte für mit
1390 1949 3315 2031 keiten, in den Verhältnissen der Szene, in Rücksichten] „Hannele“ bei der zweiten Begegnung die Kr
1390 1994 3305 2069 auf eine große Zuschauermenge ihre Hemmungen ursprünglichen Eindruckes. „Kollege Crampton“
714 1982 1082 2090 Feuilleton.
1393 2036 3330 2126 besitzt. Dem Leser erst enthüllen ddie Godanken, nicht versunkene Glocke“, „Rose Berndt“ verursachte
1391 2095 3306 2184 eingeengt vom Zwange der realen Darstellung, nicht bei der Wiederholung nur Mißbehagen; be
1387 2133 3320 2219 verdeckt vom auforinglichen Schauapparat des Theaters, schrumpfte der Godankeninhalt vor meinem Sin
497 2143 1269 2270 Glossen zum Theater.
1398 2202 3320 2279 ihre eigenste, innerste Kraft. Darum sind reiche Aus= sammen. Zwingt mich der Beruf, mir ein Sill
585 2233 1179 2326 Hermann Bahr. — Haus Müller.
1397 2254 3304 2331 stattungen, die das Stück brutal aus den Mächten der Sudermann oder Fulda ein zweites Mal zuz
1396 2293 3310 2382 Phantasie reißen und uns die mitschaffende Geist=so bekomme ich Wallungen. Ich bekenne dage
425 2302 1404 2388 Uober das Schicksal der Première und über die
1402 2352 3298 2440 tätigkeit rauben, unbedingt verderblich. Schiller sagt, es mag dies eine rein indivsduelle Empfindung
359 2365 1398 2446 Fragezeichen des Erfolges hinweggehoben, geber einige
1390 2406 3293 2485 einmal, man möchte beinahe den Marionetten daßsich mit Genuß Werke von Arthur Schnt
362 2432 1401 2496 der jüngst aufgeführten Bühnenwerke Anlaß zu all¬
1393 2460 3292 2538 wieder das Wort raden, damit die Aufmerksamkeit des Frank Wodekind immer wieder nachlese. Be
361 2479 1403 2548 gemeinen Bemerkungen. In meiner Erinnerung lebte
1388 2506 3325 2585 Publikums, die sich gewöhnlichermaßen in den Inhalt, tiefer als manche glauben, der eine trotz der
355 2515 1398 2608 „Der Meister“ von Hermann Bahr seit der Carl¬
1397 2555 3315 2642 den Dichter und den Spieler dritteilt, von dem Spieler] und gelenkigen, der andere trotz der grotesken
362 2585 1401 2648 Theateraufführung als ein gutes Stück. In meiner
1395 2618 3323 2699 zurücktrete und sich mehr auf dem Inhalte ver= Schnitzlers Gedanken, die uns niemals zum
366 2645 1401 2700 Erinnerung — denn ich vermeide es meistenteils,
1391 2648 3324 2753 fammle. Diese Askese, die, um den Gedankeninhalt] „Seht, wie gewichtig wir sind“, tragen gleichwo
359 2694 1409 2754 moderne Werke, die ich einmal auf der Bühne gesehen
1394 2723 3360 2801 besorgt, selbst den Schauspieler als eine Art Aus= Weisheit in sich, und Wodekinds Ideen, die in ch
347 2749 1412 2820 habe, später aus dem Buche zu lesen. Es ist ein unver¬
1392 2771 3329 2870 stattung aus dem Schauspiele verbannen will, ist sicher Fassung sich selbst wegzuleugnen pflegen, erschein
345 2787 1410 2864 gleichlicher Genuß, ein wahrhaft gutes Drama zu
1404 2827 3321 2909 zu weit getrieben. Es gibt aber eine andere Methode, so gehaltreicher, je öfter wir uns mit ihnen besch
355 2842 1408 2909 lesen. Die Phantasie verleiht dem Werke beim Lesen
1406 2880 3362 2966 sich den Inhalt zu retten. Wie beim Lesen rückt beim Als mir nun aber Hermann Bahrs „Meister
354 2894 1405 2974 das Leben, die Bewegung, Darsteller, Stimmen,
1402 2929 3361 3013 zweiten Anschauen der Inhalt des Stückes kräftiger Deutschen Volkstheater zum zweiten Mal nahe
349 2955 1403 3014 Stimmung. Diesen Dienst der Phantasie kann keine
1404 2983 3345 3059 ins Licht, weil wir uns indessen mit allerlei vers wurde ich sehr herabgestimmt. Manches Ueberraß
357 3004 1407 3061 Bühnenregie ersetzen, weil die Phantasie nicht nur ein
1393 3032 3341 3115 blüffenden Dingen und mit den Zutaten welche eine war in eitel Dunst zerronnen, die festeren ##
360 3058 1396 3117 viel freierer und niemals anmaßender „Spielleiter“,
1404 3081 3333 3165 individuelle Darstellung oder eine fesselnde Szenen= Bestandteile schienen durchlöchert und durch die 4
361 3106 1396 3174 sondern auch ein günstigerer Zuleiter der Gedanken ist,
1389 3145 3344 3210 einrichtung herbeiträgt, so weit abgefunden haben, daß figur des Stückes ging ein breiter Riß. Der M
361 3158 1400 3224 die etza in einem Stücke wohnen. Beim Lesen kann
1388 3191 3329 3258 sie uns gleichgiltig werden. So wird die Schillersche zuerst als Mensch der Tatsachen, der natu
350 3209 1408 3279 der freis Sinn auf dunkeln, schweren Gedanken ver¬
358 3249 3359 3327 weilen, über die leichten hinhuschen; er darf zusammen: Forderung, den Inhalt hervorzukehren, auch ohne das Empfindung dargestellt, freurd allem Vernünftel
2412 3303 3358 3384 jeglicher Spekulation, sucht später die marsch
361 3304 2168 3408 fassen und auseinanderlegen, wo es ihm beliebt; er Zurückgreifen auf Marionetten erfüllt.
2626 3376 2830 3468 KRRERRR
