3392 4320
967 201 1440 297 box 38/4
222 211 815 319 2. Cuttings
923 1361 1230 1460 Auaue
530 1480 1182 1581 SCHNITZLERS UNTERLEIBs.
572 1536 948 1618 BESCHWERDEN
572 1610 1260 1691 Adolf Hitler hat noch immer in
525 1651 1251 1735 München, das doch längst nicht
529 1694 1250 1785 mehr die dümmste Stadt der Weit
520 1745 1244 1836 sein will, seine täglich erscheinende
510 1781 1258 1865 Zeitung. Dort schreibt ein treu¬
519 1833 1239 1918 deutscher Mann über Arthur
515 1876 1018 1950 Schnitziers Dichtungen:
607 1922 1231 2007 „Man könnte sich mit solchen
580 1957 1235 2044 Stücken gewiß abfinden, wenn
563 2009 1249 2095 daraus das Ethos eines Dichters
570 2055 1237 2136 spräche, der, indem er uns die
565 2100 1234 2190 Kehrselte solcher Liebeleien wie
345 2184 1300 2311 P
388 2318 1045 2425 in Geschlechtskrankheiten, Unter¬
380 2381 1048 2465 leibsleiden, nervösen Zerrüttun¬
380 2419 1042 2499 gen und der Degeneration der
379 2468 1033 2543 Masse der großstädtischen Be¬
382 2510 1044 2580 völkerung zeigte, warnend und
381 2560 853 2636 abschreckend wirkte.“
361 2599 1031 2709 Kein Zweifel, in Schnitzlers Dich¬
320 2644 1038 2740 tungen fehlen die Unterleibsbe¬
313 2697 1036 2789 schwerden, sowohl des Darmes als
310 2760 1046 2834 der anderen Organe. Eine kleine
315 2800 1062 2877 Verstopfung und Schnitzler wäre
308 2849 1040 2928 auch bei Hitler ein gemachter
306 2886 473 2956 Mann.
1941 743 2566 830 Senderabdruck
1642 852 2852 950 aus den Preulischen JahrbüchernHeft 192—
1559 950 2967 1012 ihn verloren zu haben, Empfindungen bitterer Trauer über den
1577 1008 2964 1054 Verlust des größeren Gutes, das er sein Leben lang hingebend be¬
1571 1059 2977 1110 hütet und gemehrt hat, Berlins Kulturüberlieferung. Wie so viele
1563 1098 2965 1150 der besten und freilich auch der schlechtesten Berliner war Georg Reicke
1568 1149 2965 1203 kein Berliner Kind. Durch Heimat, Gesinnung und Lebensarbeit
1564 1192 2968 1247 des Vaters ist er dem Preußenphilosophen Kant verbunden gewesen.
1564 1246 2965 1290 Ein Ostdeutscher war er, bei aller geschäftssicheren Tüchtigkeit den
1569 1273 2963 1336 geistigen Dingen zugewandt, bei aller Liebenswürdigkeit des Gebarens
1571 1327 2968 1369 schwerblütig und herb. Das Schicksal führte ihn auf einen guten
1573 1360 2977 1414 Platz, wo er seine Kraft auswirken, im Leben der Gemeinde und
1567 1413 2967 1457 des Volkes Gültiges und Bleibendes schaffen durfte. Bei aller
1567 1451 2980 1501 äußeren kleinlichen Mühsal, die ein beamtetes Leben mit sich bringt,
1570 1499 2975 1547 ist es doch ein großes Ding für einen künstlerisch=literarisch Schaffenden
1570 1549 2982 1602 im bürgerlichen Leben, am Aufbau der Gemeinschaft und Gesellschaft
1571 1590 2981 1632 leitend mitwirken zu dürfen. Reicke war kein politischer Mensch,
1569 1633 2972 1693 aber er war als Enkel der Generation von 48 ein guter Bürger,
1562 1676 2963 1734 der die Verpflichtung jedes einzelnen, am Gemeinwohl mitzuarbeiten,
1569 1721 2971 1784 tief empfand, und dessen beste Kraft dem gewidmet war, diesen
1567 1769 2965 1826 bürgerlichen Gemeinsinn überall zu wecken und zu fördern. Berlin
1570 1810 2978 1851 aus einem Menschenwirrsal zu einer lebendigen Stadt zu machen,
1564 1859 2967 1904 war sein Ziel. Vorerst ist vieles zertrümmert worden, was er im
1559 1893 2969 1959 politischen und geistig=künstlerischen Felde schuf, doch das meiste wird
1572 1957 2973 1998 gewiß wieder lebendig werden, wenn die Wasser sich verlaufen. Und
1572 1985 2973 2050 bis dahin ist das Buch dazu da, die Leitgedanken des Bürgermeisters
2534 2029 2904 2086 Kurt Busse.
1567 2027 2032 2095 lebendig zu erhalten.
2816 2048 2959 2132 —
1557 2136 2979 2223 Shelley, Dichtungen in neuer Uebertragung von Alfred Wolfen¬
1685 2198 2456 2270 stein. Paul Cassirer, Berlin. 1922.
1580 2262 2962 2325 (seber jeden Zugang, der uns zur großen geistigen Lyrik des eng¬
1557 2316 2971 2374 Alischen Volkes gebrochen wird, freue ich mich als ihr Bewunderer
1565 2357 2967 2398 und Liebhaber. Wir haben in unserer Sprache wohl eine Reihe
1565 2396 2968 2464 älterer Uebertragungen der Dichtungen Shelleys, Strodtmanns
1576 2445 2970 2492 Auswahl vom Jahre 1866, Wickenbergs Prometheus=, Adolphis
1566 2485 2972 2546 Cenci=Uebersetzung, doch sie sind weder in der äußeren Form noch
1568 2532 2974 2586 in der Auswahl und dem Sprachgewande dargeboten, die einen
1567 2621 2959 2672 ihnen sich fortziehen zu lassen in die Hochgebirgswelt dieser reinen,
1567 2662 2967 2729 leidenschaftlichen und strengen Kunst. Das ist ohne Zweifel in dem
1560 2714 2968 2772 Wolfensteinischen Buch geleistet. Jeder, der überhaupt Sinn hat
1563 2745 2976 2810 für die gesättigte Schönheit von Gedichten, Ideen und Gesühlen,
1559 2794 2965 2845 deren große lyrische Kunst fähig ist, jeder, dessen Fassungsgabe über
1568 2841 2975 2901 das singbar gefühlvolle Lied hinausgeht, dem Goethes und Schillers
1557 2891 2969 2949 geistige Lyrik, Hölderlins und Heines Spätwerk etwas bedeutet, wird
1563 2935 2965 2983 in diesem schmalen Bande viel finden, daß ihn bewegt, ihn entzückt
1561 2971 2963 3051 und ihn gewiß verleitet, in den Schätzen der englischen Kunst weiter
1551 3011 2969 3073 zu suchen. Viele Köstlichkeiten werden ihm in die Hand fallen, auch
1564 3069 2959 3110 den Verlegern, die den Mut dazu hätten, einmal in gültigen Ueber¬
1561 3109 2965 3167 tragungen Dinge zu drucken, die bei uns noch zu wenige kennen:
1562 3155 2975 3216 Christina Rossetti, Patmore, Synge, Dobson, Browning, Yeats,
1563 3199 1881 3255 Hardy, Keats.
1647 3234 2968 3298 Ueber die Schwierigkeit der Uebertragung ist kein Wort zu ver¬
1558 3279 2955 3349 lieren; manches ist Wolfenstein köstlich gelungen; nicht alles; weniger
2704 3387 2840 3454 201
1870 3362 2496 3472 E. JOB. KORNER
1959 3441 2028 3530 4
2005 3457 3144 3565 — Wusa
1865 3509 2496 3606 Prag I., Velesisvinova 10
