3392 4352
951 254 1433 355 box 38/4
218 275 838 361 2. Cuttings
2900 407 2993 503 02
1557 423 1983 512 Die Nation
508 553 3054 637 und Costa, der doch erst kürzlich mit Bruder Martin sich] Doktrinäres im Lorenco von Medici, im schrecklichen Cesare
511 638 3051 695 wieder einen großen Erfolg geholt hat, hier also ist diese! Borgia oder im Lionardo und den anderen Bildnern bis
1788 651 3053 729 zu Michele Angelo. Sie trugen alle die Rechtfertigung
503 659 1784 734 liebenswürdige und frische Begabung anzuschließen. Er hat
1788 705 3072 766 ihrer Thaten in sich: sie mußten nicht erst nach Gründen
510 711 1791 774 das Verdienst, eine Quelle neu erschürft zu haben, die über¬
1787 748 3065 811 suchen, mit denen sie ihr Thun verdecken wollten. Der
518 762 1792 829 schüttet schien und aus der Männer vergangener Zeiten gerne
1783 784 3067 847 Doktrinarismus hat nun eine von zwei Quellen: — er ent¬
509 805 1790 879 getrunken haben. Denn der Trunk war lauter und frisch:
1792 833 3073 902 springt innerer Feigheit oder Beschränktheit. Feig sind wir
511 856 1782 913 und in jenen echt wienerischen Wendungen, die sich ein¬
1783 884 3055 946 wohl: wir renommiren also gerne; jene Vollmenschen aber
514 889 1792 955 prägen und charakterisiren, hat es ihm seit Nestroy niemand
1782 936 3056 993 waren es wahrhaftig nicht. Fein ist sein Wort über das
512 941 1781 1004 auch nur gleich gethan. Und es ist immerhin ein löblicher
1794 986 3065 1044 „süße Mädel“ — es sei so gar leicht zu zeichnen, denn es
513 984 1782 1037 Ernst in ihm, er will nicht bloß der Lustigmacher sein und
1784 1023 3071 1084 mache so wenig Umstände, seinen Charakter zu enthüllen,
514 1039 1786 1101 baut sein szenisches Gerüst fester und tragfähiger, als die
1786 1069 3061 1129 wie seinen Körper. Dabei wird er dennoch der schmeich¬
504 1079 1788 1162 vor ihm. Er hat von den Modernen herüber genommen,
1793 1103 3065 1173 lerischen Kunst von Loris vollkommen gerecht. Er ist
504 1123 1464 1192 was irgend brauchbar war für seine Zwecke.
1784 1153 3074 1222 immer noch unsere beste Verheißung, die nur lange mit der
623 1152 1791 1235 Einen gewissen Muth bekundete Sittenberger in der
1799 1209 3070 1271 Erfüllung zögert. Vielleicht ist er nun in jenes Stadium
519 1216 1778 1295 Besprechung der unmittelbaren Gegenwart. Er traut sich
1798 1249 3063 1317 getreten, in welchem sich die Blume schließt, damit sich
510 1265 1782 1326 einen entschiedenen Vorstoß gegen Bahr. Und das ist heute
1793 1293 3061 1368 der Samen bilden könne. Und seine wärmsten Töne hat
510 1297 1797 1360 in Wien ein gewagtes Unternehmen. Denn Bahr ist eine
1782 1343 3073 1412 er für Schnitzler. Er ist wohl unser bester Besitz. Ein
513 1352 1785 1421 Macht und ist es geworden durch Eigenschaften, die diesen
1790 1385 3077 1459 rastlös Lernender; um jede Technik mit gleichem Ernst
516 1411 1791 1463 Erfolg leicht begreiflich machen. Er ist ein Blender; er hat
1787 1408 3125 1506 und mit gleichem Fleiß bemüht und in der glücklichen Lage.
517 1447 1782 1509 viel gesehen oder sich mindestens von Anderen berichten
1794 1481 3122 1547 unbeirrt seiner Wege gehen zu dürfen, stark genug, sich durche
524 1496 1783 1560 lassen, was sie gesehen haben. Er ist nicht eigentlich
1790 1523 3071 1589 keinerlei Versuchung ablenken zu lassen, unermüdet in jenem
521 1534 1790 1605 wandelungsfähig: vielmehr begabt mit einer sicheren
1791 1567 3081 1633 Aneignen, das den eigenen Besitzstand stärkt und in Eines
525 1581 1790 1649 Empfindung für die Richtung, aus welcher der Wind eben
1783 1607 3086 1689 mit der innersten Natur verwächst. Von den Franzosen ist
524 1626 1786 1700 zu wehen begann. Er hat eine Fähigkeit zur Clique¬
1794 1663 3078 1729 er ausgegangen: man merkt es, daß Maupassant an seiner
516 1676 1784 1743 Bildung, die ganz erstaunlich und nur aus dem inneren
1791 1711 3072 1770 Wiege stand. Nun aber, voll gewachsen, hat er seine eigene,
529 1726 1797 1785 Bedürfniß einer Natur zu erklären ist, welche wohl weiß, daß
1794 1756 3073 1824 zarte Natur, nicht aber so mannigfaltig, wie modulations¬
520 1770 1792 1829 sie eines großen Gefolges bedarf und es immer zu zügeln fähig
1790 1798 3068 1873 fähig. Auch da kann man nicht gut abschließend urtheilen.
527 1815 1799 1874 sein wird. Er ist rücksichtslos in der Anwendung seiner
1802 1856 3073 1914 Schien nach „Liebelei“ sein Horizont etwas gar umgrenzt,
522 1861 1797 1927 Macht, überschwänglich im Lobe, wenn er sich Eines ver¬
1792 1894 3070 1967 so führte ihn schon „Freiwild—in freiere Weiten und
524 1901 1796 1973 sichern will, gehässig und fast immer persönlich im Angriff.
1807 1943 3072 2007 nach dem erstaunlichen Wachsthum, welches der Novellist
520 1959 1794 2025 Dies aber nur, weil sein eigenstes Wesen impetnos ist,
1793 1977 3074 2063 in „Die Frau des Weisen“ bekundete, bin ich recht gespannt
523 1997 1804 2069 weil das Losgehen immet noch in ihm steckt. Er bedarf
1790 2029 3080 2099 auf „Das Vermächtniß", welches uns die nächste Saison
526 2041 1791 2115 des Einflusses und weiß ihn zu organisiren: ist mit publi¬
1803 2072 3071 2144 bringen wird. In Ebermann sieht er nach „Die Athenerin“
523 2095 1798 2155 zistischen Fähigkeiten begabt, wie sie nicht leicht neben ihm
1811 2118 3083 2185 woesentlich einen Epigonen. Es wird des zögernden und be¬
527 2145 1798 2203 Einer heute in unserer Stadt besitzt: ist rastlos und versteht
1800 2187 3078 2238 dächtigen Arbeiters Sache sein, diese Meinung endgiltig zu
521 2189 1801 2251 es immer, ein Schlagwort auszugeben, das sogar einen
1799 2214 3089 2285 widerlegen. Einen gewissen Reichthum im Ausbau der Situ¬
525 2239 1796 2286 Sinn haben darf. Durchaus auf Wirkung und auf unmittel¬
1793 2246 3084 2326 ationen gesteht er ihm zu: mir aber scheint im Charakter der
524 2283 1790 2337 bare Wirkung gestellt, strebte er nach der Bühne seit mehreren
1803 2301 3088 2366 Phryne mehr zu stecken, als man ihr von mancher Seite
529 2324 1791 2385 Jahren und nicht ohne Glück, wie denn sein „Tschapperl“
1800 2361 3084 2423 zubilligen wollte. Vielleicht machte sich bei ihnen im Reich
534 2355 1803 2430 einigen Erfolg hatte und seine Josephine" mindestens zog,
1800 2407 3093 2466 ein gewisser Rückschlag gegen den Ueberschwung geltend, mit
534 2401 1799 2478 so wenig sie Leuten von Urtheil etwas zu sagen hatte. Er
1804 2449 3075 2522 dem bei uns sonst nüchterne und sicherlich urtheilsfähige
527 2460 1802 2538 strebt gar nicht nach der Tiefe; verblüfft für sein Leben
1814 2491 3083 2552 Männer die neue Erscheinung begrüßten. Von Philipp
530 2513 1796 2573 gerne und hat eine gute Portion vom übermüthigen und
1813 2539 3091 2599 Langmann erhofft er sich viel, dies muß man wohl nach
526 2551 1797 2608 behenden Gaßenjungen an sich, den man nicht fassen kann, wenn
1817 2580 3079 2643 Bartel Turaser thun, zumal hier das Glück in ein durchaus
523 2599 1805 2661 er den Widersacher von allen Seiten beschmützt. Mit ihm
1803 2629 3084 2695 junges und entwickelungsfähiges Leben trat. In Burck¬
536 2648 1805 2714 nun bindet Sittenberger an. Er sagt eigentlich nichts, was
1806 2670 3083 2749 hard sieht er wesentlich den Satyriker. Nur mußte bei
534 2707 1809 2752 man nicht so sich zuflüstern würde Er findet ihn unkünst¬
1812 2737 3086 2782 Bürgermeisterwahl“ ebenso gut auf Hauptmanns Einfluß
529 2735 1807 2807 lerisch; findet als seine stärkste Gabe die, gewisse Erscheinungen
1808 2767 3079 2829 hingewiesen werden, wie bei Turaser, da spricht der Biberpelz
528 2785 1806 2838 des Tages im Zerrbilde festzuhalten. Mir deucht, im
1806 2813 3087 2883 mit. Und Burckhard hat etwas vom Juvenal. Es ist ein
1431 2827 1815 2888 Etwas Markt¬
532 2830 1445 2900 „Theater“ stecke denn doch schon mehr.
1817 2857 3079 2923 erstaunlicher Reichthum in diesem Menschen, der allein unter
538 2878 1816 2947 schreierisches sieht Sittenberger in ihm. Das ist aber nicht
2639 2902 3090 2981 Nur sein Zynis¬
1810 2916 2631 2983 Allen an die Renaissance erinnert.
534 2923 1806 2995 gut anders möglich bei ihm, der auf die Menge wirken
1808 2950 3086 3014 mus paßt nicht dazu, der ist modern und wienerisch. Denn
526 2970 1816 3033 will, immer den Glauben erwecken muß, als stände er und
1809 2999 3084 3063 wir sind Zweifler und haben angesichts der trostlosen und
532 3026 1807 3089 er allein immer auf Mensur. Wer sich auslegt, der ge¬
1810 3039 3078 3114 immer verworreneren Verhältnisse bei uns, offenen Nieder¬
538 3062 1804 3129 winnt schon dadurch, wer dazu immer noch schlägt,
1818 3085 3083 3161 ganges und geheimer Zersetzung allen Grund dazu. Was
539 3104 1817 3170 und seien es auch nur Lufthiebe, dem kommt ein Unbe¬
1814 3136 3091 3205 Sittenberger über mich sagt, darüber steht mir kein Urtheil
531 3169 1815 3221 wehrter nicht gern in die Nähe. Es ist eine fast persönliche
1808 3171 3088 3252 zu. Daß er mir Klarheit des Wollens zugesteht, darf mich
543 3201 1809 3267 Gereiztheit in der Art, mit welcher Sittenberger von ihm
1810 3235 3084 3309 wohl freuen, dem man kaum nur mit allen Verdächtigungen
543 3247 1808 3309 und von Rudolf Lothar spricht, über den mir kein Urtheil
1814 3269 2217 3353 in den Weg fuhr.
532 3291 1809 3371 zusteht. Denn von seinen selbständigen Arbeiten kenne ich
1923 3301 3087 3392 Ich möchte beschließen. Unklar blieb mir nur im
541 3335 1810 3411 zu wenig; seine beiden Lustspiele habe ich weder gesehen,
1822 3354 3081 3428 Großen, ob die ganze Arbeit auch der Mühe lohne, die da¬
540 3380 1811 3470 noch gelesen, obzwar sie im Reiche gerne und mit Glück ge¬
1820 3402 3088 3486 ran gewendet wurde, und deren viel ist. Es galt sich durch
547 3424 1809 3496 spielt werden. Für Mysterien aber mangelt mir jedes
1815 3466 3086 3519 einen Vorrath von Wust durchbrechen, ehe man zur leben¬
541 3476 1366 3563 Organ „mir graut es vor dem Orte“.
1822 3501 3084 3567 digen Gegenwart gelangte. Eine gewisse Bitterkeit regt sich
653 3497 1811 3582 Sehr gut ist die Charakteristik Sittenbergers der
1812 3556 3083 3623 manchmal: sie muß wohl entschuldigt sein, denn es sind
536 3564 1817 3628 Wiener Dekadenten. Er findet etwas Doktrinäres an ihnen.
1821 3594 3086 3664 nicht eben erfreuliche Bedingungen, unter denen wir leben
554 3613 1813 3678 Das ist wohl richtig: nur, wenn er darauf hinweist, es sei
1811 3644 3086 3719 und unsere Existenz zu erfüllen versuchen. Er machte gute
543 3656 1811 3725 dies ein unserer Zeit gemeinsamer Zug mit jener einzigen
1806 3690 3086 3763 Beobachtungen vor der Bühne, und er hat jenen Willen
539 3701 1808 3764 Zeit der Wiedergeburt, die wir die Renaissance nennen und
1819 3729 3087 3803 zur Gerechtigkeit und zur Wahrheit, ohne den ein Kritiker nicht
550 3751 1816 3824 nach der wir mit schmerzlicher Sehnsucht uns zurückzufinden
1812 3774 3083 3856 gedacht werden dürfte und der dennoch selten genug ist.
538 3794 1813 3856 versuchen, so muß dem widersprochen sein. Ich finde nichts
1815 3834 3086 3900 Er hat Urtheil, nur will er es häufig gar zu genau be¬
543 3843 1812 3903 Doktrinäres in jenen Kraftnaturen, die nach der Allkunst
1811 3856 3092 3943 gründen. Es gibt eben Erscheinungen, bei denen ein ein¬
544 3891 1822 3952 strebten, die das Leben in sich sogen mit jener Gelassenheit,
554 3920 3080 4001 mit der eine gesunde Lunge die Luft in sich saugt, nichts faches Achselzucken Urtheil und Begründung desselben zu¬
