3392 4320
894 172 1344 266 box 38/4
149 181 748 289 2. Cuttings
131 1853 1383 2047 ia mit Schnitzter
785 2056 1480 2137 dessen „Seltsames Zwischenspiel“.
112 2067 772 2129 Schnitzler lehnt den Film als
786 2117 1489 2174 Schnitzler mokiert sich über die „Ent¬
131 2122 769 2181 istform keineswegs ab. Er hat ein
780 2166 1497 2219 deckung“ der Psychoanalyse durch die
134 2171 772 2223 gebot aus Hollywood, drei Ma¬
783 2208 1495 2266 Art, die Personen ihre Gedanken laut
130 2208 769 2263 skripte zu schreiben, nicht ab¬
793 2261 1508 2317 aussprechen zu lassen, wie das ja schon
126 2248 770 2314 hnt. Ein deutscher Tonfilm nach
791 2293 1351 2350 der alte Moliere gekannt hat.
136 2294 774 2361 Erzählung „Spiel im Morgen¬
129 2340 771 2389 uen“ wird vorbereitet. Vom Film
821 2325 1490 2406 Ebenso amüsant findet Schnitzler es,
134 2386 761 2445 imt das Gespräch auf das Theater.
785 2381 1491 2441 wenn ausländische Kritiker in ihm
777 2421 1496 2480 einen Schüler der Psychoanalyse sehen.
134 2427 762 2487 gedenke der erfolgreichen Wieder¬
2301 2433 2390 2505 4
783 2472 1496 2531 Dichtung sei von jeher seelenschürfend
133 2468 757 2534 nahme des „Professor Bernhard!“
797 2513 1490 2572 aus Intuition, also psychoanalytisch in
133 2517 775 2575 hrend der vergangenen Berliner
2330 2511 2387 2577 4
2279 2551 2516 2628 e.
783 2559 1357 2619 einem weiteren Sinn gewesen.
152 2562 770 2611 Wiener Spielzeit. Schnitzler er¬
824 2591 1502 2657 Schnitzler ist, wie aus seinem „Buch
185 2603 763 2660 sich mit der Auffassung Kort¬
1942 2616 2458 2671 Maurice Chevalier
163 2646 767 2704 sehr einverstanden. Die Falco¬
784 2644 1501 2699 der Sprüche und Bedenken“ bekannt
1504 2668 2938 2725 im Lubitsch-Tonfilm „Die Liebesparade“. (Auch dieser Film wird auf
142 2687 766 2745 tti will im nächsten Winter in
776 2691 1485 2747 ist, überhaupt auf die Kritik nicht gut
1840 2712 2573 2774 der Hamburger Kinotagung gezeigt)
787 2739 1491 2783 zu sprechen, weil manche Rezensenten
128 2726 763 2791 is alle weiblichen Rollen
1502 2745 2944 2836 Mnmmmmmiminmmmmmmmmmmmmnmmmmmmmmmmmmmmmmmmammmmmmmmtinm
787 2780 1489 2833 in ihm wohl immer noch den Dichter
141 2778 771 2843 „Reigen“ spielen. Man liebt
782 2816 1497 2875 des „süßen Mädels“ erblicken, Als
129 2818 778 2876 nitzler aus Wahlverwandtschaft seit
786 2858 1478 2908 Beispiel für die Ignorenz einer ge¬
131 2866 763 2914 n Paris und hat seine Werke auch
2216 2849 2944 2921 „Mord am Geist“ ab. Während wir
1493 2844 2206 2921 abzuwarten haben, ehe man sich über
772 2909 1480 2965 wissen Auslandskritik führt Schnitzler
1504 2907 2201 2978 den Wert Thomas Manns im Klaren
2226 2914 2934 2961 uns dem Ausgangspunkt des Spazier¬
135 2904 765 2964 letzter Zeit viel ins Französische
785 2943 1489 3012 das kürzlich erschienene Referat einer
138 2950 760 3002 rtragen. Der Dichter bemerkt, daß
1496 2957 1586 3016 sei.
2212 2946 2931 3000 ganges nähern, sagt Schnitzler auf die
785 2996 1482 3044 Pariser Literaturzeitschrift über die
1530 2975 2199 3046 Das Problem Rußland beschäf¬
2214 2990 2936 3053 zahlreichen, sonntäglichen Spazier¬
139 2987 763 3047 die französische Fassung seiner
793 3037 1490 3086 französische Uebersetzung von Thomas
2222 3034 2948 3094 gänger deutend: „Zwei Arten von
137 3042 777 3095 erese“ fast dem Original vorzöge.
1500 3040 2203 3086 tigt Schnitzler sehr viel. Er glaubt,
2226 3081 2926 3139 Menschen kann ich nicht vertragen, die
133 3092 770 3140 den Dingen des Theuters zurück¬
781 3080 1480 3138 Manns „Tristan“ an. Dieses Referat
1501 3084 2202 3140 daß manches Gute im neuen Rußland
2222 3118 2941 3165 vor, und die hinter mir gehen. Scheu,
777 3133 1485 3174 gipfelte in der Erklärung, man werde
1502 3128 2202 3186 geschähe, wie es ihm auch Emil Ludwig
135 3128 775 3180 end, kommt das Gespräch auf den
2218 3166 2931 3234 Satire, Ironie oder tiefere Bedeutung?
130 3168 779 3244 rkanischen Dramatiker O'Neill und
778 3166 1474 3237 die Uebersetzung der „Buddenbrocks“
1494 3169 2214 3224 aus eigener Anschauung berichtet habe,
2708 3211 2911 3267 Frango.
1498 3212 2213 3284 aber er lehnt den Bolschewismus als
2456 3262 3011 3384 —
2153 3294 2259 3372 ——
1414 3390 2122 3493 — A B
