<?xml version="1.0" encoding="UTF-8" standalone="yes"?>
<PcGts xmlns="http://schema.primaresearch.org/PAGE/gts/pagecontent/2013-07-15" xmlns:xsi="http://www.w3.org/2001/XMLSchema-instance" xsi:schemaLocation="http://schema.primaresearch.org/PAGE/gts/pagecontent/2013-07-15 http://schema.primaresearch.org/PAGE/gts/pagecontent/2013-07-15/pagecontent.xsd">
    <Metadata>
        <Creator>prov=University of Rostock/Institute of Mathematics/CITlab/Gundram Leifert/gundram.leifert@uni-rostock.de:name=ONB_Newseye_GT_M1+(htr_id=10810)::::v=2.4.2
prov=University of Rostock/Institute of Mathematics/CITlab/Tobias Gruening/tobias.gruening@uni-rostock.de:name=de.uros.citlab.module.baseline2polygon.B2PSeamMultiOriented:v=2.4.2
prov=University of Rostock/Institute of Mathematics/CITlab/Tobias Gruening/tobias.gruening@uni-rostock.de:name=/mnt/transkribus/LA/DEA/URO/LA_news_onb_att.pb:de.uros.citlab.segmentation.CITlab_LA_ML:v=2.4.2
Transkribus</Creator>
        <Created>2019-10-07T15:19:44.075+02:00</Created>
        <LastChange>2019-10-08T17:33:07.614+02:00</LastChange>
        <TranskribusMetadata docId="224264" pageId="9516898" pageNr="203" tsid="16604335" status="IN_PROGRESS" userId="40391" imgUrl="https://files.transkribus.eu/Get?id=WNEIFMFZWEOLHHCQOSTIZRRS&amp;fileType=view" xmlUrl="https://files.transkribus.eu/Get?id=YOLSJVLKZRXFXYLKWCFEXWJE" imageId="6204657"/>
    </Metadata>
    <Page imageFilename="224264_0203.jpeg" imageWidth="3108" imageHeight="4320">
        <ReadingOrder>
            <OrderedGroup id="ro_1711443113116" caption="Regions reading order">
                <RegionRefIndexed index="0" regionRef="r1"/>
                <RegionRefIndexed index="1" regionRef="r2"/>
                <RegionRefIndexed index="2" regionRef="r3"/>
            </OrderedGroup>
        </ReadingOrder>
        <TextRegion orientation="0.0" id="r1" custom="readingOrder {index:0;}">
            <Coords points="193,238 193,398 775,398 775,238"/>
            <TextLine id="r1l1" custom="readingOrder {index:0;}">
                <Coords points="187,349 325,338 356,365 649,356 673,374 781,349 781,310 734,289 603,300 580,279 498,292 461,275 377,284 327,326 234,290 188,307"/>
                <Baseline points="193,338 222,340 251,341 280,343 309,343 338,344 367,345 396,345 425,345 454,345 484,345 513,345 542,345 571,345 600,345 629,345 658,345 687,345 716,346 745,347 775,348"/>
                <TextEquiv>
                    <Unicode>2. Cuttings</Unicode>
                </TextEquiv>
            </TextLine>
            <TextEquiv>
                <Unicode>2. Cuttings</Unicode>
            </TextEquiv>
        </TextRegion>
        <TextRegion orientation="0.0" id="r2" custom="readingOrder {index:1;}">
            <Coords points="737,295 737,3672 1649,3672 1649,295"/>
            <TextLine id="r2l1" custom="readingOrder {index:0;}">
                <Coords points="929,317 1025,351 1048,338 1182,339 1211,322 1300,335 1392,305 1392,274 1329,259 1281,273 1152,260 1048,289 968,273 929,292"/>
                <Baseline points="935,321 960,321 985,321 1010,320 1035,320 1060,320 1085,320 1110,320 1135,320 1160,320 1185,320 1210,319 1235,319 1260,319 1285,318 1310,318 1335,317 1360,316 1386,315"/>
                <TextEquiv>
                    <Unicode>box 38/4</Unicode>
                </TextEquiv>
            </TextLine>
            <TextLine id="r2l2" custom="readingOrder {index:1;}">
                <Coords points="814,1105 1574,1101 1573,1049 813,1070"/>
                <Baseline points="819,1105 856,1105 893,1105 931,1105 968,1105 1006,1104 1043,1104 1081,1103 1118,1102 1156,1102 1193,1101 1230,1100 1268,1099 1305,1098 1343,1097 1380,1096 1418,1095 1455,1094 1493,1093 1530,1093 1568,1092"/>
                <TextEquiv>
                    <Unicode>Zu den charakteristischen Merkmalen der</Unicode>
                </TextEquiv>
            </TextLine>
            <TextLine id="r2l3" custom="readingOrder {index:2;}">
                <Coords points="731,1143 901,1168 1271,1140 1423,1158 1547,1151 1570,1110 731,1130"/>
                <Baseline points="737,1151 778,1150 819,1149 861,1149 902,1148 944,1148 985,1147 1026,1147 1068,1147 1109,1146 1151,1146 1192,1146 1233,1145 1275,1145 1316,1144 1358,1143 1399,1143 1440,1142 1482,1141 1523,1140 1565,1139"/>
                <TextEquiv>
                    <Unicode>dramatischen Produktion, die das abgelaufene</Unicode>
                </TextEquiv>
            </TextLine>
            <TextLine id="r2l4" custom="readingOrder {index:3;}">
                <Coords points="748,1211 1275,1203 1418,1176 1572,1194 1572,1152 747,1173"/>
                <Baseline points="753,1193 793,1194 834,1195 875,1195 915,1195 956,1195 997,1195 1037,1194 1078,1194 1119,1193 1160,1192 1200,1191 1241,1191 1282,1189 1322,1188 1363,1187 1404,1186 1444,1184 1485,1183 1526,1182 1567,1180"/>
                <TextEquiv>
                    <Unicode>Spieljahr gezeitigt hat, gehört die beinahe</Unicode>
                </TextEquiv>
            </TextLine>
            <TextLine id="r2l5" custom="readingOrder {index:4;}">
                <Coords points="736,1235 977,1255 1573,1225 1572,1194 1531,1184 735,1210"/>
                <Baseline points="741,1241 782,1241 823,1240 864,1240 906,1239 947,1238 988,1238 1030,1237 1071,1237 1112,1236 1154,1235 1195,1235 1236,1234 1277,1233 1319,1232 1360,1231 1401,1230 1443,1228 1484,1227 1525,1226 1567,1224"/>
                <TextEquiv>
                    <Unicode>völlige Unfruchtbarkeit auf dem Gebiet des</Unicode>
                </TextEquiv>
            </TextLine>
            <TextLine id="r2l6" custom="readingOrder {index:5;}">
                <Coords points="738,1282 1580,1273 1579,1243 1509,1229 737,1265"/>
                <Baseline points="743,1288 784,1287 826,1286 867,1285 909,1284 951,1283 992,1282 1034,1281 1075,1280 1117,1279 1159,1278 1200,1277 1242,1276 1283,1275 1325,1274 1367,1273 1408,1272 1450,1271 1491,1270 1533,1268 1575,1267"/>
                <TextEquiv>
                    <Unicode>feineren, der eigentlichen Literatur zugehörigen</Unicode>
                </TextEquiv>
            </TextLine>
            <TextLine id="r2l7" custom="readingOrder {index:6;}">
                <Coords points="737,1331 1565,1323 1584,1289 1055,1283 736,1315"/>
                <Baseline points="742,1332 783,1331 825,1330 867,1329 909,1328 951,1327 993,1326 1034,1325 1076,1325 1118,1324 1160,1323 1202,1322 1244,1321 1286,1320 1327,1319 1369,1318 1411,1316 1453,1314 1495,1312 1537,1310 1579,1307"/>
                <TextEquiv>
                    <Unicode>Lustspiels. Dieses Versiegen der Lustspielproduk¬</Unicode>
                </TextEquiv>
            </TextLine>
            <TextLine id="r2l8" custom="readingOrder {index:7;}">
                <Coords points="736,1360 804,1389 853,1366 1424,1377 1578,1355 1577,1319 735,1345"/>
                <Baseline points="742,1376 783,1375 825,1375 866,1374 908,1373 949,1372 991,1372 1032,1371 1074,1370 1115,1369 1157,1368 1199,1366 1240,1365 1282,1364 1323,1362 1365,1361 1406,1360 1448,1358 1489,1356 1531,1354 1573,1351"/>
                <TextEquiv>
                    <Unicode>tion wird für die Theater nachgerade eine</Unicode>
                </TextEquiv>
            </TextLine>
            <TextLine id="r2l9" custom="readingOrder {index:8;}">
                <Coords points="742,1419 1582,1399 1555,1361 742,1395"/>
                <Baseline points="748,1421 789,1419 830,1418 872,1417 913,1416 955,1415 996,1414 1038,1413 1079,1413 1121,1412 1162,1411 1203,1410 1245,1409 1286,1408 1328,1407 1369,1406 1411,1404 1452,1402 1494,1400 1535,1397 1577,1395"/>
                <TextEquiv>
                    <Unicode>Kalamität. Der Glückliche, dem heute ein geist¬</Unicode>
                </TextEquiv>
            </TextLine>
            <TextLine id="r2l10" custom="readingOrder {index:9;}">
                <Coords points="743,1451 834,1473 963,1450 1052,1471 1587,1452 1586,1416 1525,1405 743,1438"/>
                <Baseline points="749,1463 790,1462 832,1461 873,1460 915,1459 957,1458 998,1457 1040,1457 1081,1456 1123,1455 1165,1454 1206,1453 1248,1451 1289,1450 1331,1449 1373,1448 1414,1446 1456,1445 1497,1443 1539,1441 1581,1438"/>
                <TextEquiv>
                    <Unicode>reiches und wirksames Lustspiel gelänge, würde</Unicode>
                </TextEquiv>
            </TextLine>
            <TextLine id="r2l11" custom="readingOrder {index:10;}">
                <Coords points="745,1504 1591,1493 1590,1452 1552,1449 1347,1456 1312,1483 1103,1459 745,1482"/>
                <Baseline points="751,1507 792,1506 834,1505 876,1504 917,1504 959,1503 1001,1502 1042,1501 1084,1500 1126,1499 1168,1498 1209,1497 1251,1496 1293,1495 1334,1493 1376,1492 1418,1491 1459,1489 1501,1487 1543,1486 1585,1483"/>
                <TextEquiv>
                    <Unicode>ein Vermögen damit erwerben. Da selbst die</Unicode>
                </TextEquiv>
            </TextLine>
            <TextLine id="r2l12" custom="readingOrder {index:11;}">
                <Coords points="741,1553 1585,1541 1573,1493 841,1508 740,1532"/>
                <Baseline points="747,1553 788,1552 830,1551 871,1550 913,1549 955,1548 996,1547 1038,1546 1079,1545 1121,1544 1163,1543 1204,1542 1246,1541 1287,1540 1329,1538 1371,1537 1412,1536 1454,1534 1495,1533 1537,1531 1579,1529"/>
                <TextEquiv>
                    <Unicode>Aussicht auf klingenden Ertrag, für welche</Unicode>
                </TextEquiv>
            </TextLine>
            <TextLine id="r2l13" custom="readingOrder {index:12;}">
                <Coords points="750,1595 1437,1597 1573,1581 1585,1541 749,1570"/>
                <Baseline points="755,1596 796,1595 837,1594 878,1593 920,1592 961,1591 1002,1590 1044,1589 1085,1589 1126,1588 1168,1587 1209,1586 1250,1585 1291,1584 1333,1583 1374,1582 1415,1580 1457,1578 1498,1576 1539,1574 1581,1571"/>
                <TextEquiv>
                    <Unicode>moderne Autoren so sehr empfänglich zu sein</Unicode>
                </TextEquiv>
            </TextLine>
            <TextLine id="r2l14" custom="readingOrder {index:13;}">
                <Coords points="758,1653 1596,1624 1595,1589 1499,1582 757,1615"/>
                <Baseline points="763,1642 804,1640 845,1639 887,1637 928,1636 970,1635 1011,1634 1052,1633 1094,1632 1135,1631 1177,1630 1218,1629 1259,1628 1301,1626 1342,1625 1384,1624 1425,1622 1466,1621 1508,1620 1549,1617 1591,1616"/>
                <TextEquiv>
                    <Unicode>pflegen, das deutsche Lustspiel nicht aus seinem</Unicode>
                </TextEquiv>
            </TextLine>
            <TextLine id="r2l15" custom="readingOrder {index:14;}">
                <Coords points="756,1708 800,1683 1051,1673 1422,1682 1564,1670 1591,1639 755,1653"/>
                <Baseline points="761,1686 802,1685 843,1683 884,1682 925,1681 967,1680 1008,1679 1049,1678 1090,1677 1131,1676 1173,1675 1214,1674 1255,1673 1296,1672 1337,1670 1379,1669 1420,1667 1461,1666 1502,1663 1543,1660 1585,1657"/>
                <TextEquiv>
                    <Unicode>Todesschlaf zu wece vermag, muß die Ur¬</Unicode>
                </TextEquiv>
            </TextLine>
            <TextLine id="r2l16" custom="readingOrder {index:15;}">
                <Coords points="754,1730 1570,1723 1584,1671 1101,1697 752,1679"/>
                <Baseline points="759,1731 800,1729 841,1727 882,1726 923,1725 964,1723 1005,1722 1046,1721 1087,1720 1128,1719 1169,1718 1210,1717 1251,1716 1292,1715 1333,1713 1374,1712 1415,1710 1456,1709 1497,1707 1538,1704 1579,1702"/>
                <TextEquiv>
                    <Unicode>sache, welche die Luftspielproduktion hemmt,</Unicode>
                </TextEquiv>
            </TextLine>
            <TextLine id="r2l17" custom="readingOrder {index:16;}">
                <Coords points="761,1778 1600,1770 1598,1719 1548,1712 760,1739"/>
                <Baseline points="767,1775 808,1773 849,1772 890,1771 932,1770 973,1768 1014,1767 1056,1766 1097,1765 1138,1764 1180,1763 1221,1762 1262,1761 1303,1759 1345,1758 1386,1756 1427,1755 1469,1752 1510,1751 1551,1748 1593,1745"/>
                <TextEquiv>
                    <Unicode>fast unüberwindlich sein. Möge sich die frohe</Unicode>
                </TextEquiv>
            </TextLine>
            <TextLine id="r2l18" custom="readingOrder {index:17;}">
                <Coords points="764,1827 1597,1795 1596,1766 1548,1759 763,1781"/>
                <Baseline points="769,1814 810,1814 851,1813 892,1812 933,1811 974,1810 1015,1810 1056,1809 1097,1808 1138,1807 1180,1806 1221,1805 1262,1804 1303,1803 1344,1802 1385,1801 1426,1799 1467,1797 1508,1795 1549,1794 1591,1791"/>
                <TextEquiv>
                    <Unicode>Kunde bestätigen, daß Artur Schnitzler ein Lust¬</Unicode>
                </TextEquiv>
            </TextLine>
            <TextLine id="r2l19" custom="readingOrder {index:18;}">
                <Coords points="772,1867 1598,1853 1596,1809 1507,1799 771,1826"/>
                <Baseline points="777,1856 817,1856 858,1856 899,1856 939,1856 980,1855 1021,1855 1061,1854 1102,1853 1143,1852 1184,1851 1224,1849 1265,1848 1306,1846 1346,1845 1387,1843 1428,1842 1468,1840 1509,1838 1550,1836 1591,1835"/>
                <TextEquiv>
                    <Unicode>spiel schreibt. Kein anderer deutscher Dichter</Unicode>
                </TextEquiv>
            </TextLine>
            <TextLine id="r2l20" custom="readingOrder {index:19;}">
                <Coords points="759,1899 849,1921 1103,1894 1605,1897 1604,1860 1554,1846 758,1866"/>
                <Baseline points="765,1904 806,1903 848,1902 890,1902 931,1901 973,1899 1015,1899 1056,1898 1098,1897 1140,1896 1182,1894 1223,1893 1265,1892 1307,1891 1348,1890 1390,1888 1432,1887 1473,1885 1515,1884 1557,1882 1599,1881"/>
                <TextEquiv>
                    <Unicode>ist so berufen wie er, den goldenen Faden, der</Unicode>
                </TextEquiv>
            </TextLine>
            <TextLine id="r2l21" custom="readingOrder {index:20;}">
                <Coords points="759,1944 1597,1933 1596,1899 1558,1889 758,1910"/>
                <Baseline points="765,1951 806,1949 847,1948 888,1946 930,1945 971,1944 1012,1943 1054,1942 1095,1940 1136,1939 1178,1939 1219,1938 1260,1937 1301,1936 1343,1934 1384,1933 1425,1932 1467,1931 1508,1929 1549,1928 1591,1926"/>
                <TextEquiv>
                    <Unicode>den Händen des greisen Bauernfeld entglitt,</Unicode>
                </TextEquiv>
            </TextLine>
            <TextLine id="r2l22" custom="readingOrder {index:21;}">
                <Coords points="767,1989 1531,1987 1600,1968 1599,1939 766,1966"/>
                <Baseline points="773,1993 814,1992 855,1992 896,1991 937,1991 978,1990 1019,1989 1060,1988 1101,1986 1142,1985 1184,1984 1225,1982 1266,1981 1307,1979 1348,1978 1389,1976 1430,1975 1471,1973 1512,1972 1553,1969 1595,1968"/>
                <TextEquiv>
                    <Unicode>wieder aufzunehmen und im modernen Sinne</Unicode>
                </TextEquiv>
            </TextLine>
            <TextLine id="r2l23" custom="readingOrder {index:22;}">
                <Coords points="768,2047 1603,2029 1574,1979 1075,1989 1024,2013 767,1994"/>
                <Baseline points="773,2037 814,2037 855,2036 896,2035 937,2034 979,2033 1020,2032 1061,2031 1102,2030 1143,2028 1185,2027 1226,2026 1267,2024 1308,2023 1349,2021 1391,2020 1432,2019 1473,2017 1514,2016 1555,2014 1597,2013"/>
                <TextEquiv>
                    <Unicode>fortzuspinnen. Von allen deutschen Lustspiel¬</Unicode>
                </TextEquiv>
            </TextLine>
            <TextLine id="r2l24" custom="readingOrder {index:23;}">
                <Coords points="770,2084 1572,2078 1598,2028 769,2054"/>
                <Baseline points="775,2080 815,2080 856,2079 897,2079 938,2078 979,2077 1020,2076 1061,2075 1102,2074 1143,2073 1184,2072 1224,2071 1265,2069 1306,2068 1347,2066 1388,2064 1429,2063 1470,2061 1511,2060 1552,2058 1593,2056"/>
                <TextEquiv>
                    <Unicode>dichtern war Bauernfeld, dessen Schwächen nicht</Unicode>
                </TextEquiv>
            </TextLine>
            <TextLine id="r2l25" custom="readingOrder {index:24;}">
                <Coords points="766,2119 854,2137 1613,2108 1612,2079 1548,2065 766,2096"/>
                <Baseline points="772,2122 813,2121 855,2120 897,2120 939,2119 980,2118 1022,2117 1064,2116 1106,2116 1147,2115 1189,2114 1231,2113 1273,2112 1314,2111 1356,2110 1398,2109 1440,2107 1481,2106 1523,2104 1565,2103 1607,2101"/>
                <TextEquiv>
                    <Unicode>verhehlt werden können, doch der einzige, dessen</Unicode>
                </TextEquiv>
            </TextLine>
            <TextLine id="r2l26" custom="readingOrder {index:25;}">
                <Coords points="765,2179 1604,2151 1603,2115 1523,2110 764,2136"/>
                <Baseline points="770,2166 811,2166 852,2166 894,2166 935,2165 977,2165 1018,2164 1059,2162 1101,2161 1142,2160 1184,2158 1225,2157 1266,2155 1308,2154 1349,2153 1391,2151 1432,2150 1473,2150 1515,2149 1556,2149 1598,2148"/>
                <TextEquiv>
                    <Unicode>Komödien eine wirkliche Gesellschaft heiter</Unicode>
                </TextEquiv>
            </TextLine>
            <TextLine id="r2l27" custom="readingOrder {index:26;}">
                <Coords points="760,2201 898,2227 1609,2192 1608,2161 1536,2157 759,2180"/>
                <Baseline points="766,2212 807,2211 849,2210 891,2209 933,2209 975,2208 1017,2207 1058,2206 1100,2206 1142,2204 1184,2204 1226,2202 1268,2202 1310,2200 1351,2199 1393,2198 1435,2196 1477,2194 1519,2193 1561,2191 1603,2189"/>
                <TextEquiv>
                    <Unicode>widerspiegelten und nicht in der fiktiven Kom¬</Unicode>
                </TextEquiv>
            </TextLine>
            <TextLine id="r2l28" custom="readingOrder {index:27;}">
                <Coords points="763,2247 857,2268 1451,2253 1595,2244 1608,2204 762,2229"/>
                <Baseline points="769,2255 810,2256 852,2255 894,2255 935,2254 977,2253 1019,2253 1060,2251 1102,2250 1144,2249 1186,2247 1227,2245 1269,2244 1311,2243 1352,2241 1394,2239 1436,2238 1477,2236 1519,2235 1561,2233 1603,2232"/>
                <TextEquiv>
                    <Unicode>merzienratwelt spielten. Vielleicht findet er in</Unicode>
                </TextEquiv>
            </TextLine>
            <TextLine id="r2l29" custom="readingOrder {index:28;}">
                <Coords points="762,2297 1615,2286 1614,2253 1556,2242 1315,2271 1258,2248 761,2264"/>
                <Baseline points="767,2299 809,2300 851,2300 893,2300 935,2299 977,2299 1019,2298 1061,2297 1103,2296 1145,2295 1188,2293 1230,2292 1272,2291 1314,2289 1356,2287 1398,2285 1440,2283 1482,2282 1524,2279 1566,2278 1609,2276"/>
                <TextEquiv>
                    <Unicode>Schnitzler seinen Nachfoiger. Der Einakter</Unicode>
                </TextEquiv>
            </TextLine>
            <TextLine id="r2l30" custom="readingOrder {index:29;}">
                <Coords points="762,2350 1502,2340 1617,2323 1616,2295 761,2325"/>
                <Baseline points="767,2347 809,2345 851,2343 893,2342 935,2341 978,2339 1020,2338 1062,2337 1104,2337 1146,2336 1189,2335 1231,2334 1273,2333 1315,2332 1357,2331 1400,2329 1442,2328 1484,2326 1526,2323 1568,2321 1611,2318"/>
                <TextEquiv>
                    <Unicode>„Literatur“ läßt es hoffen. Der Wiener Boden</Unicode>
                </TextEquiv>
            </TextLine>
            <TextLine id="r2l31" custom="readingOrder {index:30;}">
                <Coords points="772,2385 1613,2371 1587,2331 1164,2363 1085,2339 771,2352"/>
                <Baseline points="777,2387 818,2385 860,2384 901,2384 943,2383 984,2382 1026,2381 1067,2381 1109,2380 1150,2379 1192,2379 1233,2378 1275,2377 1316,2376 1358,2375 1399,2373 1441,2372 1482,2370 1524,2368 1565,2366 1607,2363"/>
                <TextEquiv>
                    <Unicode>ist ja überfruchtbar an Lustspielfiguren und</Unicode>
                </TextEquiv>
            </TextLine>
            <TextLine id="r2l32" custom="readingOrder {index:31;}">
                <Coords points="761,2434 1519,2424 1607,2410 1606,2376 760,2404"/>
                <Baseline points="767,2434 808,2432 850,2431 892,2429 933,2428 975,2426 1017,2425 1058,2424 1100,2423 1142,2422 1184,2421 1225,2420 1267,2419 1309,2418 1350,2417 1392,2416 1434,2414 1475,2413 1517,2411 1559,2409 1601,2407"/>
                <TextEquiv>
                    <Unicode> stoffen. Der deutsche Norden hat das schwer¬</Unicode>
                </TextEquiv>
            </TextLine>
            <TextLine id="r2l33" custom="readingOrder {index:32;}">
                <Coords points="763,2464 835,2484 922,2461 1161,2483 1411,2454 1612,2466 1611,2411 763,2449"/>
                <Baseline points="769,2479 810,2477 852,2474 894,2472 936,2470 978,2469 1020,2467 1062,2466 1104,2465 1146,2464 1188,2463 1229,2462 1271,2462 1313,2461 1355,2460 1397,2459 1439,2458 1481,2457 1523,2455 1565,2453 1607,2451"/>
                <TextEquiv>
                    <Unicode>blütige modern=realistische Drama geschaffen.</Unicode>
                </TextEquiv>
            </TextLine>
            <TextLine id="r2l34" custom="readingOrder {index:33;}">
                <Coords points="773,2511 988,2531 1161,2503 1618,2510 1616,2461 772,2487"/>
                <Baseline points="778,2520 819,2518 861,2516 903,2514 944,2512 986,2511 1028,2510 1069,2509 1111,2508 1153,2507 1195,2506 1236,2505 1278,2504 1320,2504 1361,2503 1403,2502 1445,2501 1486,2499 1528,2498 1570,2496 1612,2494"/>
                <TextEquiv>
                    <Unicode>Vielleicht gelingt es einem österreicher, dem</Unicode>
                </TextEquiv>
            </TextLine>
            <TextLine id="r2l35" custom="readingOrder {index:34;}">
                <Coords points="769,2548 834,2577 1613,2550 1602,2506 768,2526"/>
                <Baseline points="774,2562 815,2561 857,2559 898,2558 940,2558 982,2557 1023,2556 1065,2555 1107,2554 1148,2553 1190,2552 1232,2550 1273,2549 1315,2548 1357,2547 1398,2545 1440,2544 1482,2542 1523,2540 1565,2538 1607,2536"/>
                <TextEquiv>
                    <Unicode>Theater jene heiterkeit, ohne die es nicht leben</Unicode>
                </TextEquiv>
            </TextLine>
            <TextLine id="r2l36" custom="readingOrder {index:35;}">
                <Coords points="776,2606 876,2615 890,2602 910,2615 970,2604 988,2615 1198,2593 1197,2570 1100,2558 1055,2571 962,2559 943,2572 858,2576 806,2564 776,2577"/>
                <Baseline points="782,2602 807,2602 833,2601 859,2601 884,2600 910,2599 936,2598 961,2598 987,2597 1013,2597 1038,2596 1064,2595 1090,2595 1115,2595 1141,2594 1167,2594 1193,2594"/>
                <TextEquiv>
                    <Unicode>kann, zurückzuerobern.</Unicode>
                </TextEquiv>
            </TextLine>
            <TextLine id="r2l37" custom="readingOrder {index:36;}">
                <Coords points="846,2643 1353,2651 1389,2627 1421,2649 1622,2625 1593,2586 1502,2586 967,2625 890,2604 846,2628"/>
                <Baseline points="851,2642 889,2642 927,2641 965,2641 1004,2640 1042,2640 1080,2639 1119,2639 1157,2638 1195,2638 1234,2637 1272,2636 1310,2636 1348,2635 1387,2633 1425,2632 1463,2631 1502,2630 1540,2628 1578,2625 1617,2623"/>
                <TextEquiv>
                    <Unicode>Das abgelaufene Spieljahr scheint die</Unicode>
                </TextEquiv>
            </TextLine>
            <TextLine id="r2l38" custom="readingOrder {index:37;}">
                <Coords points="773,2689 1619,2677 1618,2645 1394,2635 773,2665"/>
                <Baseline points="779,2691 820,2690 862,2689 904,2688 945,2688 987,2687 1029,2686 1070,2685 1112,2684 1154,2684 1196,2683 1237,2682 1279,2681 1321,2679 1362,2678 1404,2677 1446,2675 1487,2674 1529,2672 1571,2670 1613,2667"/>
                <TextEquiv>
                    <Unicode>Diagnose, daß der orthodoxe Naturalismus</Unicode>
                </TextEquiv>
            </TextLine>
            <TextLine id="r2l39" custom="readingOrder {index:38;}">
                <Coords points="771,2729 1620,2723 1619,2691 1538,2675 771,2710"/>
                <Baseline points="777,2737 818,2736 860,2735 902,2733 944,2732 986,2731 1028,2730 1070,2729 1112,2727 1154,2726 1196,2725 1237,2724 1279,2722 1321,2721 1363,2720 1405,2719 1447,2717 1489,2715 1531,2714 1573,2712 1615,2710"/>
                <TextEquiv>
                    <Unicode>strikter Observanz ausgelebt hat, zu bestätigen.</Unicode>
                </TextEquiv>
            </TextLine>
            <TextLine id="r2l40" custom="readingOrder {index:39;}">
                <Coords points="783,2776 1617,2768 1616,2725 1457,2721 1233,2726 1187,2753 1115,2732 783,2751"/>
                <Baseline points="789,2780 830,2779 871,2779 912,2777 953,2777 994,2775 1035,2774 1076,2773 1117,2772 1158,2771 1200,2770 1241,2768 1282,2767 1323,2765 1364,2764 1405,2763 1446,2761 1487,2760 1528,2758 1569,2756 1611,2755"/>
                <TextEquiv>
                    <Unicode>Gerhart hauptmanns „Rose Bernd“ hat es zu</Unicode>
                </TextEquiv>
            </TextLine>
            <TextLine id="r2l41" custom="readingOrder {index:40;}">
                <Coords points="781,2823 1601,2817 1626,2768 780,2794"/>
                <Baseline points="787,2824 828,2823 870,2823 912,2822 953,2821 995,2820 1037,2819 1078,2818 1120,2816 1162,2815 1204,2813 1245,2812 1287,2811 1329,2809 1370,2808 1412,2807 1454,2805 1495,2804 1537,2803 1579,2803 1621,2803"/>
                <TextEquiv>
                    <Unicode>einem durchschlagenden und nachhaltigen Erfolg,</Unicode>
                </TextEquiv>
            </TextLine>
            <TextLine id="r2l42" custom="readingOrder {index:41;}">
                <Coords points="781,2869 1627,2859 1625,2811 1499,2809 890,2823 781,2852"/>
                <Baseline points="787,2869 828,2868 870,2867 912,2866 953,2865 995,2864 1037,2863 1078,2862 1120,2861 1162,2860 1204,2859 1245,2857 1287,2856 1329,2854 1370,2853 1412,2851 1454,2849 1495,2848 1537,2846 1579,2844 1621,2843"/>
                <TextEquiv>
                    <Unicode>wie „ Fuhrmann Henschel“ ihn errang, nicht bringen</Unicode>
                </TextEquiv>
            </TextLine>
            <TextLine id="r2l43" custom="readingOrder {index:42;}">
                <Coords points="776,2912 1620,2909 1622,2862 775,2880"/>
                <Baseline points="781,2911 822,2911 864,2911 906,2910 948,2909 990,2909 1031,2907 1073,2906 1115,2905 1157,2904 1199,2902 1240,2901 1282,2899 1324,2897 1366,2896 1408,2895 1449,2893 1491,2892 1533,2890 1575,2889 1617,2888"/>
                <TextEquiv>
                    <Unicode>können. Im allgemeinen hat der Naturalismus in¬</Unicode>
                </TextEquiv>
            </TextLine>
            <TextLine id="r2l44" custom="readingOrder {index:43;}">
                <Coords points="775,2953 1616,2942 1615,2911 1565,2896 774,2932"/>
                <Baseline points="781,2957 822,2956 864,2956 905,2955 947,2954 988,2953 1030,2952 1071,2951 1113,2949 1154,2948 1196,2946 1237,2945 1279,2943 1320,2942 1362,2941 1403,2939 1445,2938 1486,2937 1528,2935 1569,2934 1611,2933"/>
                <TextEquiv>
                    <Unicode>sofern günstig gewirkt, als das durch ihn erzogene</Unicode>
                </TextEquiv>
            </TextLine>
            <TextLine id="r2l45" custom="readingOrder {index:44;}">
                <Coords points="780,3001 1629,2979 1606,2946 1527,2943 779,2980"/>
                <Baseline points="785,3001 826,3000 868,2999 910,2998 952,2997 994,2997 1036,2996 1078,2994 1120,2993 1162,2992 1204,2991 1245,2990 1287,2988 1329,2987 1371,2986 1413,2984 1455,2983 1497,2981 1539,2979 1581,2977 1623,2976"/>
                <TextEquiv>
                    <Unicode>Publikum von den Gestalten der Bühne tiefere</Unicode>
                </TextEquiv>
            </TextLine>
            <TextLine id="r2l46" custom="readingOrder {index:45;}">
                <Coords points="780,3042 1627,3029 1626,2996 1592,2987 779,3012"/>
                <Baseline points="785,3043 826,3043 868,3042 910,3042 952,3041 994,3040 1035,3039 1077,3038 1119,3036 1161,3035 1203,3034 1244,3033 1286,3032 1328,3030 1370,3028 1412,3027 1453,3025 1495,3024 1537,3023 1579,3021 1621,3020"/>
                <TextEquiv>
                    <Unicode>Naturwahrheit verlangt, als in früheren Zeiten.</Unicode>
                </TextEquiv>
            </TextLine>
            <TextLine id="r2l47" custom="readingOrder {index:46;}">
                <Coords points="787,3076 831,3106 1277,3069 1586,3085 1623,3071 1622,3028 786,3051"/>
                <Baseline points="793,3089 834,3087 875,3087 916,3085 957,3084 999,3083 1040,3082 1081,3081 1122,3080 1163,3079 1205,3077 1246,3076 1287,3075 1328,3074 1369,3073 1411,3071 1452,3070 1493,3069 1534,3067 1575,3066 1617,3065"/>
                <TextEquiv>
                    <Unicode>hohle Puppen ohne Seele und Leben, wie sie</Unicode>
                </TextEquiv>
            </TextLine>
            <TextLine id="r2l48" custom="readingOrder {index:47;}">
                <Coords points="779,3123 1054,3140 1626,3107 1625,3080 1506,3074 778,3108"/>
                <Baseline points="785,3135 826,3133 868,3131 910,3129 952,3128 993,3127 1035,3126 1077,3124 1119,3123 1160,3122 1202,3121 1244,3120 1286,3119 1327,3118 1369,3117 1411,3116 1453,3114 1494,3112 1536,3111 1578,3109 1620,3107"/>
                <TextEquiv>
                    <Unicode>noch das Publikum der Siebzigerjahre sich ge¬</Unicode>
                </TextEquiv>
            </TextLine>
            <TextLine id="r2l49" custom="readingOrder {index:48;}">
                <Coords points="791,3173 1628,3159 1600,3116 790,3143"/>
                <Baseline points="797,3179 838,3177 879,3175 920,3173 962,3172 1003,3170 1044,3169 1085,3168 1127,3167 1168,3166 1209,3164 1250,3163 1292,3162 1333,3161 1374,3160 1415,3159 1457,3157 1498,3156 1539,3155 1580,3153 1622,3152"/>
                <TextEquiv>
                    <Unicode>fallen ließ, würde heute kein Mensch mehr ernst¬</Unicode>
                </TextEquiv>
            </TextLine>
            <TextLine id="r2l50" custom="readingOrder {index:49;}">
                <Coords points="790,3216 1632,3196 1631,3170 1571,3160 789,3194"/>
                <Baseline points="796,3221 837,3220 879,3219 920,3217 962,3216 1003,3215 1045,3214 1086,3213 1128,3211 1169,3210 1211,3209 1253,3208 1294,3206 1336,3205 1377,3203 1419,3202 1460,3201 1502,3199 1543,3198 1585,3196 1627,3195"/>
                <TextEquiv>
                    <Unicode>nehmen. Aber durch die berechtigten Anforde¬</Unicode>
                </TextEquiv>
            </TextLine>
            <TextLine id="r2l51" custom="readingOrder {index:50;}">
                <Coords points="785,3258 1057,3277 1584,3255 1636,3228 1427,3206 784,3237"/>
                <Baseline points="791,3263 835,3262 879,3261 923,3261 967,3260 1011,3259 1055,3258 1100,3257 1144,3256 1188,3254 1232,3253 1276,3252 1320,3250 1365,3249 1409,3247 1453,3245 1497,3244 1541,3241 1585,3239 1630,3238"/>
                <TextEquiv>
                    <Unicode>rungen, welche das Publikum an ein Bühnen¬</Unicode>
                </TextEquiv>
            </TextLine>
            <TextLine id="r2l52" custom="readingOrder {index:51;}">
                <Coords points="789,3296 927,3318 1635,3287 1634,3255 1556,3250 788,3282"/>
                <Baseline points="795,3307 836,3307 878,3306 920,3306 961,3305 1003,3304 1045,3302 1086,3301 1128,3300 1170,3299 1212,3297 1253,3296 1295,3294 1337,3293 1378,3291 1420,3290 1462,3288 1503,3287 1545,3286 1587,3284 1629,3283"/>
                <TextEquiv>
                    <Unicode>werk stellt, von dem es sich gefangennehmen</Unicode>
                </TextEquiv>
            </TextLine>
            <TextLine id="r2l53" custom="readingOrder {index:52;}">
                <Coords points="790,3348 990,3365 1629,3334 1608,3301 1491,3296 789,3329"/>
                <Baseline points="796,3354 837,3352 878,3351 920,3349 961,3348 1003,3347 1044,3346 1085,3345 1127,3343 1168,3342 1210,3341 1251,3340 1292,3339 1334,3338 1375,3337 1417,3336 1458,3335 1499,3334 1541,3333 1582,3331 1624,3330"/>
                <TextEquiv>
                    <Unicode>lassen soll, hat das Publikum auch den Natura¬</Unicode>
                </TextEquiv>
            </TextLine>
            <TextLine id="r2l54" custom="readingOrder {index:53;}">
                <Coords points="788,3379 981,3408 1640,3379 1639,3345 1581,3338 788,3369"/>
                <Baseline points="794,3396 836,3395 878,3394 920,3393 962,3393 1004,3391 1046,3390 1088,3389 1130,3388 1172,3387 1214,3386 1256,3385 1298,3383 1340,3382 1382,3381 1424,3379 1466,3378 1508,3377 1550,3376 1592,3375 1634,3374"/>
                <TextEquiv>
                    <Unicode>lismus erzogen. Mehr und mehr kehren seine</Unicode>
                </TextEquiv>
            </TextLine>
            <TextLine id="r2l55" custom="readingOrder {index:54;}">
                <Coords points="788,3437 1635,3423 1606,3380 788,3413"/>
                <Baseline points="794,3440 835,3439 877,3439 919,3438 961,3437 1002,3435 1044,3435 1086,3433 1128,3432 1169,3430 1211,3429 1253,3427 1295,3426 1336,3425 1378,3423 1420,3422 1462,3421 1503,3420 1545,3419 1587,3418 1629,3417"/>
                <TextEquiv>
                    <Unicode>begabtesten Vertreter, die früher ihren Stolz</Unicode>
                </TextEquiv>
            </TextLine>
            <TextLine id="r2l56" custom="readingOrder {index:55;}">
                <Coords points="792,3467 837,3493 997,3495 1631,3469 1630,3430 1574,3422 791,3454"/>
                <Baseline points="798,3483 839,3482 880,3481 922,3480 963,3479 1004,3478 1046,3477 1087,3476 1128,3475 1170,3474 1211,3473 1252,3472 1294,3471 1335,3470 1376,3468 1418,3467 1459,3466 1500,3464 1542,3463 1583,3461 1625,3459"/>
                <TextEquiv>
                    <Unicode>darein setzten, den Zuschauern einen möglichst</Unicode>
                </TextEquiv>
            </TextLine>
            <TextLine id="r2l57" custom="readingOrder {index:56;}">
                <Coords points="791,3530 1531,3524 1607,3518 1634,3486 790,3494"/>
                <Baseline points="797,3527 838,3525 880,3524 921,3523 963,3522 1005,3520 1046,3520 1088,3519 1129,3518 1171,3517 1213,3517 1254,3516 1296,3515 1337,3514 1379,3513 1421,3511 1462,3509 1504,3508 1545,3506 1587,3503 1629,3501"/>
                <TextEquiv>
                    <Unicode>formlosen, aber blutig wahren Jetzen Wirklich¬</Unicode>
                </TextEquiv>
            </TextLine>
            <TextLine id="r2l58" custom="readingOrder {index:57;}">
                <Coords points="797,3565 1050,3582 1638,3547 1629,3517 1496,3511 796,3541"/>
                <Baseline points="803,3568 844,3567 886,3567 927,3567 969,3566 1010,3565 1052,3564 1093,3563 1135,3562 1176,3561 1218,3560 1259,3558 1301,3557 1342,3555 1384,3554 1425,3552 1467,3551 1508,3549 1550,3548 1591,3546 1633,3544"/>
                <TextEquiv>
                    <Unicode>keit hinzuwerfen, zur regelrechten, traditionellen</Unicode>
                </TextEquiv>
            </TextLine>
            <TextLine id="r2l59" custom="readingOrder {index:58;}">
                <Coords points="791,3597 864,3625 1565,3610 1641,3599 1640,3553 790,3581"/>
                <Baseline points="797,3611 838,3611 880,3610 922,3610 964,3609 1006,3609 1048,3608 1090,3608 1132,3607 1174,3606 1216,3605 1257,3604 1299,3603 1341,3601 1383,3600 1425,3598 1467,3596 1509,3595 1551,3593 1593,3591 1635,3589"/>
                <TextEquiv>
                    <Unicode>Theaterform zurück. Max halbes Schauspiel</Unicode>
                </TextEquiv>
            </TextLine>
            <TextLine id="r2l60" custom="readingOrder {index:59;}">
                <Coords points="794,3673 1396,3642 1553,3660 1655,3638 1654,3605 850,3619 793,3646"/>
                <Baseline points="799,3662 841,3661 884,3659 926,3657 969,3657 1011,3656 1054,3655 1096,3654 1139,3653 1181,3652 1224,3651 1266,3651 1309,3650 1351,3649 1394,3648 1436,3647 1479,3646 1521,3645 1564,3643 1606,3641 1649,3640"/>
                <TextEquiv>
                    <Unicode>„Der Strom“, das, wenigstens im Deutschen</Unicode>
                </TextEquiv>
            </TextLine>
            <TextEquiv>
                <Unicode>box 38/4
Zu den charakteristischen Merkmalen der
dramatischen Produktion, die das abgelaufene
Spieljahr gezeitigt hat, gehört die beinahe
völlige Unfruchtbarkeit auf dem Gebiet des
feineren, der eigentlichen Literatur zugehörigen
Lustspiels. Dieses Versiegen der Lustspielproduk¬
tion wird für die Theater nachgerade eine
Kalamität. Der Glückliche, dem heute ein geist¬
reiches und wirksames Lustspiel gelänge, würde
ein Vermögen damit erwerben. Da selbst die
Aussicht auf klingenden Ertrag, für welche
moderne Autoren so sehr empfänglich zu sein
pflegen, das deutsche Lustspiel nicht aus seinem
Todesschlaf zu wece vermag, muß die Ur¬
sache, welche die Luftspielproduktion hemmt,
fast unüberwindlich sein. Möge sich die frohe
Kunde bestätigen, daß Artur Schnitzler ein Lust¬
spiel schreibt. Kein anderer deutscher Dichter
ist so berufen wie er, den goldenen Faden, der
den Händen des greisen Bauernfeld entglitt,
wieder aufzunehmen und im modernen Sinne
fortzuspinnen. Von allen deutschen Lustspiel¬
dichtern war Bauernfeld, dessen Schwächen nicht
verhehlt werden können, doch der einzige, dessen
Komödien eine wirkliche Gesellschaft heiter
widerspiegelten und nicht in der fiktiven Kom¬
merzienratwelt spielten. Vielleicht findet er in
Schnitzler seinen Nachfoiger. Der Einakter
„Literatur“ läßt es hoffen. Der Wiener Boden
ist ja überfruchtbar an Lustspielfiguren und
 stoffen. Der deutsche Norden hat das schwer¬
blütige modern=realistische Drama geschaffen.
Vielleicht gelingt es einem österreicher, dem
Theater jene heiterkeit, ohne die es nicht leben
kann, zurückzuerobern.
Das abgelaufene Spieljahr scheint die
Diagnose, daß der orthodoxe Naturalismus
strikter Observanz ausgelebt hat, zu bestätigen.
Gerhart hauptmanns „Rose Bernd“ hat es zu
einem durchschlagenden und nachhaltigen Erfolg,
wie „ Fuhrmann Henschel“ ihn errang, nicht bringen
können. Im allgemeinen hat der Naturalismus in¬
sofern günstig gewirkt, als das durch ihn erzogene
Publikum von den Gestalten der Bühne tiefere
Naturwahrheit verlangt, als in früheren Zeiten.
hohle Puppen ohne Seele und Leben, wie sie
noch das Publikum der Siebzigerjahre sich ge¬
fallen ließ, würde heute kein Mensch mehr ernst¬
nehmen. Aber durch die berechtigten Anforde¬
rungen, welche das Publikum an ein Bühnen¬
werk stellt, von dem es sich gefangennehmen
lassen soll, hat das Publikum auch den Natura¬
lismus erzogen. Mehr und mehr kehren seine
begabtesten Vertreter, die früher ihren Stolz
darein setzten, den Zuschauern einen möglichst
formlosen, aber blutig wahren Jetzen Wirklich¬
keit hinzuwerfen, zur regelrechten, traditionellen
Theaterform zurück. Max halbes Schauspiel
„Der Strom“, das, wenigstens im Deutschen</Unicode>
            </TextEquiv>
        </TextRegion>
        <TextRegion orientation="0.0" id="r3" custom="readingOrder {index:2;}">
            <Coords points="1601,955 1601,3642 2517,3642 2517,955"/>
            <TextLine id="r3l1" custom="readingOrder {index:0;}">
                <Coords points="2364,998 2380,999 2392,989 2407,989 2416,996 2421,996 2427,991 2436,994 2436,945 2403,943 2397,947 2384,942 2375,947 2364,944"/>
                <Baseline points="2370,976 2400,975 2430,976"/>
                <TextEquiv>
                    <Unicode>53</Unicode>
                </TextEquiv>
            </TextLine>
            <TextLine id="r3l2" custom="readingOrder {index:1;}">
                <Coords points="1596,1079 1694,1102 2381,1088 2466,1040 2414,1018 2313,1051 2100,1036 1876,1060 1813,1034 1595,1065"/>
                <Baseline points="1601,1091 1644,1091 1687,1091 1730,1090 1773,1089 1816,1089 1859,1088 1902,1087 1945,1086 1988,1085 2031,1083 2074,1083 2117,1081 2160,1080 2203,1079 2246,1078 2289,1077 2332,1077 2375,1076 2418,1075 2461,1075"/>
                <TextEquiv>
                    <Unicode>Reich, einen der größten Erfolge des vorigen</Unicode>
                </TextEquiv>
            </TextLine>
            <TextLine id="r3l3" custom="readingOrder {index:2;}">
                <Coords points="1601,1135 2455,1113 2443,1089 2294,1078 1601,1109"/>
                <Baseline points="1607,1132 1649,1133 1691,1133 1733,1133 1775,1132 1817,1132 1859,1131 1901,1130 1943,1130 1985,1128 2028,1127 2070,1126 2112,1125 2154,1124 2196,1123 2238,1122 2280,1122 2322,1121 2364,1120 2406,1120 2449,1119"/>
                <TextEquiv>
                    <Unicode>Spieljahres bedeutet, ist ein Theaterstück im</Unicode>
                </TextEquiv>
            </TextLine>
            <TextLine id="r3l4" custom="readingOrder {index:3;}">
                <Coords points="1600,1186 2463,1157 2449,1127 2385,1122 1599,1154"/>
                <Baseline points="1605,1179 1647,1178 1690,1178 1732,1177 1775,1177 1818,1176 1860,1176 1903,1175 1945,1174 1988,1173 2031,1172 2073,1172 2116,1171 2158,1170 2201,1169 2244,1168 2286,1167 2329,1166 2371,1166 2414,1165 2457,1164"/>
                <TextEquiv>
                    <Unicode>alten, guten Sinne des Wortes mit spannender</Unicode>
                </TextEquiv>
            </TextLine>
            <TextLine id="r3l5" custom="readingOrder {index:4;}">
                <Coords points="1610,1230 2447,1209 2420,1173 2377,1194 2234,1168 1609,1196"/>
                <Baseline points="1615,1223 1656,1222 1697,1222 1738,1221 1780,1221 1821,1220 1862,1220 1904,1219 1945,1219 1986,1218 2028,1217 2069,1216 2110,1216 2151,1214 2193,1213 2234,1212 2275,1210 2317,1209 2358,1206 2399,1204 2441,1202"/>
                <TextEquiv>
                    <Unicode>Handlung und wuchtigen Aktschlüssen. Ja, es</Unicode>
                </TextEquiv>
            </TextLine>
            <TextLine id="r3l6" custom="readingOrder {index:5;}">
                <Coords points="1600,1268 2410,1266 2456,1226 1700,1226 1600,1250"/>
                <Baseline points="1605,1266 1647,1265 1689,1264 1731,1264 1774,1263 1816,1262 1858,1262 1901,1261 1943,1261 1985,1260 2028,1260 2070,1259 2112,1259 2154,1258 2197,1257 2239,1256 2281,1256 2324,1254 2366,1253 2408,1252 2451,1251"/>
                <TextEquiv>
                    <Unicode>macht dem Effekt so große Zugeständnisse, daß</Unicode>
                </TextEquiv>
            </TextLine>
            <TextLine id="r3l7" custom="readingOrder {index:6;}">
                <Coords points="1603,1306 2170,1321 2436,1302 2462,1259 1729,1268 1603,1298"/>
                <Baseline points="1609,1309 1651,1308 1693,1307 1736,1306 1778,1306 1821,1305 1863,1305 1905,1305 1948,1304 1990,1304 2033,1303 2075,1303 2117,1302 2160,1302 2202,1301 2245,1300 2287,1299 2329,1297 2372,1295 2414,1294 2457,1291"/>
                <TextEquiv>
                    <Unicode>ein boshafter Kritiker sagen durfte: „Wenn der</Unicode>
                </TextEquiv>
            </TextLine>
            <TextLine id="r3l8" custom="readingOrder {index:7;}">
                <Coords points="1608,1354 2399,1360 2459,1342 2458,1308 1607,1329"/>
                <Baseline points="1613,1352 1655,1351 1697,1350 1739,1349 1781,1349 1823,1348 1865,1348 1907,1348 1949,1347 1991,1347 2033,1347 2075,1347 2117,1347 2159,1346 2201,1346 2243,1345 2285,1344 2327,1343 2369,1342 2411,1340 2453,1338"/>
                <TextEquiv>
                    <Unicode>„Strom“ von Philippi wäre, wäre er ein</Unicode>
                </TextEquiv>
            </TextLine>
            <TextLine id="r3l9" custom="readingOrder {index:8;}">
                <Coords points="1615,1405 1682,1412 1762,1404 1781,1393 1872,1401 1910,1387 1910,1362 1801,1357 1782,1372 1718,1358 1693,1370 1672,1358 1615,1373"/>
                <Baseline points="1620,1394 1645,1393 1671,1392 1697,1392 1723,1391 1749,1391 1774,1391 1800,1391 1826,1391 1852,1392 1878,1393 1904,1393"/>
                <TextEquiv>
                    <Unicode>schlechtes Stück.“</Unicode>
                </TextEquiv>
            </TextLine>
            <TextLine id="r3l10" custom="readingOrder {index:9;}">
                <Coords points="1685,1432 1807,1457 1899,1435 2006,1452 2190,1427 2437,1434 2457,1409 2369,1386 1684,1404"/>
                <Baseline points="1691,1436 1729,1437 1767,1437 1805,1437 1843,1437 1881,1437 1919,1437 1957,1436 1995,1436 2033,1435 2071,1434 2109,1433 2147,1432 2185,1431 2223,1430 2261,1428 2299,1427 2337,1425 2375,1424 2413,1422 2451,1420"/>
                <TextEquiv>
                    <Unicode>Überhaupt hat sich in den letzten Jahren</Unicode>
                </TextEquiv>
            </TextLine>
            <TextLine id="r3l11" custom="readingOrder {index:10;}">
                <Coords points="1608,1484 2266,1489 2418,1479 2454,1434 1661,1449 1607,1471"/>
                <Baseline points="1613,1485 1654,1484 1696,1483 1738,1483 1780,1482 1822,1482 1863,1481 1905,1481 1947,1480 1989,1479 2031,1479 2072,1478 2114,1477 2156,1477 2198,1476 2240,1475 2281,1474 2323,1472 2365,1471 2407,1468 2449,1467"/>
                <TextEquiv>
                    <Unicode>ein Dramentypus heraus entwickelt, der als</Unicode>
                </TextEquiv>
            </TextLine>
            <TextLine id="r3l12" custom="readingOrder {index:11;}">
                <Coords points="1609,1533 2460,1507 2459,1483 2399,1473 1608,1497"/>
                <Baseline points="1615,1532 1657,1531 1699,1530 1741,1528 1783,1527 1825,1527 1867,1526 1909,1526 1951,1525 1993,1524 2035,1524 2077,1523 2119,1523 2161,1522 2203,1521 2245,1519 2287,1518 2329,1516 2371,1514 2413,1511 2455,1508"/>
                <TextEquiv>
                    <Unicode>Kreuzungsprodukt zwischen dem realistischen</Unicode>
                </TextEquiv>
            </TextLine>
            <TextLine id="r3l13" custom="readingOrder {index:12;}">
                <Coords points="1608,1571 2413,1569 2455,1536 2224,1520 1608,1547"/>
                <Baseline points="1614,1574 1655,1572 1697,1570 1739,1569 1781,1568 1822,1568 1864,1567 1906,1567 1948,1567 1989,1567 2031,1567 2073,1566 2115,1566 2156,1566 2198,1565 2240,1564 2282,1563 2323,1561 2365,1559 2407,1556 2449,1553"/>
                <TextEquiv>
                    <Unicode>Milieudrama und dem im Philistersinn bühnen¬</Unicode>
                </TextEquiv>
            </TextLine>
            <TextLine id="r3l14" custom="readingOrder {index:13;}">
                <Coords points="1612,1622 2320,1622 2433,1610 2462,1573 1612,1595"/>
                <Baseline points="1618,1620 1662,1618 1706,1616 1750,1614 1794,1612 1838,1611 1882,1610 1927,1610 1971,1609 2015,1609 2059,1608 2103,1608 2147,1607 2192,1607 2236,1606 2280,1605 2324,1604 2368,1602 2412,1600 2457,1597"/>
                <TextEquiv>
                    <Unicode>wirksamen Theaterstück alten Schlages bezeichnet</Unicode>
                </TextEquiv>
            </TextLine>
            <TextLine id="r3l15" custom="readingOrder {index:14;}">
                <Coords points="1608,1650 1831,1671 2461,1643 2460,1615 2416,1603 1608,1638"/>
                <Baseline points="1614,1663 1656,1661 1698,1660 1740,1658 1782,1657 1824,1656 1866,1656 1908,1655 1950,1655 1992,1654 2034,1654 2076,1653 2118,1653 2160,1652 2202,1651 2244,1651 2286,1649 2328,1648 2370,1646 2412,1644 2455,1642"/>
                <TextEquiv>
                    <Unicode>werden kann. Dielleicht war die Lantieme die</Unicode>
                </TextEquiv>
            </TextLine>
            <TextLine id="r3l16" custom="readingOrder {index:15;}">
                <Coords points="1610,1711 2441,1702 2461,1673 2350,1650 1609,1681"/>
                <Baseline points="1615,1706 1657,1704 1699,1702 1741,1702 1783,1701 1825,1700 1867,1699 1909,1699 1951,1698 1993,1697 2035,1697 2077,1696 2119,1696 2161,1695 2203,1694 2245,1693 2287,1693 2329,1691 2371,1690 2413,1688 2455,1686"/>
                <TextEquiv>
                    <Unicode>Vermittlerin. hartlebens „Rosenmontag“ war,</Unicode>
                </TextEquiv>
            </TextLine>
            <TextLine id="r3l17" custom="readingOrder {index:16;}">
                <Coords points="1616,1771 1801,1743 2469,1740 2468,1701 2383,1695 1615,1726"/>
                <Baseline points="1621,1750 1663,1749 1705,1748 1747,1747 1789,1746 1831,1745 1873,1744 1915,1743 1957,1742 1999,1741 2042,1741 2084,1740 2126,1738 2168,1738 2210,1736 2252,1736 2294,1734 2336,1733 2378,1731 2420,1730 2463,1728"/>
                <TextEquiv>
                    <Unicode>wenn ich nicht irre, das erste Exemplar dieser</Unicode>
                </TextEquiv>
            </TextLine>
            <TextLine id="r3l18" custom="readingOrder {index:17;}">
                <Coords points="1613,1794 2345,1789 2424,1784 2466,1743 1613,1773"/>
                <Baseline points="1619,1792 1661,1791 1703,1790 1745,1790 1787,1789 1829,1788 1871,1788 1913,1787 1955,1787 1997,1786 2040,1786 2082,1785 2124,1784 2166,1783 2208,1782 2250,1781 2292,1780 2334,1779 2376,1776 2418,1775 2461,1772"/>
                <TextEquiv>
                    <Unicode>Gattung, die vom Realismus das Element des</Unicode>
                </TextEquiv>
            </TextLine>
            <TextLine id="r3l19" custom="readingOrder {index:18;}">
                <Coords points="1624,1840 2452,1839 2462,1782 1623,1803"/>
                <Baseline points="1629,1840 1670,1839 1711,1837 1753,1836 1794,1835 1836,1834 1877,1833 1918,1832 1960,1832 2001,1831 2043,1830 2084,1829 2125,1828 2167,1827 2208,1826 2250,1825 2291,1824 2332,1823 2374,1822 2415,1820 2457,1819"/>
                <TextEquiv>
                    <Unicode>„Milieus“ und vom alten Theaterstück die</Unicode>
                </TextEquiv>
            </TextLine>
            <TextLine id="r3l20" custom="readingOrder {index:19;}">
                <Coords points="1623,1886 2004,1893 2177,1867 2211,1888 2475,1853 2462,1825 1622,1851"/>
                <Baseline points="1629,1886 1671,1884 1713,1882 1755,1881 1797,1880 1839,1879 1881,1877 1923,1876 1965,1876 2007,1875 2049,1874 2091,1873 2133,1872 2175,1871 2217,1870 2259,1869 2301,1868 2343,1866 2385,1864 2427,1863 2470,1860"/>
                <TextEquiv>
                    <Unicode>spannende, Rührseligkeit und heiterkeit ver¬</Unicode>
                </TextEquiv>
            </TextLine>
            <TextLine id="r3l21" custom="readingOrder {index:20;}">
                <Coords points="1630,1936 2365,1926 2471,1902 2470,1880 2382,1867 2198,1894 1629,1885"/>
                <Baseline points="1635,1927 1676,1926 1718,1925 1759,1923 1801,1922 1842,1922 1884,1921 1925,1920 1967,1919 2008,1918 2050,1918 2091,1917 2133,1916 2174,1915 2216,1914 2257,1913 2299,1912 2340,1911 2382,1910 2423,1908 2465,1906"/>
                <TextEquiv>
                    <Unicode>schmelzende Handlung entlehnt. Das Kassische</Unicode>
                </TextEquiv>
            </TextLine>
            <TextLine id="r3l22" custom="readingOrder {index:21;}">
                <Coords points="1617,1955 1666,1984 1738,1963 2083,1978 2327,1966 2368,1936 2433,1958 2473,1949 2473,1923 1617,1946"/>
                <Baseline points="1623,1966 1665,1965 1707,1965 1749,1965 1792,1964 1834,1964 1876,1964 1918,1963 1961,1963 2003,1962 2045,1961 2087,1961 2130,1960 2172,1959 2214,1958 2256,1957 2299,1956 2341,1954 2383,1952 2425,1950 2468,1948"/>
                <TextEquiv>
                    <Unicode>Werk dieser Richtung ist „Alt=Heidelberg“ In</Unicode>
                </TextEquiv>
            </TextLine>
            <TextLine id="r3l23" custom="readingOrder {index:22;}">
                <Coords points="1628,2012 2410,2014 2471,1978 2356,1957 1627,1984"/>
                <Baseline points="1633,2010 1674,2010 1716,2009 1757,2009 1799,2009 1841,2008 1882,2008 1924,2007 1965,2006 2007,2006 2049,2005 2090,2004 2132,2003 2173,2002 2215,2001 2257,1999 2298,1998 2340,1996 2381,1994 2423,1992 2465,1990"/>
                <TextEquiv>
                    <Unicode>der verflossenen Saison war sie durch das Militär¬</Unicode>
                </TextEquiv>
            </TextLine>
            <TextLine id="r3l24" custom="readingOrder {index:23;}">
                <Coords points="1626,2058 2267,2059 2404,2049 2438,2008 1625,2028"/>
                <Baseline points="1631,2057 1671,2055 1711,2054 1751,2053 1791,2053 1831,2052 1871,2052 1911,2051 1951,2051 1991,2050 2032,2050 2072,2049 2112,2049 2152,2048 2192,2047 2232,2047 2272,2045 2312,2044 2352,2043 2392,2041 2433,2039"/>
                <TextEquiv>
                    <Unicode>stück „Der Hapfenstreich“ glänzend vertreten.</Unicode>
                </TextEquiv>
            </TextLine>
            <TextLine id="r3l25" custom="readingOrder {index:24;}">
                <Coords points="1708,2097 2399,2102 2476,2084 2476,2059 2376,2043 1707,2070"/>
                <Baseline points="1713,2095 1750,2095 1788,2095 1826,2095 1864,2095 1902,2095 1940,2095 1978,2094 2016,2094 2054,2093 2092,2092 2129,2091 2167,2090 2205,2089 2243,2088 2281,2087 2319,2086 2357,2085 2395,2085 2433,2083 2471,2082"/>
                <TextEquiv>
                    <Unicode>Unverkennbar hat sich im vorigen Spieljahr</Unicode>
                </TextEquiv>
            </TextLine>
            <TextLine id="r3l26" custom="readingOrder {index:25;}">
                <Coords points="1621,2150 2420,2140 2476,2097 1620,2106"/>
                <Baseline points="1627,2144 1669,2144 1711,2143 1753,2142 1795,2142 1838,2141 1880,2140 1922,2140 1964,2138 2006,2138 2049,2137 2091,2136 2133,2135 2175,2134 2217,2133 2260,2132 2302,2131 2344,2129 2386,2128 2428,2126 2471,2125"/>
                <TextEquiv>
                    <Unicode>das Interesse an älteren deutschen Dichtern neu</Unicode>
                </TextEquiv>
            </TextLine>
            <TextLine id="r3l27" custom="readingOrder {index:26;}">
                <Coords points="1631,2192 2378,2186 2474,2167 2474,2140 1630,2151"/>
                <Baseline points="1637,2189 1678,2187 1720,2186 1761,2185 1803,2185 1845,2184 1886,2183 1928,2183 1969,2182 2011,2182 2053,2181 2094,2181 2136,2180 2177,2179 2219,2178 2261,2177 2302,2176 2344,2174 2385,2172 2427,2169 2469,2167"/>
                <TextEquiv>
                    <Unicode>belebt. Insbesondere erfuhr hebbels Tragödie</Unicode>
                </TextEquiv>
            </TextLine>
            <TextLine id="r3l28" custom="readingOrder {index:27;}">
                <Coords points="1632,2251 2334,2236 2475,2217 2474,2175 1631,2210"/>
                <Baseline points="1637,2240 1678,2237 1720,2234 1761,2232 1803,2229 1845,2228 1886,2227 1928,2226 1969,2225 2011,2225 2053,2224 2094,2224 2136,2223 2177,2223 2219,2222 2261,2221 2302,2220 2344,2219 2385,2217 2427,2215 2469,2212"/>
                <TextEquiv>
                    <Unicode>„Herodes und Mariamne“, die bekanntlich bei der</Unicode>
                </TextEquiv>
            </TextLine>
            <TextLine id="r3l29" custom="readingOrder {index:28;}">
                <Coords points="1636,2282 2476,2260 2475,2230 2439,2217 1635,2249"/>
                <Baseline points="1641,2279 1682,2277 1724,2276 1765,2275 1807,2273 1848,2272 1890,2271 1931,2271 1973,2270 2014,2270 2056,2269 2097,2268 2139,2268 2180,2267 2222,2266 2263,2266 2305,2265 2346,2264 2388,2263 2429,2261 2471,2259"/>
                <TextEquiv>
                    <Unicode>ersten Aufführung im Burgtheater vor mehr als</Unicode>
                </TextEquiv>
            </TextLine>
            <TextLine id="r3l30" custom="readingOrder {index:29;}">
                <Coords points="1639,2333 2477,2304 2410,2264 1638,2290"/>
                <Baseline points="1645,2326 1686,2324 1727,2322 1768,2320 1810,2319 1851,2318 1892,2317 1934,2316 1975,2315 2016,2315 2058,2314 2099,2313 2140,2312 2181,2312 2223,2310 2264,2309 2305,2307 2347,2305 2388,2302 2429,2299 2471,2295"/>
                <TextEquiv>
                    <Unicode>fünfzig Jahren schmählich durchfiel, eine glän¬</Unicode>
                </TextEquiv>
            </TextLine>
            <TextLine id="r3l31" custom="readingOrder {index:30;}">
                <Coords points="1627,2364 2257,2367 2448,2357 2486,2330 2429,2306 1627,2342"/>
                <Baseline points="1633,2370 1675,2367 1717,2365 1760,2364 1802,2363 1845,2361 1887,2361 1929,2360 1972,2359 2014,2359 2057,2358 2099,2357 2141,2357 2184,2356 2226,2355 2269,2354 2311,2352 2353,2350 2396,2348 2438,2346 2481,2342"/>
                <TextEquiv>
                    <Unicode>zende Auferstehung. Einige Bühnen, welche die</Unicode>
                </TextEquiv>
            </TextLine>
            <TextLine id="r3l32" custom="readingOrder {index:31;}">
                <Coords points="1629,2418 2379,2408 2482,2391 2482,2367 1629,2388"/>
                <Baseline points="1635,2408 1677,2407 1719,2407 1761,2406 1803,2406 1845,2405 1887,2404 1929,2403 1971,2402 2013,2401 2056,2401 2098,2399 2140,2398 2182,2397 2224,2396 2266,2395 2308,2394 2350,2394 2392,2393 2434,2392 2477,2392"/>
                <TextEquiv>
                    <Unicode>Aufführung dieser herben und spröden Dichtung</Unicode>
                </TextEquiv>
            </TextLine>
            <TextLine id="r3l33" custom="readingOrder {index:32;}">
                <Coords points="1639,2450 2486,2434 2412,2399 1639,2420"/>
                <Baseline points="1645,2449 1686,2449 1728,2449 1770,2448 1812,2448 1854,2447 1895,2446 1937,2446 1979,2445 2021,2444 2063,2443 2104,2442 2146,2441 2188,2440 2230,2439 2272,2438 2313,2437 2355,2436 2397,2435 2439,2434 2481,2432"/>
                <TextEquiv>
                    <Unicode>als literarisches Experiment zweifelnd wagten,</Unicode>
                </TextEquiv>
            </TextLine>
            <TextLine id="r3l34" custom="readingOrder {index:33;}">
                <Coords points="1632,2494 2493,2494 2522,2440 1691,2454 1631,2478"/>
                <Baseline points="1637,2495 1681,2495 1725,2494 1769,2493 1813,2492 1857,2491 1901,2490 1945,2489 1989,2488 2033,2487 2077,2486 2121,2485 2165,2484 2209,2483 2253,2482 2297,2480 2341,2479 2385,2478 2429,2476 2473,2475 2517,2473"/>
                <TextEquiv>
                    <Unicode>wurden durch einen unverhofften Kassenerfolg:</Unicode>
                </TextEquiv>
            </TextLine>
            <TextLine id="r3l35" custom="readingOrder {index:34;}">
                <Coords points="1644,2559 2087,2526 2383,2537 2490,2495 1643,2516"/>
                <Baseline points="1649,2544 1690,2542 1732,2541 1774,2540 1816,2538 1858,2537 1899,2536 1941,2535 1983,2534 2025,2533 2067,2531 2108,2530 2150,2529 2192,2528 2234,2527 2276,2526 2317,2525 2359,2523 2401,2522 2443,2521 2485,2519"/>
                <TextEquiv>
                    <Unicode>für ihren Mut belohnt. Das neu erwachende</Unicode>
                </TextEquiv>
            </TextLine>
            <TextLine id="r3l36" custom="readingOrder {index:35;}">
                <Coords points="1641,2587 2269,2586 2483,2560 2434,2528 2276,2524 1640,2556"/>
                <Baseline points="1646,2588 1687,2587 1729,2585 1770,2584 1812,2582 1854,2581 1895,2580 1937,2579 1978,2578 2020,2576 2062,2575 2103,2574 2145,2573 2186,2572 2228,2571 2270,2570 2311,2568 2353,2566 2394,2566 2436,2564 2478,2562"/>
                <TextEquiv>
                    <Unicode>Verständnis Hebbels dürfte teilweise dem Stu¬</Unicode>
                </TextEquiv>
            </TextLine>
            <TextLine id="r3l37" custom="readingOrder {index:36;}">
                <Coords points="1642,2628 2160,2632 2494,2603 2493,2575 2455,2568 1641,2597"/>
                <Baseline points="1647,2626 1689,2626 1731,2625 1773,2624 1815,2623 1857,2622 1899,2621 1941,2620 1983,2619 2025,2618 2068,2617 2110,2616 2152,2615 2194,2614 2236,2612 2278,2611 2320,2610 2362,2609 2404,2607 2446,2605 2489,2603"/>
                <TextEquiv>
                    <Unicode>dium und Kultus seines Geistesverwandten Ibsen</Unicode>
                </TextEquiv>
            </TextLine>
            <TextLine id="r3l38" custom="readingOrder {index:37;}">
                <Coords points="1642,2674 2408,2672 2476,2663 2486,2628 1641,2642"/>
                <Baseline points="1647,2673 1688,2672 1730,2672 1772,2671 1813,2670 1855,2669 1897,2668 1938,2667 1980,2666 2022,2665 2064,2664 2105,2663 2147,2662 2189,2660 2230,2659 2272,2657 2314,2656 2355,2653 2397,2651 2439,2649 2481,2647"/>
                <TextEquiv>
                    <Unicode>zuzuschreiben sein. Der fremde Genius lehrte</Unicode>
                </TextEquiv>
            </TextLine>
            <TextLine id="r3l39" custom="readingOrder {index:38;}">
                <Coords points="1642,2719 2183,2706 2223,2726 2499,2703 2499,2664 1641,2689"/>
                <Baseline points="1647,2713 1689,2712 1731,2711 1774,2710 1816,2710 1858,2709 1901,2709 1943,2709 1985,2708 2028,2708 2070,2708 2112,2707 2155,2706 2197,2706 2239,2705 2282,2704 2324,2703 2366,2701 2409,2700 2451,2698 2494,2695"/>
                <TextEquiv>
                    <Unicode>das Publikum den deutschen Dichter fassen und</Unicode>
                </TextEquiv>
            </TextLine>
            <TextLine id="r3l40" custom="readingOrder {index:39;}">
                <Coords points="1641,2761 1689,2768 1694,2762 1771,2768 1792,2762 1801,2768 1858,2753 1858,2742 1831,2743 1814,2729 1769,2716 1750,2726 1714,2728 1705,2722 1660,2730 1641,2743"/>
                <Baseline points="1647,2757 1672,2755 1698,2754 1724,2753 1750,2753 1775,2753 1801,2754 1827,2754 1853,2754"/>
                <TextEquiv>
                    <Unicode>würdigen.</Unicode>
                </TextEquiv>
            </TextLine>
            <TextLine id="r3l41" custom="readingOrder {index:40;}">
                <Coords points="1733,2809 2402,2785 2450,2803 2496,2770 2411,2742 1732,2773"/>
                <Baseline points="1738,2800 1775,2801 1813,2802 1850,2802 1888,2802 1926,2802 1963,2801 2001,2800 2038,2798 2076,2796 2114,2795 2151,2793 2189,2791 2226,2790 2264,2788 2302,2786 2339,2785 2377,2784 2414,2783 2452,2782 2490,2782"/>
                <TextEquiv>
                    <Unicode>Ein großes, epochemachendes Ereignis hat</Unicode>
                </TextEquiv>
            </TextLine>
            <TextLine id="r3l42" custom="readingOrder {index:41;}">
                <Coords points="1652,2860 2218,2853 2311,2825 2431,2843 2497,2806 2400,2788 1651,2817"/>
                <Baseline points="1657,2848 1698,2847 1740,2846 1782,2845 1823,2844 1865,2843 1907,2842 1948,2841 1990,2841 2032,2840 2074,2839 2115,2838 2157,2837 2199,2836 2240,2835 2282,2834 2324,2832 2365,2830 2407,2829 2449,2826 2491,2825"/>
                <TextEquiv>
                    <Unicode>sich im abgelaufenen Jahre auf der deutschen</Unicode>
                </TextEquiv>
            </TextLine>
            <TextLine id="r3l43" custom="readingOrder {index:42;}">
                <Coords points="1650,2887 2273,2893 2473,2879 2494,2854 2164,2835 2101,2869 1996,2843 1649,2863"/>
                <Baseline points="1655,2891 1696,2891 1738,2891 1780,2890 1821,2890 1863,2889 1905,2889 1946,2888 1988,2887 2030,2886 2072,2886 2113,2885 2155,2884 2197,2882 2238,2881 2280,2880 2322,2878 2363,2877 2405,2875 2447,2873 2489,2871"/>
                <TextEquiv>
                    <Unicode>Bühne nicht zugetragen. Weder ist ein neuer</Unicode>
                </TextEquiv>
            </TextLine>
            <TextLine id="r3l44" custom="readingOrder {index:43;}">
                <Coords points="1643,2927 1855,2946 2491,2909 2490,2886 2389,2878 1642,2903"/>
                <Baseline points="1649,2934 1690,2932 1732,2931 1774,2930 1816,2930 1858,2929 1899,2929 1941,2928 1983,2928 2025,2928 2067,2928 2108,2928 2150,2927 2192,2927 2234,2926 2276,2925 2317,2923 2359,2921 2401,2920 2443,2917 2485,2913"/>
                <TextEquiv>
                    <Unicode>Dichter erschienen, der in einer gewaltigen</Unicode>
                </TextEquiv>
            </TextLine>
            <TextLine id="r3l45" custom="readingOrder {index:44;}">
                <Coords points="1651,2975 2199,2983 2469,2966 2496,2928 1650,2948"/>
                <Baseline points="1657,2977 1698,2977 1740,2976 1782,2976 1823,2975 1865,2975 1907,2974 1948,2974 1990,2973 2032,2972 2074,2971 2115,2971 2157,2970 2199,2969 2240,2967 2282,2966 2324,2964 2365,2963 2407,2961 2449,2959 2491,2956"/>
                <TextEquiv>
                    <Unicode>Schöpfung den Zeitgenossen ungekannte Welten</Unicode>
                </TextEquiv>
            </TextLine>
            <TextLine id="r3l46" custom="readingOrder {index:45;}">
                <Coords points="1647,3023 2350,3024 2471,3011 2500,2965 1646,2987"/>
                <Baseline points="1653,3021 1695,3021 1737,3020 1779,3020 1821,3019 1863,3019 1905,3018 1947,3018 1989,3017 2031,3017 2074,3016 2116,3015 2158,3014 2200,3013 2242,3012 2284,3010 2326,3009 2368,3007 2410,3006 2452,3004 2495,3001"/>
                <TextEquiv>
                    <Unicode>der Doesie aufschloß, noch ist dem Geist eines</Unicode>
                </TextEquiv>
            </TextLine>
            <TextLine id="r3l47" custom="readingOrder {index:46;}">
                <Coords points="1654,3068 2504,3048 2424,3010 1653,3039"/>
                <Baseline points="1659,3065 1703,3064 1747,3063 1791,3062 1835,3061 1879,3061 1923,3060 1968,3060 2012,3059 2056,3058 2100,3058 2144,3057 2188,3056 2233,3055 2277,3054 2321,3053 2365,3052 2409,3050 2453,3049 2498,3046"/>
                <TextEquiv>
                    <Unicode>der längst bekannten und berühmten Dichter</Unicode>
                </TextEquiv>
            </TextLine>
            <TextLine id="r3l48" custom="readingOrder {index:47;}">
                <Coords points="1653,3108 2031,3118 2270,3091 2402,3113 2500,3084 2499,3063 2397,3054 1653,3086"/>
                <Baseline points="1659,3108 1700,3107 1742,3107 1784,3106 1826,3106 1868,3106 1909,3105 1951,3105 1993,3104 2035,3104 2077,3103 2118,3102 2160,3102 2202,3101 2244,3100 2286,3099 2327,3098 2369,3096 2411,3094 2453,3093 2495,3091"/>
                <TextEquiv>
                    <Unicode>ein Werk entsprungen, das der literarischen</Unicode>
                </TextEquiv>
            </TextLine>
            <TextLine id="r3l49" custom="readingOrder {index:48;}">
                <Coords points="1654,3156 2504,3135 2503,3109 2450,3099 1653,3126"/>
                <Baseline points="1659,3154 1703,3154 1747,3153 1791,3152 1835,3151 1879,3150 1923,3149 1968,3148 2012,3147 2056,3147 2100,3146 2144,3145 2188,3143 2233,3142 2277,3141 2321,3139 2365,3138 2409,3136 2453,3134 2498,3132"/>
                <TextEquiv>
                    <Unicode>Physiognomie seines Urhebers einen neuen</Unicode>
                </TextEquiv>
            </TextLine>
            <TextLine id="r3l50" custom="readingOrder {index:49;}">
                <Coords points="1650,3210 2161,3203 2208,3180 2401,3198 2501,3167 2440,3139 1649,3171"/>
                <Baseline points="1655,3196 1697,3195 1739,3195 1781,3194 1823,3194 1865,3193 1907,3192 1949,3192 1991,3191 2033,3191 2075,3190 2117,3189 2159,3188 2201,3187 2243,3185 2285,3184 2327,3183 2369,3181 2411,3179 2453,3177 2495,3175"/>
                <TextEquiv>
                    <Unicode>wesentlichen Zug hinzuzufügen vermocht hätte.</Unicode>
                </TextEquiv>
            </TextLine>
            <TextLine id="r3l51" custom="readingOrder {index:50;}">
                <Coords points="1650,3244 2384,3242 2506,3203 1649,3221"/>
                <Baseline points="1655,3240 1697,3239 1739,3238 1781,3238 1824,3237 1866,3237 1908,3236 1951,3236 1993,3235 2035,3235 2078,3234 2120,3234 2162,3233 2204,3232 2247,3231 2289,3230 2331,3228 2374,3227 2416,3225 2458,3223 2501,3221"/>
                <TextEquiv>
                    <Unicode>Im ganzen war es ein unergiebiges Jahr, eine</Unicode>
                </TextEquiv>
            </TextLine>
            <TextLine id="r3l52" custom="readingOrder {index:51;}">
                <Coords points="1661,3300 2089,3273 2293,3289 2480,3277 2508,3251 2402,3232 1660,3252"/>
                <Baseline points="1666,3288 1707,3286 1749,3284 1791,3282 1833,3280 1875,3279 1917,3278 1958,3278 2000,3277 2042,3277 2084,3276 2126,3276 2168,3276 2210,3275 2251,3274 2293,3274 2335,3273 2377,3272 2419,3270 2461,3269 2503,3266"/>
                <TextEquiv>
                    <Unicode>Periode des Überdrusses am Bisherigen und des</Unicode>
                </TextEquiv>
            </TextLine>
            <TextLine id="r3l53" custom="readingOrder {index:52;}">
                <Coords points="1651,3325 1715,3345 2215,3314 2430,3329 2502,3302 2501,3280 2422,3269 1650,3299"/>
                <Baseline points="1657,3329 1699,3328 1741,3327 1783,3326 1825,3325 1867,3324 1909,3324 1951,3323 1993,3323 2035,3322 2077,3322 2119,3321 2161,3320 2203,3320 2245,3319 2287,3317 2329,3316 2371,3314 2413,3311 2455,3309 2497,3306"/>
                <TextEquiv>
                    <Unicode>tastenden Suchens nach noch unverbrauchten</Unicode>
                </TextEquiv>
            </TextLine>
            <TextLine id="r3l54" custom="readingOrder {index:53;}">
                <Coords points="1661,3372 2425,3372 2497,3365 2497,3331 1661,3346"/>
                <Baseline points="1667,3370 1708,3369 1749,3369 1790,3369 1831,3368 1873,3368 1914,3367 1955,3366 1996,3365 2037,3365 2079,3363 2120,3362 2161,3362 2202,3360 2243,3359 2285,3358 2326,3356 2367,3355 2408,3354 2449,3353 2491,3352"/>
                <TextEquiv>
                    <Unicode>dramatischen Reizmitteln, eine öde Zwischenzeit,</Unicode>
                </TextEquiv>
            </TextLine>
            <TextLine id="r3l55" custom="readingOrder {index:54;}">
                <Coords points="1664,3420 2229,3422 2501,3391 2435,3364 1663,3378"/>
                <Baseline points="1669,3414 1710,3412 1751,3412 1792,3411 1834,3410 1875,3410 1916,3409 1958,3409 1999,3409 2040,3408 2082,3408 2123,3408 2164,3407 2205,3406 2247,3406 2288,3404 2329,3403 2371,3401 2412,3399 2453,3397 2495,3394"/>
                <TextEquiv>
                    <Unicode>in der man Stücke zu schreiben sucht, die mög¬</Unicode>
                </TextEquiv>
            </TextLine>
            <TextLine id="r3l56" custom="readingOrder {index:55;}">
                <Coords points="1666,3460 2086,3469 2161,3447 2469,3455 2507,3432 2473,3404 1768,3439 1665,3420"/>
                <Baseline points="1671,3459 1712,3458 1754,3457 1795,3456 1837,3456 1878,3455 1920,3454 1961,3454 2003,3453 2044,3452 2086,3452 2127,3451 2169,3451 2210,3450 2252,3449 2293,3448 2335,3447 2376,3446 2418,3444 2459,3443 2501,3441"/>
                <TextEquiv>
                    <Unicode>lichst viel Geld einbringen. Der Gott, der auf</Unicode>
                </TextEquiv>
            </TextLine>
            <TextLine id="r3l57" custom="readingOrder {index:56;}">
                <Coords points="1666,3507 2451,3502 2502,3492 2502,3458 1666,3476"/>
                <Baseline points="1672,3504 1713,3502 1754,3501 1795,3499 1837,3498 1878,3497 1919,3497 1960,3496 2002,3496 2043,3495 2084,3495 2125,3494 2167,3493 2208,3493 2249,3492 2290,3491 2332,3490 2373,3489 2414,3488 2455,3485 2497,3483"/>
                <TextEquiv>
                    <Unicode>dem Giebel des modernen Theaters thronen</Unicode>
                </TextEquiv>
            </TextLine>
            <TextLine id="r3l58" custom="readingOrder {index:57;}">
                <Coords points="1667,3560 2513,3531 2512,3505 2468,3493 2398,3520 2318,3495 1666,3519"/>
                <Baseline points="1673,3552 1714,3551 1756,3550 1798,3548 1839,3547 1881,3545 1923,3544 1964,3542 2006,3541 2048,3540 2090,3538 2131,3537 2173,3536 2215,3534 2256,3533 2298,3533 2340,3532 2381,3532 2423,3531 2465,3532 2507,3532"/>
                <TextEquiv>
                    <Unicode>sollte, ist gegenwärtig nicht Dionysos, noch</Unicode>
                </TextEquiv>
            </TextLine>
            <TextLine id="r3l59" custom="readingOrder {index:58;}">
                <Coords points="1666,3602 2172,3593 2258,3587 2258,3570 2150,3542 1665,3565"/>
                <Baseline points="1671,3589 1700,3590 1729,3591 1758,3591 1787,3591 1816,3591 1845,3590 1874,3589 1903,3588 1932,3587 1961,3586 1990,3585 2019,3584 2048,3583 2077,3582 2106,3581 2135,3580 2164,3580 2193,3580 2222,3580 2252,3580"/>
                <TextEquiv>
                    <Unicode>weniger Apollo, sondern Merkur.</Unicode>
                </TextEquiv>
            </TextLine>
            <TextLine id="r3l60" custom="readingOrder {index:59;}">
                <Coords points="1904,3625 2045,3646 2121,3630 2151,3647 2274,3626 2362,3642 2402,3621 2477,3629 2476,3591 2371,3597 2341,3581 2275,3599 2129,3584 1903,3598"/>
                <Baseline points="1909,3629 1937,3630 1965,3631 1993,3632 2021,3632 2049,3632 2077,3632 2105,3632 2133,3631 2161,3631 2190,3630 2218,3629 2246,3628 2274,3627 2302,3625 2330,3624 2358,3623 2386,3622 2414,3621 2442,3620 2471,3619"/>
                <TextEquiv>
                    <Unicode>Alfred Freiherr von Berger.</Unicode>
                </TextEquiv>
            </TextLine>
            <TextEquiv>
                <Unicode>53
Reich, einen der größten Erfolge des vorigen
Spieljahres bedeutet, ist ein Theaterstück im
alten, guten Sinne des Wortes mit spannender
Handlung und wuchtigen Aktschlüssen. Ja, es
macht dem Effekt so große Zugeständnisse, daß
ein boshafter Kritiker sagen durfte: „Wenn der
„Strom“ von Philippi wäre, wäre er ein
schlechtes Stück.“
Überhaupt hat sich in den letzten Jahren
ein Dramentypus heraus entwickelt, der als
Kreuzungsprodukt zwischen dem realistischen
Milieudrama und dem im Philistersinn bühnen¬
wirksamen Theaterstück alten Schlages bezeichnet
werden kann. Dielleicht war die Lantieme die
Vermittlerin. hartlebens „Rosenmontag“ war,
wenn ich nicht irre, das erste Exemplar dieser
Gattung, die vom Realismus das Element des
„Milieus“ und vom alten Theaterstück die
spannende, Rührseligkeit und heiterkeit ver¬
schmelzende Handlung entlehnt. Das Kassische
Werk dieser Richtung ist „Alt=Heidelberg“ In
der verflossenen Saison war sie durch das Militär¬
stück „Der Hapfenstreich“ glänzend vertreten.
Unverkennbar hat sich im vorigen Spieljahr
das Interesse an älteren deutschen Dichtern neu
belebt. Insbesondere erfuhr hebbels Tragödie
„Herodes und Mariamne“, die bekanntlich bei der
ersten Aufführung im Burgtheater vor mehr als
fünfzig Jahren schmählich durchfiel, eine glän¬
zende Auferstehung. Einige Bühnen, welche die
Aufführung dieser herben und spröden Dichtung
als literarisches Experiment zweifelnd wagten,
wurden durch einen unverhofften Kassenerfolg:
für ihren Mut belohnt. Das neu erwachende
Verständnis Hebbels dürfte teilweise dem Stu¬
dium und Kultus seines Geistesverwandten Ibsen
zuzuschreiben sein. Der fremde Genius lehrte
das Publikum den deutschen Dichter fassen und
würdigen.
Ein großes, epochemachendes Ereignis hat
sich im abgelaufenen Jahre auf der deutschen
Bühne nicht zugetragen. Weder ist ein neuer
Dichter erschienen, der in einer gewaltigen
Schöpfung den Zeitgenossen ungekannte Welten
der Doesie aufschloß, noch ist dem Geist eines
der längst bekannten und berühmten Dichter
ein Werk entsprungen, das der literarischen
Physiognomie seines Urhebers einen neuen
wesentlichen Zug hinzuzufügen vermocht hätte.
Im ganzen war es ein unergiebiges Jahr, eine
Periode des Überdrusses am Bisherigen und des
tastenden Suchens nach noch unverbrauchten
dramatischen Reizmitteln, eine öde Zwischenzeit,
in der man Stücke zu schreiben sucht, die mög¬
lichst viel Geld einbringen. Der Gott, der auf
dem Giebel des modernen Theaters thronen
sollte, ist gegenwärtig nicht Dionysos, noch
weniger Apollo, sondern Merkur.
Alfred Freiherr von Berger.</Unicode>
            </TextEquiv>
        </TextRegion>
    </Page>
</PcGts>
