3344 4352
120 168 1353 296 2. Guttings box 38/4
516 814 2872 925 1867, R. G. Bl. Nr. 141, „provisorische Notverordnung an das Abgeoronetenhaus erfoigte. Tae.
2862 838 3285 932 Reichsrat in der S
501 870 2874 987 Gesetzeskraft zukommt, deren Geltungsdauer jedochgegen defiziert diese Bedingung mit der rechtzeitig be¬
2858 909 3296 991 zeitige Vorlage der #
1690 922 2874 1008 wirkten Vorlage der Notverordnung, so daß es für deren
515 945 1701 1037 von der noch ausstehenden Beschlußsassung des Reichs¬
1699 962 3296 1051 weiteres Schicksal ganz irrelevant ist, ob die Regierung schlußfassung gelang
517 982 1704 1072 rates abhängt. Da drängt sich notwendig die Frage auf:
2869 1004 3297 1074 dann könnte die Re
525 1008 2870 1120 Was oll mit diesen 67 Notverordnungen geschehen? Soll nach Schließung der Session oder nach Auflösung des
523 1060 3308 1179 das Provisorium ewig währen?) Welcher Weg ist ein= Abgeordnetenhauses die unerledigt gebliebene Notverord= auf einfachste Weise
512 1151 3298 1219 zuschlagen, um die fatalen Reste eines parlamentarischen nung gar nicht mehr oder nicht binnen vier Wochen] Die Regierung könn
2868 1202 3308 1279 Denkweise, des Gef
1702 1213 2879 1299 französelnden Persönlichkeit heraus beobachtet und schildert
522 1245 1699 1327 also keineswegs etwas Abnormes oder gar in sich Wider¬
2888 1253 3304 1325 in denen, so gering
1713 1264 2877 1340 er nun das heimatliche wienerische Leben und Lieben.
2871 1306 3302 1373 Wien sich verrät, wi
515 1296 1713 1371 sprechendes, daß dieser Dichter des Todes zugleich mit
1707 1328 2887 1393 Wenn ich etwas von Schnitzler lese, meine ich, franzö¬
2884 1344 3301 1422 virtuosen Photograp
531 1344 1707 1416 einem Boccaccio oder Pietro Aretino in erotischer Kühn¬
1714 1360 2888 1453 sische Worte, Phrasen und Tonfälle wie aus der Ferne
528 1388 1707 1458 heit wetteifert. Der Zeugungsakt und das Sterben ver¬
1704 1401 3299 1488 leise mitklingen zu hören. Das soll kein Tadel sein. kennt und empfindet
2870 1437 3308 1520 so sehr die schwere
521 1451 1708 1524 halten sich nun einmal zueinander wie Komplementär¬
1711 1467 2819 1541 Nur das eigentlich Schnitzlersche an Schnitzler soll
530 1485 1710 1558 farben; wer die eine stark empfindet, muß, ob er will
2869 1492 3173 1561 namentlich d
1706 1498 2883 1585 charakterisieren, diese einzige Verschmelzung französischer
2883 1540 3313 1609 groben Urwienerisch
529 1545 1712 1628 oder nicht, auch die andere stark empfinden. Dadurch
1715 1565 2898 1629 Klarheit und prickelnden Pariser Esprits mit Wienerischer
2885 1586 3294 1664 der Welt, aus der
524 1585 1711 1663 aber sind die erotischen Dichtungen Schnitzlers auch weit
1719 1593 2905 1674 Liebenswürdigkeit, Wienerischer Liederlichkeit, Wienerischer
2877 1632 3298 1708 gesprochen werden.
526 1633 1716 1699 mehr als Nuditäten; der dunkle Hintergrund des
1712 1643 2895 1723 Traulichkeit und Wienerischem Humor,kurz, mitallen Stoffen,
2880 1675 3307 1760 ihm den Charakter,
524 1680 1711 1757 großen Mysteriums, vor dem sie sich abspielen und dessen
1710 1692 2885 1772 welche die Atmosphäre Wiens sättigen und ihr die an¬
2885 1732 3287 1798 der Menschen zuflü
538 1726 1717 1808 unheimliche Nähe man bei Schnitzler immer fühlt, auch
1720 1737 2900 1818 heimende Molligkeit und das charakteristische Aroma ver¬
2892 1770 3312 1846 Sprache, die Lieut¬
545 1775 1718 1856 wo er seinen Humor leuchten läßt, adelt sie — beinahe
1719 1782 2906 1868 leihen. Sind es doch die Franzosen, welche die Novelle
2893 1825 3309 1894 mit so unfehlbarer
1714 1826 2908 1915 und die Komödie befähigt haben, das nur mit den feinsten
542 1841 817 1913 zur Poesie.
2893 1873 3309 1936 Gustl wäre die Ge
618 1857 1715 1941 Schnitzlers Erotik, das werden auch solche nicht be¬
1715 1874 2906 1968 Nervenspitzen zu empfindende, begrifflich schier undefinier¬
2887 1909 3290 1995 dieser Mensch in d
544 1913 1725 1998 streiten, die für seine diskrete Kunst die höchste Bewun¬
1721 1928 2909 2008 bare indiriduelle geistige Fluidum einer Stadt und einer
2898 1966 3294 2042 glänzenden Satire
532 1969 1685 2034 derung hegen, ist eine ziemlich eng begrenzte. Es is
1727 1980 2917 2060 Bevölkerung mit erlesener Sprachkunst zu erhaschen
543 2023 1723 2082 wienerische Erotik, in deren Mittelpunkt der von Schnitzler
2102 2010 3303 2097 so daß der Leser des Buches mit seiner Braut ü
1733 2042 2123 2122 und festzuhalten,
550 2059 1713 2137 ins Heimatliche umgebildete Typus des „süßen Mädels“
2112 2075 3310 2146 Stadt, aus deren großem Leben trossen haben. Von
1722 2095 2119 2160 mitten in der
2899 2113 3248 2172 Juben gewesen
2551 2120 2803 2190 Episode
537 2106 1724 2187 steht. Man# at zu sagen, daß Wolzogen diesen Typus
2128 2121 2572 2205 oder novellistische
1723 2130 2123 2214 eine dramatische
2903 2159 3271 2229 g'macht haben.“E
2626 2156 2913 2239 Atmosphäre
545 2147 1734 2239 geschaffen hat. Der Name mag von ihm sein, aber der
1735 2167 2633 2257 schildert wird, zu wohnen und ihre
2899 2210 3312 2296 flüchtigen Zuge stig
547 2213 1723 2278 Typus selbst ist in Wahrheit ebenso alt wie die moderne
1723 2201 2921 2320 zu atmen glaubt. Alle europäischen Nationen haben den
552 2254 1729 2329 deutsche Poesie. Goethes Gretchen ist die Urgroßmutier
2983 2260 3293 2327 Immer wieder
1732 2263 2923 2356 Franzosen diese Technik abgelernt und sie den besonderen
556 2301 1729 2383 aller deutschen „süßen Mädeln“, und Melitta und Hero
1740 2304 3312 2399 Zuständen, die sie zu schildern hatten, angepaßt, die Aufforderung gerich
553 2336 1737 2431 gehören, trotz griechischer Tracht und fünffüßigem Jambus,
1743 2355 3305 2449 großen russischen Romanciers nicht minder als die Stils zuzuwenden.
550 2400 1738 2472 auch zur Familie. Ob Schnitzler diese seine Lieblings¬
1741 2408 3296 2483 vordischen Dramatiker. Ibsen ohne Dumas und Turgen= obwohl in Wien
556 2439 1735 2510 gestalt frischweg und unmittelbar aus dem Wiener Leben
2900 2453 3328 2531 angehäuft ist. Wes
1738 2453 2922 2540 je ohne die George Sand ist ebensowenig denkbar als
555 2491 1743 2566 herausgegriffen hat? Ich zweifle daran. Dem wienerischen
1739 2500 3305 2573 Ferdinand v. Saar ohne den Schüler der Franzosen er zu sehr Poet un
551 2539 1741 2626 Erdgeschmack, den auch der hornierteste Antisemit
2904 2551 3289 2622 zu können. Die
1738 2550 2921 2629 Turgenjew und — Schnitzler ohne Guy de Maupassant.
561 2590 1739 2663 Schnitzlers Sachen nicht wird abstreiten können, ist eine
1738 2591 3309 2682 Da liegt nicht Nachahmung vor, sondern Abstammung und feineren Geist
567 2631 1745 2721 zarte Blume beigemischt, die auf einen anderen Ursprung,
2901 2643 3329 2720 gemütlichen Wien, i
1743 2640 2920 2720 und Familienähnlichkeit. So dürfte auch das „süße
569 2686 1738 2765 die nach Paris deutet. Schnitzler, wie viele seiner Nach¬
2921 2697 3315 2763 spiel, wie man es
1736 2696 2924 2765 Wiener Mädel“ als lokale Spielart des Pariser Studenten¬
567 2731 1737 2815 ahmer, die heute das literarische Wien überschwemmen,
2914 2745 3311 2809 müßte er vor allem
1746 2747 2919 2830 liebchens, der Grisette, anzusprechen sein; dieses angenehme
573 2773 1747 2851 wäre, wenigstens in seiner ersten Zeit, gewiß lieber ein
2920 2793 3321 2856 stände Sinn und
1741 2794 2922 2872 Geschöpf ist also, wie oben angedeutet, auch ein wenig
564 2824 1745 2898 eleganter junger Pariser Autor gewesen als ein Wiener.
2922 2838 3319 2910 Dichter in ihm ganz
1751 2854 2257 2929 literarischen Ursprungs.
577 2865 1747 2947 Die „Unatol'=Maske, in welcher er seinen ersten großen
2913 2882 3306 2963 haben nur für dr
1831 2878 2908 2963 Obwohl bei den meisten Sachen von Schnitzler in
572 2913 1753 2997 Erfolg errang, verrät diese Sehnsucht, dieses der sozialen
2922 2933 3311 3006 und fürs Komödie
1749 2940 2930 3012 Stoff und Stil ein gewisser Parallelismus mit Pariser
580 2959 1754 3039 Schichte, der Schnitzler entstammt, eigentümliche Heimweh
2922 2983 3329 3056 tur ist er in diese
1757 2998 2926 3066 Urbildern nachgewiesen werden könnte, so muß man ihm
580 3032 1763 3108 nach Paris. Indem Arthur Schnitzler sich Anatol taufte,
2924 3026 3314 3103 märzes. Deshalb,
1755 3042 2928 3119 doch zugestehen, daß er die angeeigneten Formen mit
581 3059 1761 3130 gelang es ihm, wie ein Schauspieler, der sich leiblich und
1757 3085 3318 3161 echtem frisch pulsierendem Wiener Blut zu füllen gewußt man ihm zutraut,
587 3111 1763 3192 feelisch bis an die Grenze der Identifizierung in eine
1764 3124 3336 3216 hat. Zwar nicht das ganze Wien, aber Geist und Wesen schärfste und dis
586 3162 1760 3233 Rolle hineinlebt, auch sein innerstes, wienerisches Selbst
1765 3177 3324 3267 gewisser Schichten und Koterien der Wiener Gesellschaft Wiens, daß ein ##
576 3200 1767 3293 im pariserischen Sinne umzufärben und sich fortan so zu
1757 3228 3332 3312 lebt in Schnitzlers Büchern und Komödien. Der Leser wie dieses uns vo
586 3252 1770 3335 fühlen, als ob er ein geborener Anatol oder Raoul und
577 3271 3274 3378 die Ringstraße das Boulevard und der Prater das Bois fühlt sich immer wieder froh überrascht, in Schilderung „süßen Mädel“,
593 3322 3259 3440 wären, und aus dieser ein ganz klein wenig anaffektierten! der Natur und der Menschen gewisse typische Züge der allen Formen.
