3392 4320
1576 133 2602 203 rendez-vous demande. Superstition on sadisme?
1575 175 2534 248 Cela reste dans la plus piqnante indécision.
1608 208 2629 283 La quatrième piece, Litteralure, est un pelit
877 224 1345 334 box 38/4
1576 275 2629 332 chef-d’euvre de malice et d’esprit. C’est l’em¬
146 234 754 353 2. Cuttings
1562 312 2618 379 barras de deux anciensamants, littéraleurs lous
1583 365 2624 438 deux, et qui, ayant conserve leur correspon¬
1573 415 2613 484 dance amoureuse, — ils gardaient le brouillon
1576 464 2624 534 de leurs propres lettres avec la réponse de
1576 504 2630 574 l’autre, — se trouvent avoir inséré en mème
1578 568 2623 627 temps toute cette double correspondrnce dans
1565 614 2629 685 Ideux romans g vécuss, lesquels vont paraitre
1570 660 1958 720 simultanément.
1608 675 2627 770 Je ne reviens pas sur l’aualyse très soignense
1580 754 2626 822 que M. Flegenheimer a faite de la troisième
1574 813 2625 879 pièce: les Derniers Musques. Pourtant, repla¬
1580 834 2633 923 cée parmi les autres, elle va preudre, semble¬
1576 897 2648 960 t-il, une signification plus nette. Quel est, en ef¬
1578 942 2648 1005 fel, 16 76074 Molte de Ces quatre piéces? Düne
1579 982 2648 1057 façon tres générale, c’est le rapport de la vie
1586 1035 2631 1105 réelle et de la vie factice, de la vie imaginée ou
1579 1085 2646 1151 décrite avec la vie vécue. Cela appert du titre
1585 1132 2652 1206 commun que l’auteur a laissé à ses quatre pié¬
1584 1186 2643 1246 ces: Heures de vie. Et il me revient à la mé¬
1581 1230 2645 1291 moire tellés répliques de Paraceise ou du Per¬
1589 1274 2645 1341 roquet vert ou Schnitzle effleurait dejä cette
1579 1329 2635 1391 question (2). Il se demande ici, dans l’acte inti¬
1586 1373 2641 1453 tulé Heures de vie, quel est le prix du talent
1592 1431 2637 1493 comparé au prix de la vie elle-méme, qui l’en¬
1578 1481 2647 1543 fante et l’inspire. La vie n’a-t-elle pas une
1577 1524 2638 1587 beauté si originale, si sacrée, que deux heures
1579 1568 2645 1645 d’existence valent mienx quetoute l’ouvre d’un
701 1571 1390 1699 VARIETES
1582 1623 2630 1686 artiste? La seconde pièce signifle: Cependant,
1586 1653 2645 1732 cette vie réelle, la seule vraie et la seule
644 1685 1497 1799 Aupröpos d’Arthur Schnitzler
1585 1707 2641 1791 précieuse, ne sommes-nous point amenés
1595 1774 2629 1838 à la vivre parfois d’après la comédie de
579 1781 1584 1846 Hy a peut-étre quelques traits à appuyer
1592 1802 2643 1888 nos réves? Oü cherchons-nous nos directions
539 1835 1582 1902 dans leportrait, d’ailleurs si joli et ressemblant,
1583 1884 2642 1933 pratiques, sinon dans la vie imaginaire que
544 1892 1576 1949 que M. Edmond Flegenheimer traçait ici mème,
1593 1904 2641 1989 chacun de nous se dessine préalablement à lui¬
542 1932 1582 1996 voilà quelques jours (1), de l’écrivain viennois
1594 1958 2650 2043 méme? Cela est si vrai que (troisième pièce, les
547 1994 1587 2037 Arthur Schnitzler. M. Flegenheimer caractéri¬
1591 2017 2634 2078 Derniers Masques) ce réve peut suppléer, chez
537 2029 1584 2092 sait avec beaucoup de finesse ce talent aisé,
1594 2065 2644 2126 les malheureux, à la vie manquée. Le vienx
546 2081 1584 2141 plein d’une gräce tour àtour spirituelle et mé¬
1587 2117 2632 2190 plumitif mourant a répété avec l’acteur, comme
545 2126 1579 2187 lancolique. Mais il ajoutait, pour distinguer
1587 2165 2632 2224 au théätre, la scène qu'il voulaib faire au poéte
540 2174 1585 2222 M. Schnitzler de ses confrères allemands, disci¬
1597 2211 2634 2267 Weighast, pour ne pas mourir étouffé par la
543 2221 1591 2293 ples d’lbsen ou de Tolstol, penseurs avant d’étre
1582 2257 2641 2340 rancune. Cela lui suffit. Lorsque le moment ar¬
541 2275 1584 2349 artistes, que M. Schnitzler & ne pense point 2.
1585 2293 2632 2378 rive de joner pour tout de hon le röle qu'il a
538 2312 1095 2400 Est-ce tout à fait vrai?
581 2365 2636 2429 Descartes disait que lhomme pense toujours, Trépété, il n’a pas le courage de recommencer,
1579 2402 2630 2468 et, malgré cela, meurt satisfait. Ces trois pie¬
548 2429 1590 2488 möme dans la distraction, méme dans le som¬
1584 2467 2624 2518 ces appellent une conclusion que devrait don¬
544 2467 1595 2528 meil. On peut dire aussi de chaque artiste, méme
537 2499 2630 2600 Je plus insouciant, qu'il pense toujours. Une iner la dernière. Mais comme Schnitzler est un
539 2556 2627 2625 cuvre d’art digne de ce nom doit laisser der-ironiste et un sceptique, bien qu’il soit capable
537 2606 2633 2676 rière elle autre chose que les impressions fugi-/de poignante mélancolie et de force tragique,
1583 2654 2630 2718 il conclut par un éclat de rire aux dépens du
541 2668 1588 2716 tives du plaisir. Elle nous apporte une vision
1586 2714 2629 2765 g gendelettre : et du bas-bleu, ridicule pour
548 2717 1585 2778 originale de choses que nous avons vues nous¬
1585 2737 2639 2833 avoir exploité en librairie leurs 4 heures de
548 2775 1582 2826 mèmes, une interprétation personnelle de réa¬
1598 2802 1757 2884 vie r.
539 2810 1586 2880 lités qui, au premier abord et superficiellement,
552 2859 1603 2939 semblent pareilles pour tous. Et la réflexion
2039 2858 2172 2936 „%
543 2914 1596 2973 trouve là une sorte de résidu théorique, un peu
1620 2916 2638 2982 Je ne crois pas avoir trop systématisé la pen¬
2643 2930 2720 2995 1
549 2956 1597 3031 d’enseignement sur les objets mis en cuvre par
1582 2971 2641 3054 sée de M. Schnitzler dans les Heures de vie;
2627 2988 2696 3042 d
545 3009 1584 3076 T’artiste, et sur la méthode par lui employée.
2625 3022 2727 3101 1
1586 3037 2633 3105 j'ai cherché seulement à montrer que cette
545 3060 1590 3124 Nous exprimons cela d’un mot en disant que
1589 3075 2711 3152 pensée existe, et que M. Schnitzler pense, tout
541 3113 1592 3169 telle cuvre g fait penser); mais il faue bien, en
1588 3130 2678 3188 comme un autre. Ml écrit en homme qui a réflé-
548 3175 2711 3248 ce cas, que celui qui l’a créée ait g pensé; lul-Ichi sur la vie, qui découvre des problèmes, les T
555 3202 1590 3264 même, à dessein ou à son insu. Tout autre n’est
1586 3227 2004 3302 pose et les traite.
546 3254 1442 3320 pas un artiste, et n’est qu'un amuseur.
1621 3281 2637 3337 Le problème posé ici est intéressant; la facon
2627 3280 2683 3341 1
586 3311 1584 3367 Or, Schnitzler est tres amusant, mais il est
1593 3313 2703 3385 de le poser ne l’est pas moins. L’unité de pensée 1
552 3347 1589 3419 plus qu'un amuseur. En admettant méme qu'il
1595 3377 2667 3446 qui regne dans ces quatre pièces — dernier
554 3402 1591 3463 n'ait pas été autre chose lorsqu’il nous contait
1600 3436 2645 3484 ressouvenir des trois unités classiques — en
541 3447 1586 3516 les amourettes de son délicieux Anafole et ses
1592 3471 2661 3536 fait l’équivalent d’une pièce à these. Mais on
542 3489 1584 3558 mésaventures de cabinetparticulier, fls’est éleve
1591 3518 2636 3590 voit immédiatement une différence entre la fa¬
552 3551 1589 3606 singulièrement daus ces Heures de vie (Leben¬
1588 3565 2643 3626 çon ordinaire de traiter une thöse au théätre,
550 3598 1590 3656 dige Stunden) que M. Flegenheimer a signalées
1590 3626 2641 3682 et celle que Schnitzler adopte. Consaerer une
553 3655 1590 3716 etsur lesquelles je vondrais insister. Ce sont
1591 3660 2639 3727 piése à un problème, avec une intention didac¬
555 3704 1589 3764 quatre pièces en un acte, qui se jouent dans la
1588 3717 2641 3770 tique ou dialectique bien arrêtée ne va pas sans
559 3743 1583 3813 mème soirée, et dont l’ensemble porte le titre
1592 3762 2638 3821 un double artifice: et rien, comme le re¬
555 3794 1592 3853 de la première comme-un volume de nouvelles;
1600 3819 2650 3880 marquait Mme de Staßl, ne nuit davantage à
554 3842 1591 3892 les trois autres sont la Femme du poignard, les
1600 3867 2648 3936 à la beauté d’une fiction qu'une intention qui
555 3893 1597 3957 Derniers Masques et Littérature! Ces quatre
545 3936 1606 3999 pièces ne se ressemblent ni par Pintrigue, ni
1639 3951 2644 4009 (2) Par exemple, ces lignes:& Etre.. jouer.,, faites-vous
1606 3995 2632 4046 si précisément la différence, chevalier? — Tout de möme.
558 3981 1595 4069 par la manière; elles ont pourtant un air de
1633 4018 2649 4093 Pas moi. Et ce que je trouve ici de tres particulier,
555 4035 755 4097 famille.
1604 4071 2635 4131 c’est que.., la réalité dégénèrc en jeu, le jen en réalité."
2601 4089 2679 4141 —
590 4114 2138 4175 (1). Volr le Journal des Débats du dimanche 17 aoüt 1902. (Der grüne Kakadu, p. 153.)
2350 4119 2588 4190 —
