3344 4256
141 184 745 275 2. Cuttings
889 161 1353 253 box 38/4
1195 1227 1816 1299 Nicht nur weil Hamlet infolge von
1168 1288 1811 1332 Rapierverwechslung stirbt, die Kö¬
1152 1324 1820 1379 nigin infolge von Gläserverwechslung
1169 1359 1824 1417 stirbt.... Hamlets Monologe nähern
1164 1396 1830 1458 sich, heute, dem Selbstverständlichen
1167 1435 1833 1497 ... sie stellen die Fragen nicht, die
1157 1474 1820 1525 uns angehn. Ernste Köpse haben zu
1154 1517 1823 1574 erkennen, daß es albern wäre, sich in
1153 1558 1822 1605 den Umschwüngen dieser Gegenwart,
1165 1594 1821 1647 dieser stärksten bekannten Mensch¬
1162 1636 1767 1694 heitsepoche, zurückzuschrauben..
1159 1670 1823 1733 Wer die heutige Welt erfaßt, ist nicht
1162 1713 1827 1771 größer als Syakespeare: doch er ist
1166 1752 1831 1813 weiter. (Noch der dümmste der
1169 1793 1829 1853 Austre geger ist weiter als der ge¬
1169 1833 1664 1902 nialste der Schimpansen.)
1199 1887 1833 1946 Man müßte, so man bloßes Gerede
1167 1933 1840 1992 nicht machen will, von heutigen Ham¬
1166 1968 1833 2030 leimonologen einen Begriff schaffen.
1173 2010 1834 2062 Ich will es tun ... Man fordert ge¬
1175 2050 1839 2110 wiß nicht, daß Hamlet etwa mit der
1179 2084 1841 2151 Vorsehung Aussprachen liefere wie
1177 2125 1839 2202 die folgende, die ich gleich dichten
1178 2175 1336 2245 werde:
1178 2210 1847 2300 O, warum gabst du uns den inneren
1646 2270 1804 2310 Fortsatz?
1169 2296 1843 2349 Kaninchen haben ihn und denen nützt er.
1182 2325 1845 2381 Uns Menschen ist er zwecklos, ist er schäd¬
1642 2359 1742 2397 lich.
1175 2377 1839 2447 Mit Kosten operiert man uns am Blind¬
1657 2420 1767 2458 darm.
1178 2447 1838 2508 Und hieran sterben acht bis zehn Pro¬
1650 2475 1831 2530 zenit...
1221 2531 1836 2584 Das bitte nicht ... Doch exakter
1174 2574 1779 2642 dürften Hamlets Fragen sein ..
1214 2622 1839 2698 Hamlet würde, vertraut mit dem
1185 2679 1842 2728 Prinzip der Arbeitsteilung, heute
1186 2719 1844 2776 nicht mehr dem „Schöpser die Un¬
1181 2751 1852 2816 vollkommenheiten der unsaßbaren
1189 2793 1849 2850 Welt in die Schuhe schieben. Viel¬
1186 2825 1847 2888 leicht nur einem Unterbeamten; einer
1188 2871 1858 2947 Hilfskraft. Hamlei würde heut sa¬
1184 2928 1318 2987 gen:
1188 2978 1850 3044 Wer unser Los bestimmt — ist es der
1662 3010 1821 3053 Meister?
1198 3025 1794 3084 Nicht einer seiner vielen Assistenten?
1240 3073 1780 3120 in Vivisektor, ein Vazillenzüchter,
1565 3090 1820 3144 Müller Fünf?
1191 3102 1536 3149 Experimentbegierig —
1189 3127 1846 3180 Ein Dutzendassistent, höchst nachgeordnet
1188 3156 1841 3223 Der ganz vollkommenen Kraft; der sich
1668 3188 1836 3230 erst übt?
1190 3217 1857 3267 Und den wir (kritisch!) doch bewundern
1665 3250 1851 3302 müssen...
1228 3292 1586 3371 So ungefähr.
1551 3367 1616 3422 —
1194 3470 1318 3550 382
2033 62 2271 136 ——
1833 1210 2504 1283 gebotene Musikdramatik ab, erledigen
1840 1268 2500 1324 den Ochs von Lerchenau, die Mit¬
1836 1307 2509 1367 glieder der Familie Faninal, verlei¬
1847 1348 2504 1408 ben ihrem beseelten Hirn die Hosen¬
1849 1387 2511 1445 rolle des Helden ein, trinken das
1843 1423 2517 1480 schöne Terzett wie einen glänzenden
1852 1466 2514 1514 Schnaps in der Bar gewissermaßen
1842 1508 2511 1563 stehenden Fußes, haben dann noch
1849 1547 2508 1593 allenfalls etwas Zeit, um ein beleg¬
1848 1588 2513 1637 tes Brot zu essen, fahren an die
1857 1621 2520 1686 Spree zurück und treffen dort in der
1844 1656 2525 1711 dritten Morgenstunde mit bereicher¬
1847 1696 2512 1753 ten Erfahrungen ein. Sie gelangen,
1851 1740 2520 1813 sei es mit einem Nachtomnibus, sei
1849 1779 2515 1834 es mit einer verspäteten Elektro¬
1856 1812 2520 1872 bahn, sei es frevelhaftermaßen mit
1864 1860 2514 1914 einem Automobil, in ihre Wohnung
1851 1898 2516 1950 und setzen das berliner Leben fort
1865 1934 2513 2000 (nachdem sie ausgeschlasen). das sie
1853 1971 2528 2032 um ein paar Nachmittagsstunden
1861 2021 2526 2069 verkürzt haben. Dresden und Ber¬
1852 2060 2519 2109 lin sind nicht Hauptstädte zweier ge¬
1869 2094 2519 2156 trennter Königreiche, sondern nur so
1859 2128 2525 2196 weit entfernt, wie eine Fahrt ins
1870 2178 2530 2229 Theater. Nächstens kommt Hamburg
1866 2214 2523 2270 dran. Auch dört können die Berliner
1867 2253 2519 2306 den Rosenkavalier eher hören, als
1869 2290 2531 2358 bei sich — denn man munkelt, daß an
1866 2333 2522 2385 der Spree allerhand Einflüsse gegen
1869 2375 2527 2438 dieses Werk im Gange sind, weil der
1861 2411 2531 2461 erste Aufzug das Zartgefühl verletzt.
1870 2451 2532 2515 Die Magdeburger, offenbar eine
1876 2488 2528 2559 hartgesottene Sippe, haben es kalt¬
1869 2531 2531 2597 blütig und abgebrüht über sich er¬
1876 2583 2541 2634 gehen lassen, ohne zu protestieren.
1863 2611 2528 2673 Wie aber dem auch sei: der Unter¬
1866 2650 2539 2708 nehmer, welcher Insassen unsrer
1877 2684 2541 2754 Stadt für sechzehn Mark fünfzig hin
1864 2723 2542 2793 und zurück und in die Oper bringt,
1869 2768 2541 2830 während ein Unmusikalischer sieb¬
1867 2811 2537 2872 zehn Mark an die Staatsbahn zu
1881 2844 2540 2909 erlegen hat — dieser Kopf hat unsre
1871 2890 2541 2955 Entwicklung deutlich um einen Schritt
1871 2933 2541 2993 weiter gebracht. Unsre Zukunft
1879 2967 2546 3025 liegt, was die Privatvergnügungen
1888 3006 2537 3066 angeht, offenbar in den von einem
1888 3046 2541 3101 einzelnen Mann bestellten Sonder¬
1881 3078 2537 3153 zügen. So ein Zug kostet ihn, heißt
1880 3134 2551 3188 es, fünf= oder sechshundert Mark,
1884 3167 2545 3221 und dafür kann er soundsoviel Men¬
1888 3208 2550 3269 schen hineinpfropfen. Die Parkett¬
1882 3243 2551 3310 plätze kriegt er vielleicht auch mit
1893 3287 2548 3352 Rabatt — und durch das Zusammen¬
2183 4038 2268 4101 F
2624 4001 3291 4094 u
