3344 4352
901 192 1376 290 box 38/4
145 198 754 314 2. Cuttings
389 1364 3177 1517 — rrnt u mnd grrrse . „ud unn mrschuger ressengepeeschene ise uid Andere Wenschen, duß „ Utl Golles tinterstugung
1872 1428 3236 1527 ———
2711 1470 3327 1541 nachahmlicher Kunst, überkleid
1546 1489 2738 1583 schmeichelten. Er war damals erst achtunddreißig Jahre alt,
359 1530 1543 1610 aber doch beinahe schmächtig zu nennen, das Gesicht ziemlich
1547 1524 3320 1625 stand also in einem Alter, wo man sich noch entwickelt, zum all seiner Liebenswürdigkeit,
2723 1565 3285 1656 heit dieses Charakters mit d
357 1577 1550 1670 junbedeutend, auch das Auge nicht besonders ausdrucksvoll,
1554 1610 2220 1689 Gelernten mancherlei hinzulernt.
2722 1607 3306 1687 Falle hatte er Selbstgefällig
368 1624 1553 1720 nur der Mund fein gezogen und vielsagend, auch wenn er
1639 1617 2738 1725 Seine erste oder eine seiner ersten Rollen, die er als
2720 1656 3315 1734 und er tat es ohne jede Selb
372 1668 1563 1751 schwieg. Dieser Mund konnte geistreich, liebenswürdig, ver¬
1555 1697 2735 1775 engagiertes Mitglied zu spielen hatte, war die Hauptrolle in
2726 1697 3313 1783 der alten Unsitte war ausgetill
375 1721 1561 1796 führerisch lächeln und legitimierte einigermaßen die stolzeß
1551 1722 2739 1811 Schnitzlers „Der einsame Weg". Das Stück atmet eine
2723 1756 3311 1822 merhen, daß er unversehens
367 1772 1537 1837 Beinamen, mit denen die Varietéplakate den beliebten Mimen
1543 1773 2734 1869 Melancholie, die wie süßes Gift betäubt und ganz eingetaucht
2733 1798 3295 1875 des Burgthenters geworden:
366 1783 1559 1893 belastet hatten. Dieser Mund war vor allen Dingen ein
1561 1818 2738 1910 ist in jene Zwielichtstimmung, welche die Formen
2728 1846 3299 1923 bare Eigenschaftswort gebühr
373 1858 1553 1942 Meister des Wortes. Harry Walden gehörte zu den volls
1549 1862 2741 1956 und Farben noch erkennen läßt, alles Stoffliche aber mit
2738 1898 3311 1970 Vorzug ging ihm ab, stets li
372 1891 1569 1985 kommensten Sprechern der modernen Bühne und seins
1564 1914 2748 1998 Schleiern umhüllt und greifbare Gestalten in hingehauchte
2728 1946 3312 2012 immer jedoch gewann er das
375 1947 1573 2028 Stimme war eine der bestgeschulten, ein weicher, warmerz
1566 1959 2736 2047 Traumgebilde aufzulösen scheint. Es ist ein Selbstmordstück.
2732 1985 3308 2065 ersten Wort, immer war er
379 1996 1562 2082 Bariton mit hochreichenden Kopskönen, dem es aber in der
1562 2013 2743 2087 Die Heldin stürzt sich ins Wasser, und der Held, der von
2740 2024 3320 2106 er in reichlichem Maße. Er be
380 2033 1571 2123 unteren Lage am wohlsten wurde. Alles in allem: eine ziem¬
1563 2051 2748 2133 Walden gespielte Herr v. Sala, erschießt sich zuletzt, nicht ohne
2732 2085 3241 2151 wollt“, noch gründlicher a
370 2088 1569 2171 lich unansehnliche Figur, aber doch von der Natur reich be¬
1568 2102 2748 2187 *porher das Recht auf Selbstmord theoretisch zu begründen:
2736 2132 3183 2202 besten Leistungen war
374 2163 1073 2245 schenkt und geistig hervorragend.
1569 2147 2742 2234 der Mensch müsse Herr seiner letzten Augenblicke bleiben,
2739 2174 3161 2242 rolle in einem italien
1575 2199 2745 2284 dürfe sich seine Todesstunde nicht wegeskamotieren lassen.
476 2190 1569 2282 Weniger gelang ihm seine zweite oder dritte Antritts¬
2746 2226 3158 2293 Wieder hatte er da¬
1563 2239 2748 2331 Wer weiß, ob sich nicht der arme Künstler als er vorigen
387 2237 1576 2328 rolle, Goelhes Clavigo, und doch wird gerade dieser vom
2754 2271 3161 2351 einen von ganz beson
1565 2278 2756 2372 Samstag die tödliche Dosis Morphium schluckte, an jene
378 2303 1566 2381 Dichter nachdrücklichst als Herzensbezwinger geschildert.
2745 2317 3160 2390 Figur war nicht ohn
1569 2330 2759 2429 Rolle erinnerte und die Worte, die er damals zu sprechen
388 2332 1579 2438 Sein Freund Carlos sagt von ihm: „Ich habe wenig Männer
2743 2362 3162 2427 einer auf die Welt,
1583 2374 2749 2474 hatte, rücksinnend vor sich hinlispelte. Abergläubische Ge¬
390 2381 1581 2477 gekannt, die so großen und allgemeinen Eindruck auf die
2759 2411 3145 2476 schaffen zu haben
1579 2427 2762 2513 müter werden sogar mit dem Gedanken spielen, daß ihm
395 2424 1579 2519 Frauen machen als du.“ Also ein Frauenliebling, und diesmal
2742 2460 3142 2535 Kampf gegen das
1582 2455 2766 2565 diese Selbstmörderfigur verhängnisvoll geworden, ihm den
395 2478 1583 2556 dargestellt vom Frauenliebling par excellence. Das war
2745 2492 3296 2572 anderen, den hübschen Juni
1580 2519 2754 2609 einsamen Weg vorgezeichnet habe, den er sieben Jahre später
399 2513 1584 2613 immerhin ein pikantes Zusammentreffen, führte aber zu
2751 2546 3311 2625 durch die Kraft seines Versta
395 2562 1583 2657 einer kleinen Enttäuschung. Alles Weltmännische, was in der
1590 2568 2762 2655 wandern sollte. Er war ein vortrefflicher Stephan v. Sala.
2753 2589 3276 2666 Tat, seine Häßlichkeit wirk
1589 2610 2769 2701 Wohl brachte er die Ueberlegenheit dieses Mannes, der seinen!
392 2595 1587 2717 Rolle steckt, alles Feine und Liebenswürdige gelang dem
2759 2643 3278 2717 verschlossenen Herzen öffne
1585 2651 2770 2756 bewußten, wohldurchdachten, glattfrisierten Egoismus zur
384 2663 1584 2768 Künstler aufs beste, doch als es galt, echte Herzenstöne an¬
2761 2685 3302 2764 gerade die Häßlichkeit unw
1589 2699 2769 2793 aristokratischen Lebensphilosophie erhebt, nicht voll zum Aus¬
388 2701 1594 2793 zuschlagen, hörte man eben doch nur einen Schauspieler, der
2762 2724 3317 2810 ausgesetzt, daß man diesen
1577 2753 2765 2836 druck, doch gerade die letzte Szene, die vor dem Selbstmord,
397 2727 1592 2828 sich zu behelfen wußte, da und dort den Ton steigerte, das
2775 2779 3301 2852 auszunützen wisse. Diese
401 2787 1591 2893 Tempo beschleunigte, die Stimme vibrieren ließ, von wahrem,
1591 2801 2721 2878 spielte er ganz ausgezeichnet. Wer hätte gedacht, daß e
2761 2825 3309 2896 Künstler, der sich in dieser R
395 2856 1589 2947 innerlichem Feuer aber nur wenig besaß. Sein Clavigo war
1599 2860 2776 2939 diese künstlerische Leistung eines Tages am eigenen Leibe
2769 2870 3325 2945 Bart verunstaltet hatte, in d
397 2886 1607 2980 eine hübsche Rokokofigur, kaum viel mehr, ihm fehlte die
1598 2911 2482 2984 in grausige Wirklichkeit übertragen würde!
2763 2919 3300 2992 machen. Immerhin mag er
412 2928 1601 3023 Flamme. Mit der Zeit freilich — und das war der Segen des
1686 2914 2770 3018 Mit jeder neuen Rolle lebte er sich besser und tiefer in
2760 2965 3326 3035 dieses Lustspieles sich erschö
412 2981 1596 3066 Burgtheaters, des Wirkens an festgegründeter Arbeitsstätte,
1593 2977 2774 3090 das Burgtheater ein. Wie gelungen war er in dem kleinen
2773 3011 3332 3089 lichkeit ablegen durfte, un
416 3030 1601 3123 im Bunde mit bedeutenden Kunstgenossen, im Banne einer
1598 3028 2771 3119 Stück „Die große Szene“, das wiederum Schnitzler für ihn
2764 3056 3280 3146 scheinungen zu widmen.
409 3050 1616 3159 lebendigen Tradition — mit der Zeit machte sich dieser
1600 3065 2784 3162 schrieb. Er hatte da einen berühmten Mimen in seiner
2864 3092 3323 3176 Ein anderer Frauenlie
418 3124 1610 3214 Mangel immer weniger bemerkbar, fand der „Künstler tiefer
1593 3131 2772 3219 Häuslichkeit zu schildern, einen Liebling des Publikums zu
425 3161 1606 3253 hinab in die eigene Innerlichkeit und überraschte uns bis¬
409 3151 3321 3310 weilen auch mit gemütvollen Tönen, die sich, wenn sie ihm lerihieren, mußte also gewissermaßen das eigene Selbst aufj der großartigste unter alle
419 3190 3317 3367 nicht vom Herzen kamen, doch in das Herz des Zuhörers ein= de Brettern an den Pranger stellen, und er tat es mit un= der von Molière. Es warn
