3344 4320
872 262 1348 352 box 38/4
124 280 728 381 2. Cuttings
166 1256 698 1343 " Machine Made.
445 1350 1121 1426 A Farcical Possibility in 3 Acts.
544 1454 1042 1521 Synopsis of Scenery:
161 1526 1378 1576 Act I: The Juge de Paix’s Court in a French health-resort.
163 1556 1398 1622 ct II: The Drawing-Room of the“ Hôtel La Concorde.?
153 1606 1412 1667 Act III: The Dancing Saloon ofthe“ Hôtel La Concorde.
594 1673 996 1758 Principal parts:
151 1740 1425 1790 PHINEAs BakNum, a Vankee adventurer and the inventor of
161 1791 1431 1842 the“ Brein-Shaping Machine“; Josnua Suyrug, the first
163 1830 1435 1886 victim of Barnum’s“ soothing system''; CoLovel. Fuss;
160 1887 1434 1937 Two Lanizs who are cured bythe machine from their
632 1926 959 1981 hopeless love.
351 1966 1220 2037 A Copyright Performance of this Play
480 2031 1106 2085 was given en October roth.
209 2155 1403 2249 The Last Days of the Knights of Malta.
471 2261 1119 2345 A Romantic Play in 4 Acts.
365 2327 1245 2405 Motto:“ Liberty, Equality, Fraternity.“
271 2390 1338 2481 The Scene is laid in Malta. Time of action: 1708.
478 2471 1133 2552 Principal Dramatis Persona:
235 2542 1378 2598 THE GkaNp INouistron, GENERAL BONAPARTE, Bond,
476 2579 1142 2659 DoronEs INGNANEz, ISABELLA.
200 2736 672 2822 “ Broken Lives.
465 2803 1149 2897 Military Melodrama in 4 Acts.
176 2984 567 3063 Winsome.“
506 3064 1119 3152 A Drawing-Room Comedy.
181 3111 1446 3188 Scene: The country house of an English Squire whose lovable
289 3187 1329 3251 daughter (the leading part) is called“ Winsome.?
1936 1227 2612 1325 The Commonwealth.“
1961 1313 3128 1397 An Historical Drama in § Acts, written in blank verse.
2294 1407 2786 1490 Principal characters:
1913 1452 3177 1547 Kixe Chakues II., Eakl. or Oauorn, Sin Hanay VANE,
1918 1521 3184 1601 OLIVER CROMWELL, RICHARD CRoMwELL, GENERAL MONk,
2299 1580 2805 1656 CoUNTESS OF ORMOND.
1920 1737 2582 1855 1 A Comedy of Love.“
1907 1825 3175 1907 A Comedy in 5 Acts (partly in prose, partly in blank verse).
2617 1901 2918 1971 Time: 1725.
2182 1902 2559 1973 Scene: ondon.
2276 1955 2818 2033 13 Male, 4 Female parts.
1907 2105 3182 2212 “ The Law Cornered“ or “ Tricky Cards.“
2263 2220 2852 2284 A Comedietta in one Act,
2260 2276 2850 2356 with Lyrics bythe Author.
1917 2340 2775 2425 Characters: Noka Wesr, an Orphan;
2204 2357 3135 2456 * Ma. Bkowx, a Solicitor with a “past';
2186 2431 3151 2499 LoRb SPoRTHAvEN (Nora’s penniless lover);
2197 2478 2871 2560 Mas. Lank (Brown’s real life).
2064 2537 3063 2620 Scene: Mr. Brown’s Oflice in Regent Street.
1936 2702 2422 2788 * Covered Fire.
2009 2786 3123 2852 An Original Drama in 3 Acts, written in blank verse.
2243 2861 2878 2920 The Scene is laid in Naples,
2110 2911 3015 2999 during the time of the Spanish Viceroys.
2365 2988 2760 3065 Principal parts:
1943 3040 3206 3107 The Sravisn Vienkov; Inzuna, a roung Neapolitan Countess;
1945 3099 3209 3160 PalNCE FERDINAND CARRAcioLo, a voung Neapolitan in love
1938 3158 3222 3226 with Imelda; Douzwic, a Priest; CoxsTaNriA, sick-nurse to
2226 3194 2914 3277 Ferdinand, Mother to Domenic.
3138 4092 3265 4192 1
