<?xml version="1.0" encoding="UTF-8" standalone="yes"?>
<PcGts xmlns="http://schema.primaresearch.org/PAGE/gts/pagecontent/2013-07-15" xmlns:xsi="http://www.w3.org/2001/XMLSchema-instance" xsi:schemaLocation="http://schema.primaresearch.org/PAGE/gts/pagecontent/2013-07-15 http://schema.primaresearch.org/PAGE/gts/pagecontent/2013-07-15/pagecontent.xsd">
    <Metadata>
        <Creator>prov=University of Rostock/Institute of Mathematics/CITlab/Gundram Leifert/gundram.leifert@uni-rostock.de:name=ONB_Newseye_GT_M1+(htr_id=10810)::::v=2.4.2
prov=University of Rostock/Institute of Mathematics/CITlab/Tobias Gruening/tobias.gruening@uni-rostock.de:name=de.uros.citlab.module.baseline2polygon.B2PSeamMultiOriented:v=2.4.2
prov=University of Rostock/Institute of Mathematics/CITlab/Tobias Gruening/tobias.gruening@uni-rostock.de:name=/mnt/transkribus/LA/DEA/URO/LA_news_onb_att.pb:de.uros.citlab.segmentation.CITlab_LA_ML:v=2.4.2
Transkribus</Creator>
        <Created>2019-10-07T15:18:49.456+02:00</Created>
        <LastChange>2019-10-08T14:51:32.321+02:00</LastChange>
        <TranskribusMetadata docId="224264" pageId="9516205" pageNr="1" tsid="16593927" status="IN_PROGRESS" userId="40391" imgUrl="https://files.transkribus.eu/Get?id=TFDNSLPXIHUVFMERHMFIXYLT&amp;fileType=view" xmlUrl="https://files.transkribus.eu/Get?id=KTZLGFTTRRJKOGOHUNENLCSK" imageId="6204278"/>
    </Metadata>
    <Page imageFilename="224264_0001.jpeg" imageWidth="3392" imageHeight="4320">
        <ReadingOrder>
            <OrderedGroup id="ro_1711443017482" caption="Regions reading order">
                <RegionRefIndexed index="0" regionRef="r1"/>
            </OrderedGroup>
        </ReadingOrder>
        <TextRegion orientation="0.0" id="r1" custom="readingOrder {index:0;}">
            <Coords points="140,311 140,3497 3078,3497 3078,311"/>
            <TextLine id="r1l1" custom="readingOrder {index:0;}">
                <Coords points="890,329 938,354 974,343 1050,369 1111,369 1140,344 1311,352 1372,327 1373,279 1336,287 1268,265 1119,290 1039,264 891,296"/>
                <Baseline points="909,335 935,334 961,334 987,334 1013,334 1040,334 1066,334 1092,335 1118,335 1145,336 1171,336 1197,336 1223,336 1250,336 1276,336 1302,335 1328,334 1355,333"/>
                <TextEquiv>
                    <Unicode>box 38/4</Unicode>
                </TextEquiv>
            </TextLine>
            <TextLine id="r1l2" custom="readingOrder {index:1;}">
                <Coords points="154,365 270,363 342,393 520,370 574,393 640,368 705,380 766,367 767,294 558,277 463,297 423,278 285,302 155,285"/>
                <Baseline points="174,342 202,346 231,349 260,352 288,354 317,356 346,358 374,359 403,359 432,360 461,360 489,360 518,360 547,360 575,359 604,359 633,358 661,357 690,356 719,356 748,355"/>
                <TextEquiv>
                    <Unicode>2. Cuttings</Unicode>
                </TextEquiv>
            </TextLine>
            <TextLine id="r1l3" custom="readingOrder {index:2;}">
                <Coords points="1897,1648 1944,1650 1959,1660 1966,1652 1973,1656 1991,1655 1988,1575 1945,1584 1911,1557 1893,1557"/>
                <Baseline points="1914,1627 1943,1626 1973,1625"/>
                <TextEquiv>
                    <Unicode>—</Unicode>
                </TextEquiv>
            </TextLine>
            <TextLine id="r1l4" custom="readingOrder {index:3;}">
                <Coords points="2216,1657 2484,1664 2487,1581 2454,1587 2432,1572 2385,1578 2356,1566 2312,1583 2218,1584"/>
                <Baseline points="2234,1629 2259,1631 2285,1632 2311,1633 2337,1634 2362,1635 2388,1635 2414,1636 2440,1636 2466,1635"/>
                <TextEquiv>
                    <Unicode>ME</Unicode>
                </TextEquiv>
            </TextLine>
            <TextLine id="r1l5" custom="readingOrder {index:4;}">
                <Coords points="130,1685 2662,1741 3066,1655 131,1616"/>
                <Baseline points="147,1671 291,1671 436,1672 581,1673 726,1675 871,1677 1016,1680 1161,1683 1306,1686 1451,1690 1596,1693 1740,1697 1885,1701 2030,1705 2175,1709 2320,1713 2465,1716 2610,1719 2755,1723 2900,1725 3045,1727"/>
                <TextEquiv>
                    <Unicode>sen gefunden zu haben, so soll Dieser aber prakticirt die von ihm aufbewahrte Ringhälfte Sieg ried durchschreitet furchtlos den Feuerkreis und be¬</Unicode>
                </TextEquiv>
            </TextLine>
            <TextLine id="r1l6" custom="readingOrder {index:5;}">
                <Coords points="140,1721 3060,1799 2859,1718 141,1681"/>
                <Baseline points="159,1724 303,1724 447,1725 591,1727 735,1729 880,1731 1024,1734 1168,1737 1312,1740 1456,1744 1601,1748 1745,1751 1889,1755 2033,1758 2177,1762 2322,1766 2466,1769 2610,1772 2754,1775 2898,1777 3043,1779"/>
                <TextEquiv>
                    <Unicode>Ringes, den er am Finger heimlich in einen Trinkbecher, und wie Luise das glänzende kämpft den grausen Lindwurm; Hans jedoch begnügt sich</Unicode>
                </TextEquiv>
            </TextLine>
            <TextLine id="r1l7" custom="readingOrder {index:6;}">
                <Coords points="143,1777 686,1790 740,1776 741,1725 614,1742 353,1728 314,1706 255,1746 143,1730"/>
                <Baseline points="160,1767 188,1768 216,1769 244,1769 272,1770 300,1771 328,1771 356,1771 384,1772 412,1772 441,1772 469,1773 497,1773 525,1773 553,1773 581,1773 609,1773 637,1773 665,1773 693,1773 722,1773"/>
                <TextEquiv>
                    <Unicode>n der Ring nach drei Jahren</Unicode>
                </TextEquiv>
            </TextLine>
            <TextLine id="r1l8" custom="readingOrder {index:7;}">
                <Coords points="718,1774 3066,1819 719,1731"/>
                <Baseline points="737,1776 852,1778 968,1779 1083,1781 1199,1784 1315,1787 1430,1789 1546,1793 1661,1796 1777,1800 1893,1803 2008,1806 2124,1809 2239,1812 2355,1815 2471,1816 2586,1818 2702,1819 2817,1820 2933,1820 3049,1819"/>
                <TextEquiv>
                    <Unicode>Gold erblickt, weiß sie endlich, woran sie ist. Mit dem Jubel damit, an der Seite seiner Kameraden zu fechten und die</Unicode>
                </TextEquiv>
            </TextLine>
            <TextLine id="r1l9" custom="readingOrder {index:8;}">
                <Coords points="129,1830 731,1828 731,1785 702,1781 129,1776"/>
                <Baseline points="148,1820 176,1819 204,1819 232,1819 260,1819 289,1819 317,1820 345,1820 373,1820 401,1820 430,1820 458,1820 486,1821 514,1821 542,1821 571,1821 599,1821 627,1820 655,1820 683,1820 712,1819"/>
                <TextEquiv>
                    <Unicode>at, dann ist die Strafe abge¬</Unicode>
                </TextEquiv>
            </TextLine>
            <TextLine id="r1l10" custom="readingOrder {index:9;}">
                <Coords points="714,1830 1714,1853 1715,1810 715,1776"/>
                <Baseline points="734,1818 782,1820 830,1822 878,1823 926,1824 974,1826 1022,1827 1070,1828 1118,1828 1166,1829 1215,1830 1263,1831 1311,1832 1359,1832 1407,1833 1455,1834 1503,1835 1551,1836 1599,1837 1647,1838 1696,1840"/>
                <TextEquiv>
                    <Unicode>des Liebespaares schließt die Handlung der Oper.</Unicode>
                </TextEquiv>
            </TextLine>
            <TextLine id="r1l11" custom="readingOrder {index:10;}">
                <Coords points="1861,1847 3060,1874 3040,1816 1862,1796"/>
                <Baseline points="1879,1851 1937,1852 1995,1853 2053,1854 2111,1855 2170,1856 2228,1858 2286,1859 2344,1861 2402,1863 2461,1864 2519,1865 2577,1866 2635,1867 2693,1868 2752,1868 2810,1869 2868,1868 2926,1868 2984,1867 3043,1866"/>
                <TextEquiv>
                    <Unicode>Höllenkessel für Andere zu heizen. Und was den Beweis</Unicode>
                </TextEquiv>
            </TextLine>
            <TextLine id="r1l12" custom="readingOrder {index:11;}">
                <Coords points="127,1877 308,1881 337,1856 391,1889 417,1871 732,1875 732,1828 613,1835 508,1809 127,1827"/>
                <Baseline points="144,1867 172,1867 201,1867 229,1868 258,1868 286,1868 315,1868 343,1868 372,1868 400,1868 429,1868 457,1868 486,1868 514,1868 543,1868 571,1868 600,1868 628,1868 657,1868 685,1869 714,1869"/>
                <TextEquiv>
                    <Unicode>glückliche in eine Bärenhaut</Unicode>
                </TextEquiv>
            </TextLine>
            <TextLine id="r1l13" custom="readingOrder {index:12;}">
                <Coords points="833,1879 2960,1940 3068,1935 3070,1852 834,1832"/>
                <Baseline points="853,1872 962,1873 1072,1875 1182,1877 1292,1880 1402,1882 1511,1885 1621,1888 1731,1891 1841,1894 1951,1897 2060,1901 2170,1904 2280,1906 2390,1909 2500,1911 2609,1913 2719,1914 2829,1916 2939,1916 3049,1916"/>
                <TextEquiv>
                    <Unicode>Eine sogenannte Moral läßt sich aus dem „Bären= von Courage betrifft, der etwa in dem höllischen Dienstver¬</Unicode>
                </TextEquiv>
            </TextLine>
            <TextLine id="r1l14" custom="readingOrder {index:13;}">
                <Coords points="129,1922 669,1922 738,1945 738,1876 387,1884 340,1858 267,1879 130,1875"/>
                <Baseline points="146,1913 174,1913 203,1913 232,1914 260,1914 289,1914 318,1914 346,1914 375,1914 404,1914 433,1914 461,1914 490,1914 519,1914 547,1915 576,1915 605,1916 633,1916 662,1917 691,1919 720,1920"/>
                <TextEquiv>
                    <Unicode>ausgeworfen. Aber einen Sack</Unicode>
                </TextEquiv>
            </TextLine>
            <TextLine id="r1l15" custom="readingOrder {index:14;}">
                <Coords points="718,1923 3066,1990 3067,1917 719,1868"/>
                <Baseline points="737,1920 852,1921 968,1922 1083,1924 1199,1927 1315,1929 1430,1932 1546,1935 1661,1938 1777,1941 1893,1944 2008,1947 2124,1950 2239,1953 2355,1956 2471,1958 2586,1960 2702,1962 2817,1963 2933,1964 3049,1965"/>
                <TextEquiv>
                    <Unicode>häuter“ kaum herausfinden, es wäre denn die, daß auch ein trage zu suchen wäre, so weiß Jeder, der wie Hans an</Unicode>
                </TextEquiv>
            </TextLine>
            <TextLine id="r1l16" custom="readingOrder {index:15;}">
                <Coords points="123,1973 388,1961 706,1982 728,1978 729,1927 124,1907"/>
                <Baseline points="141,1960 169,1961 197,1961 226,1962 254,1962 283,1962 311,1962 340,1962 368,1962 397,1962 425,1962 453,1962 482,1962 510,1963 539,1963 567,1963 596,1964 624,1964 653,1966 681,1967 710,1969"/>
                <TextEquiv>
                    <Unicode>nhäuter doch mit auf den Weg</Unicode>
                </TextEquiv>
            </TextLine>
            <TextLine id="r1l17" custom="readingOrder {index:16;}">
                <Coords points="713,1980 3068,2044 3063,1960 715,1915"/>
                <Baseline points="732,1965 848,1967 964,1969 1080,1971 1196,1974 1312,1976 1428,1979 1544,1981 1660,1985 1776,1987 1892,1990 2008,1993 2124,1996 2240,1998 2356,2002 2472,2004 2588,2006 2704,2008 2820,2010 2936,2012 3052,2013"/>
                <TextEquiv>
                    <Unicode>Ungewaschener eine Liebste gewinnen und als Braut heim= Teufel und Teufelsmacht glaubt, daß nur Verzweiflung</Unicode>
                </TextEquiv>
            </TextLine>
            <TextLine id="r1l18" custom="readingOrder {index:17;}">
                <Coords points="143,2016 730,2019 730,1971 143,1966"/>
                <Baseline points="160,2011 187,2010 215,2010 242,2009 270,2009 298,2009 325,2010 353,2010 380,2010 408,2011 436,2011 463,2011 491,2012 518,2012 546,2013 574,2013 601,2013 629,2014 656,2014 684,2014 712,2014"/>
                <TextEquiv>
                    <Unicode>zweiten Act) beim Dorfwirthe</Unicode>
                </TextEquiv>
            </TextLine>
            <TextLine id="r1l19" custom="readingOrder {index:18;}">
                <Coords points="720,2021 1887,2046 1863,1988 721,1974"/>
                <Baseline points="738,2016 794,2016 851,2017 907,2017 964,2018 1021,2019 1077,2020 1134,2021 1190,2022 1247,2023 1304,2024 1360,2026 1417,2027 1473,2028 1530,2029 1587,2030 1643,2031 1700,2032 1756,2033 1813,2034 1870,2035"/>
                <TextEquiv>
                    <Unicode>führen kann, vorausgesetzt, daß ihr Herz mitleidig und treu</Unicode>
                </TextEquiv>
            </TextLine>
            <TextLine id="r1l20" custom="readingOrder {index:19;}">
                <Coords points="1876,2049 2677,2052 3075,2095 3055,2018 1877,1995"/>
                <Baseline points="1894,2039 1952,2042 2010,2044 2068,2045 2126,2046 2184,2048 2242,2049 2301,2049 2359,2050 2417,2051 2475,2052 2533,2052 2591,2053 2649,2054 2708,2054 2766,2055 2824,2056 2882,2058 2940,2059 2998,2061 3057,2063"/>
                <TextEquiv>
                    <Unicode>oder wahnsinnige Vermessenheit, niemals aber der ehrliche</Unicode>
                </TextEquiv>
            </TextLine>
            <TextLine id="r1l21" custom="readingOrder {index:20;}">
                <Coords points="141,2068 721,2069 722,2021 392,2024 204,2014 143,1992"/>
                <Baseline points="158,2055 185,2055 212,2055 239,2055 267,2055 294,2055 321,2056 348,2056 376,2056 403,2056 430,2057 457,2057 485,2058 512,2058 539,2059 566,2059 594,2060 621,2060 648,2061 675,2062 703,2062"/>
                <TextEquiv>
                    <Unicode>den tief in der Kreide steckenden</Unicode>
                </TextEquiv>
            </TextLine>
            <TextLine id="r1l22" custom="readingOrder {index:21;}">
                <Coords points="719,2071 1770,2095 1879,2093 1880,2050 720,2020"/>
                <Baseline points="739,2062 795,2063 851,2064 907,2065 963,2066 1019,2067 1075,2067 1131,2068 1187,2069 1243,2070 1299,2070 1355,2071 1411,2072 1467,2073 1523,2074 1579,2075 1635,2076 1691,2078 1747,2079 1803,2081 1860,2082"/>
                <TextEquiv>
                    <Unicode>ist und er für einen verwunschenen Prinzen gehalten wird.</Unicode>
                </TextEquiv>
            </TextLine>
            <TextLine id="r1l23" custom="readingOrder {index:22;}">
                <Coords points="1873,2106 2982,2125 3061,2123 3062,2083 1874,2048"/>
                <Baseline points="1893,2090 1950,2090 2008,2091 2065,2091 2123,2092 2181,2093 2238,2093 2296,2095 2353,2096 2411,2097 2469,2098 2526,2099 2584,2100 2641,2101 2699,2103 2757,2104 2814,2105 2872,2106 2929,2107 2987,2107 3045,2108"/>
                <TextEquiv>
                    <Unicode>Muth eines tapferen Mannes mit der Hölle pactirt. Am</Unicode>
                </TextEquiv>
            </TextLine>
            <TextLine id="r1l24" custom="readingOrder {index:23;}">
                <Coords points="136,2116 3030,2193 3061,2124 137,2062"/>
                <Baseline points="153,2106 297,2106 442,2106 586,2108 731,2109 875,2111 1020,2113 1164,2116 1309,2119 1453,2123 1598,2126 1742,2130 1887,2134 2031,2137 2176,2141 2320,2145 2465,2149 2609,2152 2754,2155 2898,2159 3043,2161"/>
                <TextEquiv>
                    <Unicode>inze auslöst, steigt der anfangs Sogar von polemischer Tendenz scheint in dem Wagner= allerwenigsten wird Hans von saustischen Ideen geplagt, er</Unicode>
                </TextEquiv>
            </TextLine>
            <TextLine id="r1l25" custom="readingOrder {index:24;}">
                <Coords points="156,2151 1888,2196 1889,2141 1610,2122 157,2112"/>
                <Baseline points="175,2154 259,2154 344,2155 429,2156 514,2156 598,2157 683,2158 768,2159 853,2160 937,2162 1022,2163 1107,2164 1192,2166 1276,2167 1361,2169 1446,2170 1531,2172 1615,2173 1700,2175 1785,2177 1870,2178"/>
                <TextEquiv>
                    <Unicode>Ansehen, man hält ihn fürschen Werke nichts zu stecken, obwohl die Handlung auf den</Unicode>
                </TextEquiv>
            </TextLine>
            <TextLine id="r1l26" custom="readingOrder {index:25;}">
                <Coords points="1867,2202 2508,2214 2509,2153 2480,2149 1868,2151"/>
                <Baseline points="1887,2185 1917,2187 1947,2187 1977,2188 2007,2189 2038,2189 2068,2190 2098,2190 2128,2191 2158,2191 2189,2192 2219,2192 2249,2192 2279,2193 2309,2193 2340,2193 2370,2193 2400,2194 2430,2194 2460,2195 2491,2196"/>
                <TextEquiv>
                    <Unicode>will ja bloß sein Leben fristen.</Unicode>
                </TextEquiv>
            </TextLine>
            <TextLine id="r1l27" custom="readingOrder {index:26;}">
                <Coords points="154,2209 1886,2226 1720,2173 155,2151"/>
                <Baseline points="172,2197 256,2199 341,2201 426,2203 511,2204 596,2206 681,2207 765,2208 850,2209 935,2210 1020,2211 1105,2212 1190,2213 1275,2214 1359,2215 1444,2216 1529,2218 1614,2219 1699,2220 1784,2222 1869,2224"/>
                <TextEquiv>
                    <Unicode>der Bürgermeister sagt ihm elassischen Boden von Bayreuth übertragen ist und Momente</Unicode>
                </TextEquiv>
            </TextLine>
            <TextLine id="r1l28" custom="readingOrder {index:27;}">
                <Coords points="127,2245 163,2264 228,2250 308,2269 474,2257 503,2275 598,2251 721,2264 721,2213 127,2216"/>
                <Baseline points="145,2244 174,2246 203,2247 233,2249 262,2250 292,2252 321,2252 350,2253 380,2254 409,2254 439,2254 468,2254 498,2254 527,2254 556,2254 586,2254 615,2254 645,2253 674,2253 704,2253"/>
                <TextEquiv>
                    <Unicode>drei Töchter zu. Hans erhält</Unicode>
                </TextEquiv>
            </TextLine>
            <TextLine id="r1l29" custom="readingOrder {index:28;}">
                <Coords points="722,2263 1664,2294 1864,2286 1894,2232 723,2220"/>
                <Baseline points="739,2254 795,2254 852,2255 909,2255 966,2256 1022,2257 1079,2258 1136,2259 1193,2260 1249,2261 1306,2262 1363,2263 1420,2264 1476,2265 1533,2267 1590,2267 1647,2269 1703,2269 1760,2270 1817,2271 1874,2271"/>
                <TextEquiv>
                    <Unicode>enthält, welche im Sinne einer tendenziösen Spitze gedeutet</Unicode>
                </TextEquiv>
            </TextLine>
            <TextLine id="r1l30" custom="readingOrder {index:29;}">
                <Coords points="141,2306 181,2325 214,2307 358,2319 377,2301 442,2320 721,2312 721,2261 598,2253 504,2273 471,2251 377,2250 308,2272 218,2253 141,2266"/>
                <Baseline points="160,2294 187,2295 214,2296 241,2297 268,2298 296,2298 323,2299 350,2299 377,2299 404,2299 432,2300 459,2300 486,2300 513,2300 540,2300 568,2300 595,2300 622,2300 649,2300 676,2301 704,2301"/>
                <TextEquiv>
                    <Unicode>kennen zu lernen, wird aber</Unicode>
                </TextEquiv>
            </TextLine>
            <TextLine id="r1l31" custom="readingOrder {index:30;}">
                <Coords points="722,2310 1889,2323 1889,2283 1705,2269 723,2256"/>
                <Baseline points="740,2300 796,2302 853,2304 909,2305 966,2306 1022,2307 1079,2308 1135,2309 1192,2310 1248,2311 1305,2312 1361,2313 1418,2314 1474,2315 1531,2315 1587,2316 1644,2317 1700,2318 1757,2319 1813,2320 1870,2321"/>
                <TextEquiv>
                    <Unicode>werden könnten, falls man eben deuten will. Für mich</Unicode>
                </TextEquiv>
            </TextLine>
            <TextLine id="r1l32" custom="readingOrder {index:31;}">
                <Coords points="2017,2340 3097,2365 3097,2263 3068,2260 2738,2294 2687,2257 2564,2294 2499,2262 2354,2295 2296,2259 2017,2271"/>
                <Baseline points="2037,2329 2089,2331 2141,2334 2193,2336 2245,2338 2297,2340 2349,2341 2401,2342 2453,2342 2505,2342 2557,2342 2609,2342 2661,2341 2713,2340 2765,2339 2817,2337 2869,2335 2921,2333 2973,2331 3025,2328 3078,2325"/>
                <TextEquiv>
                    <Unicode>### Vom Burgtheater.</Unicode>
                </TextEquiv>
            </TextLine>
            <TextLine id="r1l33" custom="readingOrder {index:32;}">
                <Coords points="178,2373 458,2336 1888,2396 1889,2323 179,2304"/>
                <Baseline points="195,2346 278,2347 362,2348 446,2349 530,2349 613,2350 697,2351 781,2352 865,2353 948,2354 1032,2355 1116,2356 1200,2357 1283,2358 1367,2359 1451,2361 1535,2362 1618,2364 1702,2366 1786,2368 1870,2371"/>
                <TextEquiv>
                    <Unicode>wegen von zweien ver= aber haben Deutungen und Symbole bei der Beurtheilung</Unicode>
                </TextEquiv>
            </TextLine>
            <TextLine id="r1l34" custom="readingOrder {index:33;}">
                <Coords points="180,2404 724,2408 724,2358 702,2354 488,2363 449,2345 409,2362 340,2344 213,2361 181,2346"/>
                <Baseline points="200,2395 225,2394 250,2394 275,2394 301,2394 326,2394 351,2394 377,2395 402,2395 427,2395 453,2395 478,2395 503,2395 528,2396 554,2396 579,2396 604,2397 630,2397 655,2397 680,2398 706,2398"/>
                <TextEquiv>
                    <Unicode>, weist ihn nicht sofort ab.</Unicode>
                </TextEquiv>
            </TextLine>
            <TextLine id="r1l35" custom="readingOrder {index:34;}">
                <Coords points="1972,2407 3052,2436 3053,2385 2937,2347 2310,2372 1973,2334"/>
                <Baseline points="1992,2398 2044,2400 2096,2402 2148,2403 2200,2404 2252,2405 2304,2406 2357,2407 2409,2408 2461,2409 2513,2409 2565,2410 2617,2410 2669,2410 2722,2411 2774,2411 2826,2412 2878,2412 2930,2413 2982,2413 3035,2414"/>
                <TextEquiv>
                    <Unicode>Ich frage nicht, was Hugo v. Hofmannsthal mit</Unicode>
                </TextEquiv>
            </TextLine>
            <TextLine id="r1l36" custom="readingOrder {index:35;}">
                <Coords points="716,2412 1893,2432 1895,2370 717,2361"/>
                <Baseline points="735,2398 794,2398 854,2399 914,2400 974,2400 1034,2402 1094,2403 1154,2404 1214,2406 1274,2407 1334,2409 1394,2410 1454,2411 1514,2412 1574,2413 1634,2414 1694,2414 1754,2414 1814,2414 1874,2413"/>
                <TextEquiv>
                    <Unicode>eines Kunstwertes keinen Reiz; ich stelle mich einem Drama</Unicode>
                </TextEquiv>
            </TextLine>
            <TextLine id="r1l37" custom="readingOrder {index:36;}">
                <Coords points="131,2452 258,2439 276,2457 403,2462 432,2437 453,2456 722,2452 722,2405 132,2394"/>
                <Baseline points="150,2435 177,2437 205,2438 233,2440 260,2441 288,2442 316,2443 343,2444 371,2444 399,2445 427,2445 454,2446 482,2446 510,2446 537,2446 565,2446 593,2446 620,2445 648,2444 676,2443 704,2442"/>
                <TextEquiv>
                    <Unicode>äuen bemerkt, fühlt Mitleid</Unicode>
                </TextEquiv>
            </TextLine>
            <TextLine id="r1l38" custom="readingOrder {index:37;}">
                <Coords points="711,2453 1878,2471 1879,2420 712,2409"/>
                <Baseline points="731,2446 787,2446 843,2446 900,2446 956,2447 1013,2447 1069,2448 1125,2449 1182,2450 1238,2451 1295,2453 1351,2454 1407,2455 1464,2457 1520,2458 1577,2459 1633,2460 1689,2461 1746,2463 1802,2464 1859,2464"/>
                <TextEquiv>
                    <Unicode>nie anders als mit voller Naivetät gegenüber und lasse es</Unicode>
                </TextEquiv>
            </TextLine>
            <TextLine id="r1l39" custom="readingOrder {index:38;}">
                <Coords points="1877,2456 2989,2473 3047,2463 3048,2419 2142,2417 1878,2376"/>
                <Baseline points="1894,2445 1950,2446 2007,2448 2064,2449 2121,2450 2177,2450 2234,2451 2291,2452 2348,2453 2404,2453 2461,2454 2518,2455 2575,2456 2631,2456 2688,2457 2745,2458 2802,2459 2858,2460 2915,2461 2972,2463 3029,2464"/>
                <TextEquiv>
                    <Unicode>seinem Abenteurer wollte. Hofmannsthal's Commentatoren</Unicode>
                </TextEquiv>
            </TextLine>
            <TextLine id="r1l40" custom="readingOrder {index:39;}">
                <Coords points="134,2510 207,2489 265,2504 287,2486 305,2505 725,2506 726,2445 425,2445 403,2462 135,2444"/>
                <Baseline points="154,2489 181,2488 209,2488 237,2488 264,2488 292,2488 320,2489 347,2489 375,2489 403,2489 431,2490 458,2490 486,2491 514,2491 541,2492 569,2492 597,2493 624,2493 652,2494 680,2494 708,2495"/>
                <TextEquiv>
                    <Unicode>en die rohen Bauernburschen</Unicode>
                </TextEquiv>
            </TextLine>
            <TextLine id="r1l41" custom="readingOrder {index:40;}">
                <Coords points="1874,2503 3059,2529 3023,2463 1875,2449"/>
                <Baseline points="1891,2494 1948,2494 2006,2495 2063,2497 2121,2498 2178,2498 2236,2499 2293,2500 2351,2501 2408,2502 2466,2503 2524,2503 2581,2504 2639,2505 2696,2505 2754,2506 2811,2506 2869,2507 2926,2507 2984,2508 3042,2508"/>
                <TextEquiv>
                    <Unicode>und Entdecker,*) die nicht nur ihn selbst, sondern jedesmal</Unicode>
                </TextEquiv>
            </TextLine>
            <TextLine id="r1l42" custom="readingOrder {index:41;}">
                <Coords points="709,2495 1354,2503 1448,2538 1499,2506 1876,2520 1877,2473 1804,2464 710,2448"/>
                <Baseline points="728,2495 784,2495 840,2495 897,2495 953,2495 1010,2496 1066,2497 1123,2497 1179,2499 1236,2500 1292,2501 1348,2502 1405,2504 1461,2505 1518,2507 1574,2508 1631,2509 1687,2510 1744,2511 1800,2511 1857,2511"/>
                <TextEquiv>
                    <Unicode>durch das, was es an sich selbst ist und durch sich selbst zu</Unicode>
                </TextEquiv>
            </TextLine>
            <TextLine id="r1l43" custom="readingOrder {index:42;}">
                <Coords points="126,2548 227,2541 260,2563 281,2545 426,2539 666,2558 716,2544 717,2504 126,2497"/>
                <Baseline points="144,2537 171,2537 199,2537 226,2537 254,2538 282,2538 309,2538 337,2539 365,2539 392,2539 420,2539 448,2539 475,2540 503,2540 531,2540 558,2540 586,2540 614,2539 641,2539 669,2539 697,2538"/>
                <TextEquiv>
                    <Unicode>lich auch nicht, die bedeutungs¬</Unicode>
                </TextEquiv>
            </TextLine>
            <TextLine id="r1l44" custom="readingOrder {index:43;}">
                <Coords points="713,2572 840,2548 912,2563 952,2542 1014,2561 1304,2558 1304,2507 714,2499"/>
                <Baseline points="731,2542 758,2542 786,2542 814,2541 841,2541 869,2541 897,2542 924,2542 952,2542 980,2543 1008,2543 1035,2543 1063,2544 1091,2544 1118,2545 1146,2546 1174,2546 1201,2547 1229,2547 1257,2548 1285,2548"/>
                <TextEquiv>
                    <Unicode>sagen weiß, auf mich wirken.</Unicode>
                </TextEquiv>
            </TextLine>
            <TextLine id="r1l45" custom="readingOrder {index:44;}">
                <Coords points="1852,2562 3059,2570 3059,2530 2679,2488 1853,2501"/>
                <Baseline points="1871,2542 1929,2542 1987,2542 2046,2542 2104,2542 2163,2543 2221,2544 2280,2545 2338,2546 2397,2547 2455,2548 2513,2550 2572,2551 2630,2552 2689,2553 2747,2554 2806,2555 2864,2556 2923,2556 2981,2556 3040,2556"/>
                <TextEquiv>
                    <Unicode>auch den Sinn seiner neueren Gedichte zu entdecken hatten,</Unicode>
                </TextEquiv>
            </TextLine>
            <TextLine id="r1l46" custom="readingOrder {index:45;}">
                <Coords points="140,2603 259,2589 274,2604 325,2583 364,2601 520,2606 571,2588 589,2606 665,2603 723,2593 724,2539 430,2544 412,2525 394,2543 267,2557 140,2541"/>
                <Baseline points="157,2586 184,2586 211,2586 239,2586 266,2586 294,2586 321,2586 349,2587 376,2587 404,2588 431,2588 458,2588 486,2588 513,2589 541,2589 568,2589 596,2589 623,2589 651,2589 678,2589 706,2589"/>
                <TextEquiv>
                    <Unicode>Hand zu empfangen. Hiemit</Unicode>
                </TextEquiv>
            </TextLine>
            <TextLine id="r1l47" custom="readingOrder {index:46;}">
                <Coords points="1874,2594 3045,2619 3045,2579 2980,2564 2644,2541 1875,2543"/>
                <Baseline points="1892,2587 1948,2588 2005,2589 2062,2591 2119,2592 2175,2593 2232,2593 2289,2594 2346,2595 2402,2595 2459,2596 2516,2597 2573,2597 2629,2598 2686,2599 2743,2600 2800,2601 2856,2602 2913,2603 2970,2605 3027,2607"/>
                <TextEquiv>
                    <Unicode>werden mir sofort ein Capitel vom Uebermenschen erzählen.</Unicode>
                </TextEquiv>
            </TextLine>
            <TextLine id="r1l48" custom="readingOrder {index:47;}">
                <Coords points="818,2598 1872,2616 1873,2562 1794,2539 819,2551"/>
                <Baseline points="837,2594 887,2593 938,2593 989,2593 1040,2593 1091,2593 1142,2594 1193,2594 1244,2595 1295,2596 1346,2597 1396,2598 1447,2600 1498,2601 1549,2602 1600,2603 1651,2605 1702,2606 1753,2607 1804,2607 1855,2608"/>
                <TextEquiv>
                    <Unicode>Ich sehe im „Bärenhäuter“ nichts als ein recht artiges</Unicode>
                </TextEquiv>
            </TextLine>
            <TextLine id="r1l49" custom="readingOrder {index:48;}">
                <Coords points="132,2641 657,2654 712,2648 713,2597 597,2581 531,2598 401,2574 368,2595 133,2601"/>
                <Baseline points="149,2630 176,2630 203,2630 230,2631 258,2631 285,2631 312,2632 340,2632 367,2633 394,2633 422,2634 449,2634 476,2635 503,2635 531,2636 558,2637 585,2637 613,2638 640,2638 667,2639 695,2640"/>
                <TextEquiv>
                    <Unicode>uter die dreijährige Probezeit</Unicode>
                </TextEquiv>
            </TextLine>
            <TextLine id="r1l50" custom="readingOrder {index:49;}">
                <Coords points="1865,2641 2821,2676 3013,2665 3058,2607 1866,2594"/>
                <Baseline points="1882,2634 1939,2635 1997,2636 2055,2638 2113,2639 2171,2640 2229,2641 2287,2642 2345,2643 2403,2644 2461,2645 2518,2646 2576,2647 2634,2648 2692,2649 2750,2650 2808,2651 2866,2651 2924,2652 2982,2653 3040,2654"/>
                <TextEquiv>
                    <Unicode>Wie wenig der Abenteurer aber den Menschen „über“ ist,</Unicode>
                </TextEquiv>
            </TextLine>
            <TextLine id="r1l51" custom="readingOrder {index:50;}">
                <Coords points="711,2646 1831,2661 1892,2692 1893,2612 994,2615 713,2573"/>
                <Baseline points="730,2638 787,2638 844,2638 901,2638 958,2638 1016,2639 1073,2640 1130,2641 1187,2642 1244,2643 1302,2645 1359,2646 1416,2648 1473,2649 1530,2651 1588,2652 1645,2653 1702,2655 1759,2656 1816,2657 1874,2659"/>
                <TextEquiv>
                    <Unicode>Volksmärchen. Die Sprache der Wagner'schen Bearbeitung</Unicode>
                </TextEquiv>
            </TextLine>
            <TextLine id="r1l52" custom="readingOrder {index:51;}">
                <Coords points="125,2691 378,2702 429,2685 516,2708 563,2683 592,2702 715,2700 716,2653 496,2628 354,2651 126,2637"/>
                <Baseline points="144,2681 171,2681 199,2682 226,2682 254,2682 282,2683 309,2683 337,2683 365,2684 392,2684 420,2684 448,2685 475,2685 503,2685 531,2686 558,2686 586,2687 614,2688 641,2688 669,2690 697,2691"/>
                <TextEquiv>
                    <Unicode>Es sich für sie darum handle,</Unicode>
                </TextEquiv>
            </TextLine>
            <TextLine id="r1l53" custom="readingOrder {index:52;}">
                <Coords points="1871,2689 3030,2716 3061,2633 2821,2669 1872,2649"/>
                <Baseline points="1888,2682 1945,2683 2003,2685 2061,2686 2118,2687 2176,2688 2234,2689 2291,2690 2349,2691 2407,2692 2465,2693 2522,2695 2580,2695 2638,2697 2695,2697 2753,2698 2811,2699 2868,2700 2926,2700 2984,2701 3042,2702"/>
                <TextEquiv>
                    <Unicode>wird uns klar, wenn wir ihn, was nahe liegt, etwa mit</Unicode>
                </TextEquiv>
            </TextLine>
            <TextLine id="r1l54" custom="readingOrder {index:53;}">
                <Coords points="720,2700 1869,2707 1826,2659 721,2645"/>
                <Baseline points="737,2687 792,2687 848,2687 903,2687 959,2688 1015,2689 1070,2690 1126,2691 1181,2693 1237,2694 1293,2695 1348,2697 1404,2698 1459,2700 1515,2701 1571,2702 1626,2703 1682,2703 1737,2704 1793,2704 1849,2703"/>
                <TextEquiv>
                    <Unicode>klingt anfangs sehr trocken und hölzern, spielt dann zeit¬</Unicode>
                </TextEquiv>
            </TextLine>
            <TextLine id="r1l55" custom="readingOrder {index:54;}">
                <Coords points="125,2730 726,2749 727,2691 705,2687 307,2700 126,2669"/>
                <Baseline points="144,2725 172,2727 200,2728 228,2729 257,2730 285,2730 313,2730 341,2731 370,2731 398,2731 426,2731 454,2731 483,2731 511,2731 539,2732 567,2732 596,2733 624,2733 652,2734 680,2735 709,2736"/>
                <TextEquiv>
                    <Unicode>nschenen zu erlösen. Von den</Unicode>
                </TextEquiv>
            </TextLine>
            <TextLine id="r1l56" custom="readingOrder {index:55;}">
                <Coords points="715,2741 3045,2779 3009,2710 2462,2676 715,2694"/>
                <Baseline points="732,2735 846,2737 961,2740 1076,2741 1191,2742 1305,2742 1420,2742 1535,2742 1650,2741 1764,2741 1879,2740 1994,2739 2109,2739 2223,2739 2338,2739 2453,2739 2568,2740 2682,2742 2797,2744 2912,2748 3027,2752"/>
                <TextEquiv>
                    <Unicode>weilig ein bischen mit Stabreimen und „tetralogischen“ Don Juan vergleichen. Und Don Juan ist nur eine</Unicode>
                </TextEquiv>
            </TextLine>
            <TextLine id="r1l57" custom="readingOrder {index:56;}">
                <Coords points="122,2780 3050,2757 122,2715"/>
                <Baseline points="140,2771 284,2776 429,2780 573,2783 718,2786 862,2787 1007,2788 1151,2789 1296,2790 1440,2790 1585,2790 1729,2789 1874,2789 2018,2789 2163,2789 2307,2789 2452,2789 2596,2790 2741,2791 2885,2793 3030,2795"/>
                <TextEquiv>
                    <Unicode>ms erfährt man leider gar Stylblüthen, erhebt sich aber im dritten Act zu schöner Oper, eine alte dazu. Aber selbst der Don Juan der Oper,</Unicode>
                </TextEquiv>
            </TextLine>
            <TextLine id="r1l58" custom="readingOrder {index:57;}">
                <Coords points="136,2832 712,2839 713,2788 137,2785"/>
                <Baseline points="154,2823 182,2824 210,2824 239,2824 267,2825 295,2825 324,2825 352,2825 380,2825 409,2826 437,2826 466,2826 494,2826 522,2827 551,2827 579,2828 607,2829 636,2829 664,2830 693,2831"/>
                <TextEquiv>
                    <Unicode>Zwischenact, und bei Beginn</Unicode>
                </TextEquiv>
            </TextLine>
            <TextLine id="r1l59" custom="readingOrder {index:58;}">
                <Coords points="704,2835 3052,2870 3052,2798 2925,2790 704,2781"/>
                <Baseline points="720,2827 835,2831 951,2835 1066,2837 1182,2839 1298,2840 1413,2840 1529,2840 1645,2840 1760,2839 1876,2839 1992,2838 2107,2837 2223,2837 2339,2837 2454,2837 2570,2837 2686,2838 2801,2840 2917,2842 3033,2846"/>
                <TextEquiv>
                    <Unicode>Einfachheit und warmer Innigkeit. Wenn es aber kaum den auch sein Dämon immer in den Kreis der Rächer</Unicode>
                </TextEquiv>
            </TextLine>
            <TextLine id="r1l60" custom="readingOrder {index:59;}">
                <Coords points="134,2877 710,2895 711,2840 135,2833"/>
                <Baseline points="151,2870 178,2871 205,2871 232,2872 259,2873 286,2874 313,2874 340,2875 367,2876 394,2876 422,2877 449,2877 476,2878 503,2878 530,2878 557,2879 584,2879 611,2879 638,2880 665,2880 693,2880"/>
                <TextEquiv>
                    <Unicode>nur, daß Alles gut abgelaufen</Unicode>
                </TextEquiv>
            </TextLine>
            <TextLine id="r1l61" custom="readingOrder {index:60;}">
                <Coords points="715,2890 3049,2891 715,2839"/>
                <Baseline points="734,2875 848,2879 963,2882 1078,2885 1193,2886 1308,2887 1423,2888 1537,2888 1652,2887 1767,2887 1882,2886 1997,2885 2112,2884 2227,2884 2341,2884 2456,2884 2571,2884 2686,2885 2801,2887 2916,2890 3031,2893"/>
                <TextEquiv>
                    <Unicode>möglich ist, im „Värenhäuter“ das beliebte „fabula docet“ zieht, singt nur eine Arie; das ist bezeichnend eine Cham¬</Unicode>
                </TextEquiv>
            </TextLine>
            <TextLine id="r1l62" custom="readingOrder {index:61;}">
                <Coords points="127,2923 656,2940 718,2930 719,2886 287,2888 128,2865"/>
                <Baseline points="144,2920 171,2920 199,2920 227,2921 255,2921 282,2921 310,2922 338,2922 366,2922 393,2922 421,2923 449,2923 477,2923 504,2924 532,2924 560,2925 588,2925 615,2925 643,2926 671,2926 699,2927"/>
                <TextEquiv>
                    <Unicode>Tagesanbruch in einem Walde</Unicode>
                </TextEquiv>
            </TextLine>
            <TextLine id="r1l63" custom="readingOrder {index:62;}">
                <Coords points="705,2944 3046,2962 3046,2893 2420,2870 705,2882"/>
                <Baseline points="724,2926 839,2929 954,2931 1069,2933 1184,2934 1299,2935 1414,2935 1530,2934 1645,2934 1760,2933 1875,2933 1990,2932 2105,2931 2220,2931 2336,2931 2451,2931 2566,2932 2681,2933 2796,2935 2911,2938 3027,2942"/>
                <TextEquiv>
                    <Unicode>zu finden, so muß man doch jedenfalls nach der Grund= pagner=Arie. Der Abenteurer declamirt aber fortwährend</Unicode>
                </TextEquiv>
            </TextLine>
            <TextLine id="r1l64" custom="readingOrder {index:63;}">
                <Coords points="125,2984 234,2974 302,3000 332,2975 415,2997 495,2976 679,2989 708,2985 709,2935 220,2941 125,2926"/>
                <Baseline points="145,2970 172,2970 199,2970 226,2969 253,2969 281,2970 308,2970 335,2970 362,2970 389,2970 417,2971 444,2971 471,2972 498,2972 525,2972 553,2973 580,2973 607,2973 634,2973 661,2974 689,2974"/>
                <TextEquiv>
                    <Unicode>ltig gesäubert, gestriegelt und</Unicode>
                </TextEquiv>
            </TextLine>
            <TextLine id="r1l65" custom="readingOrder {index:64;}">
                <Coords points="711,2989 3049,2992 3049,2924 712,2938"/>
                <Baseline points="728,2970 843,2975 958,2978 1073,2980 1188,2982 1303,2983 1418,2983 1534,2983 1649,2983 1764,2982 1879,2982 1994,2981 2109,2981 2224,2981 2340,2981 2455,2982 2570,2983 2685,2985 2800,2987 2915,2990 3031,2995"/>
                <TextEquiv>
                    <Unicode>stimmung der ganzen Dichtung fragen, und da Hans Kraft Arien, als wenn er nur eben ein verfolgter Lyriker wäre.</Unicode>
                </TextEquiv>
            </TextLine>
            <TextLine id="r1l66" custom="readingOrder {index:65;}">
                <Coords points="137,3030 3051,3063 2899,2982 138,2976"/>
                <Baseline points="154,3015 297,3018 441,3020 585,3022 729,3023 873,3025 1017,3025 1160,3026 1304,3026 1448,3027 1592,3027 1736,3027 1880,3027 2024,3027 2167,3028 2311,3028 2455,3029 2599,3030 2743,3032 2887,3034 3031,3037"/>
                <TextEquiv>
                    <Unicode>usuchen. Nur muß er vorhernicht nur die Bärenhaut, sondern auch das ganze Drama zu Wie der Abenteurer den Campanile um und um in Rosen</Unicode>
                </TextEquiv>
            </TextLine>
            <TextLine id="r1l67" custom="readingOrder {index:66;}">
                <Coords points="137,3074 3047,3066 137,3016"/>
                <Baseline points="156,3062 299,3066 443,3069 586,3071 730,3073 873,3074 1017,3075 1160,3075 1304,3076 1447,3076 1591,3076 1735,3076 1878,3076 2022,3076 2165,3076 2309,3077 2452,3078 2596,3079 2739,3081 2883,3083 3027,3086"/>
                <TextEquiv>
                    <Unicode>feder erscheinenden „Fremden“ tragen hat, so ist sein Charakter maßgebend für den und Narcissen wickeln möchte, so will Hugo v. Hofmanns¬</Unicode>
                </TextEquiv>
            </TextLine>
            <TextLine id="r1l68" custom="readingOrder {index:67;}">
                <Coords points="133,3136 1873,3147 1873,3092 1764,3081 134,3078"/>
                <Baseline points="153,3114 238,3115 323,3116 408,3116 493,3117 578,3117 663,3118 748,3119 833,3119 918,3120 1003,3121 1088,3122 1173,3122 1258,3123 1343,3124 1428,3125 1513,3125 1598,3126 1683,3127 1768,3128 1853,3128"/>
                <TextEquiv>
                    <Unicode>lafende Besatzung der nahen Grundton der Handlung. Dieser Charakter ist nun ein Ge¬</Unicode>
                </TextEquiv>
            </TextLine>
            <TextLine id="r1l69" custom="readingOrder {index:68;}">
                <Coords points="1853,3116 3019,3169 3042,3093 1854,3069"/>
                <Baseline points="1872,3110 1929,3111 1987,3113 2044,3114 2102,3115 2159,3117 2217,3118 2274,3120 2332,3121 2389,3122 2447,3124 2505,3125 2562,3127 2620,3128 2677,3129 2735,3130 2792,3130 2850,3131 2907,3131 2965,3132 3023,3132"/>
                <TextEquiv>
                    <Unicode>thal seine Stücke um und um in Verse wickeln. Diesem</Unicode>
                </TextEquiv>
            </TextLine>
            <TextLine id="r1l70" custom="readingOrder {index:69;}">
                <Coords points="1997,3161 2048,3162 2066,3170 2081,3159 2092,3159 2117,3171 2135,3171 2136,3131 2118,3131 2103,3123 2074,3123 2067,3130 2053,3122 2045,3126 1998,3121"/>
                <Baseline points="2015,3152 2040,3154 2066,3154 2091,3154 2117,3156"/>
                <TextEquiv>
                    <Unicode>—.—</Unicode>
                </TextEquiv>
            </TextLine>
            <TextLine id="r1l71" custom="readingOrder {index:70;}">
                <Coords points="136,3162 1838,3195 1876,3123 136,3118"/>
                <Baseline points="155,3159 240,3161 325,3163 410,3164 495,3165 580,3166 665,3167 750,3167 835,3168 920,3168 1005,3169 1090,3169 1175,3170 1260,3171 1345,3171 1430,3173 1515,3174 1600,3176 1685,3178 1770,3181 1855,3183"/>
                <TextEquiv>
                    <Unicode>einer Ueberrumpelung durch misch von Heiterkeit und Ernst; es wäre gefehlt, die</Unicode>
                </TextEquiv>
            </TextLine>
            <TextLine id="r1l72" custom="readingOrder {index:71;}">
                <Coords points="1956,3206 3040,3220 3040,3173 2838,3154 1957,3163"/>
                <Baseline points="1975,3196 2027,3200 2079,3203 2132,3207 2184,3209 2237,3211 2289,3212 2341,3214 2394,3216 2446,3217 2499,3217 2551,3218 2603,3219 2656,3219 2708,3219 2761,3219 2813,3220 2865,3220 2918,3220 2970,3220 3023,3221"/>
                <TextEquiv>
                    <Unicode>*) Die ersten Gedichte Hofmannsthal's hat Dr. Paul Gold¬</Unicode>
                </TextEquiv>
            </TextLine>
            <TextLine id="r1l73" custom="readingOrder {index:72;}">
                <Coords points="137,3212 1872,3254 1873,3178 137,3162"/>
                <Baseline points="155,3208 239,3209 324,3210 409,3211 494,3212 579,3213 664,3214 749,3214 834,3215 919,3216 1004,3217 1088,3217 1173,3218 1258,3219 1343,3220 1428,3222 1513,3223 1598,3224 1683,3226 1768,3228 1853,3230"/>
                <TextEquiv>
                    <Unicode>Rechtzeitig erwachend, schlagen komischen Momente ins Possenhafte zu verzerren, noch mehr</Unicode>
                </TextEquiv>
            </TextLine>
            <TextLine id="r1l74" custom="readingOrder {index:73;}">
                <Coords points="1852,3251 3034,3265 3034,3222 2984,3217 2005,3218 1854,3179"/>
                <Baseline points="1871,3240 1928,3243 1985,3245 2042,3246 2100,3248 2157,3250 2214,3251 2272,3253 2329,3254 2386,3255 2444,3256 2501,3257 2558,3258 2615,3259 2673,3259 2730,3260 2787,3260 2845,3261 2902,3261 2959,3261 3017,3261"/>
                <TextEquiv>
                    <Unicode>[mann, damals literarischer Pfadfinder in Wien, in der Zeitschrift</Unicode>
                </TextEquiv>
            </TextLine>
            <TextLine id="r1l75" custom="readingOrder {index:74;}">
                <Coords points="137,3270 1866,3288 1758,3232 138,3212"/>
                <Baseline points="155,3257 239,3259 324,3260 409,3261 493,3262 578,3262 663,3263 747,3263 832,3264 917,3264 1002,3265 1086,3265 1171,3266 1256,3266 1340,3267 1425,3269 1510,3270 1594,3272 1679,3274 1764,3276 1849,3280"/>
                <TextEquiv>
                    <Unicode>st Muffel den Feind zurück, aber, das Ernste tragisch zu nehmen. Hans mag einordent¬</Unicode>
                </TextEquiv>
            </TextLine>
            <TextLine id="r1l76" custom="readingOrder {index:75;}">
                <Coords points="1859,3289 2979,3308 3040,3294 3041,3254 1860,3249"/>
                <Baseline points="1878,3281 1935,3283 1992,3284 2049,3286 2107,3287 2164,3289 2221,3291 2278,3292 2336,3294 2393,3295 2450,3296 2507,3298 2565,3299 2622,3299 2679,3300 2736,3300 2794,3300 2851,3300 2908,3299 2965,3298 3023,3297"/>
                <TextEquiv>
                    <Unicode>AAn der blauen Donau“ veröffentlicht. Er hat zuerst für Hofmanns¬</Unicode>
                </TextEquiv>
            </TextLine>
            <TextLine id="r1l77" custom="readingOrder {index:76;}">
                <Coords points="136,3310 1860,3341 1861,3287 136,3256"/>
                <Baseline points="155,3305 239,3306 323,3307 407,3308 492,3309 576,3309 660,3310 745,3311 829,3311 913,3312 998,3313 1082,3314 1166,3315 1250,3316 1335,3317 1419,3318 1503,3319 1588,3321 1672,3322 1756,3325 1841,3327"/>
                <TextEquiv>
                    <Unicode>hpfenden viel Ehre erwächst.licher Soldat gewesen sein, aber was man von ihm zu</Unicode>
                </TextEquiv>
            </TextLine>
            <TextLine id="r1l78" custom="readingOrder {index:77;}">
                <Coords points="1850,3328 3028,3351 3028,3296 1851,3288"/>
                <Baseline points="1870,3320 1927,3323 1984,3326 2041,3329 2098,3331 2155,3333 2212,3334 2269,3336 2326,3336 2383,3337 2440,3337 2497,3337 2554,3337 2611,3337 2668,3337 2725,3337 2782,3336 2839,3336 2896,3336 2953,3336 3011,3336"/>
                <TextEquiv>
                    <Unicode>#hal's und Schnitzler's Anfänge gewirkt Später wurden beide Dichter</Unicode>
                </TextEquiv>
            </TextLine>
            <TextLine id="r1l79" custom="readingOrder {index:78;}">
                <Coords points="143,3359 327,3355 392,3375 454,3361 497,3377 603,3353 664,3372 715,3363 716,3312 144,3308"/>
                <Baseline points="160,3352 186,3352 213,3352 240,3352 267,3352 294,3353 320,3353 347,3354 374,3354 401,3355 428,3356 454,3356 481,3357 508,3358 535,3359 562,3359 588,3359 615,3360 642,3360 669,3360 696,3359"/>
                <TextEquiv>
                    <Unicode>u seiner Luise, die in dem</Unicode>
                </TextEquiv>
            </TextLine>
            <TextLine id="r1l80" custom="readingOrder {index:79;}">
                <Coords points="705,3369 1865,3384 1866,3340 706,3311"/>
                <Baseline points="722,3357 778,3356 834,3356 890,3355 947,3356 1003,3356 1059,3357 1115,3358 1172,3359 1228,3361 1284,3362 1340,3364 1397,3365 1453,3367 1509,3368 1565,3370 1622,3371 1678,3371 1734,3372 1790,3372 1847,3372"/>
                <TextEquiv>
                    <Unicode>sehen bekommt, ist weit entfernt vom Heroenthum. Ich be¬</Unicode>
                </TextEquiv>
            </TextLine>
            <TextLine id="r1l81" custom="readingOrder {index:80;}">
                <Coords points="1859,3362 3033,3398 3034,3340 1860,3326"/>
                <Baseline points="1876,3362 1933,3362 1990,3363 2047,3363 2104,3364 2161,3365 2218,3367 2275,3368 2332,3369 2389,3370 2446,3371 2503,3372 2560,3373 2617,3374 2674,3375 2731,3375 2788,3376 2845,3376 2902,3376 2959,3376 3017,3376"/>
                <TextEquiv>
                    <Unicode>den „Entdeckungen“ Hermann Bahr's zugezählt, der klugerweise von</Unicode>
                </TextEquiv>
            </TextLine>
            <TextLine id="r1l82" custom="readingOrder {index:81;}">
                <Coords points="1857,3405 2999,3424 3021,3384 1858,3361"/>
                <Baseline points="1874,3397 1930,3398 1986,3399 2043,3399 2099,3401 2156,3401 2212,3403 2268,3404 2325,3405 2381,3406 2438,3407 2494,3409 2550,3409 2607,3411 2663,3411 2720,3412 2776,3413 2832,3413 2889,3413 2945,3414 3002,3413"/>
                <TextEquiv>
                    <Unicode>jeher alle Nummern im literarischen Glücksspiel besetzte und sich</Unicode>
                </TextEquiv>
            </TextLine>
            <TextLine id="r1l83" custom="readingOrder {index:82;}">
                <Coords points="138,3417 3034,3424 139,3363"/>
                <Baseline points="155,3405 298,3404 441,3403 584,3404 727,3405 870,3406 1013,3409 1156,3411 1299,3415 1442,3418 1585,3422 1728,3426 1871,3429 2014,3433 2157,3437 2300,3440 2443,3443 2586,3446 2729,3448 2872,3450 3015,3451"/>
                <TextEquiv>
                    <Unicode>eiflicherweise den gräulichen, greife nicht, wie ein Kritiker in ihm eine Geistesverwandt= dann leicht den Spaß machen konnte, bei jeder Ziehung auch alle</Unicode>
                </TextEquiv>
            </TextLine>
            <TextLine id="r1l84" custom="readingOrder {index:83;}">
                <Coords points="153,3481 2679,3500 154,3409"/>
                <Baseline points="173,3454 297,3454 421,3454 545,3455 670,3455 794,3457 918,3458 1043,3459 1167,3461 1291,3463 1416,3465 1540,3467 1664,3469 1788,3471 1913,3474 2037,3476 2161,3478 2286,3480 2410,3482 2534,3485 2659,3487"/>
                <TextEquiv>
                    <Unicode>ehedem nicht wiedererkennt. schaft mit Siegfried dem Drachentödter entdecken konnte.] Haupt= und Nebentreffer für sich zu reclamiren.</Unicode>
                </TextEquiv>
            </TextLine>
            <TextEquiv>
                <Unicode>box 38/4
2. Cuttings
—
ME
sen gefunden zu haben, so soll Dieser aber prakticirt die von ihm aufbewahrte Ringhälfte Sieg ried durchschreitet furchtlos den Feuerkreis und be¬
Ringes, den er am Finger heimlich in einen Trinkbecher, und wie Luise das glänzende kämpft den grausen Lindwurm; Hans jedoch begnügt sich
n der Ring nach drei Jahren
Gold erblickt, weiß sie endlich, woran sie ist. Mit dem Jubel damit, an der Seite seiner Kameraden zu fechten und die
at, dann ist die Strafe abge¬
des Liebespaares schließt die Handlung der Oper.
Höllenkessel für Andere zu heizen. Und was den Beweis
glückliche in eine Bärenhaut
Eine sogenannte Moral läßt sich aus dem „Bären= von Courage betrifft, der etwa in dem höllischen Dienstver¬
ausgeworfen. Aber einen Sack
häuter“ kaum herausfinden, es wäre denn die, daß auch ein trage zu suchen wäre, so weiß Jeder, der wie Hans an
nhäuter doch mit auf den Weg
Ungewaschener eine Liebste gewinnen und als Braut heim= Teufel und Teufelsmacht glaubt, daß nur Verzweiflung
zweiten Act) beim Dorfwirthe
führen kann, vorausgesetzt, daß ihr Herz mitleidig und treu
oder wahnsinnige Vermessenheit, niemals aber der ehrliche
den tief in der Kreide steckenden
ist und er für einen verwunschenen Prinzen gehalten wird.
Muth eines tapferen Mannes mit der Hölle pactirt. Am
inze auslöst, steigt der anfangs Sogar von polemischer Tendenz scheint in dem Wagner= allerwenigsten wird Hans von saustischen Ideen geplagt, er
Ansehen, man hält ihn fürschen Werke nichts zu stecken, obwohl die Handlung auf den
will ja bloß sein Leben fristen.
der Bürgermeister sagt ihm elassischen Boden von Bayreuth übertragen ist und Momente
drei Töchter zu. Hans erhält
enthält, welche im Sinne einer tendenziösen Spitze gedeutet
kennen zu lernen, wird aber
werden könnten, falls man eben deuten will. Für mich
### Vom Burgtheater.
wegen von zweien ver= aber haben Deutungen und Symbole bei der Beurtheilung
, weist ihn nicht sofort ab.
Ich frage nicht, was Hugo v. Hofmannsthal mit
eines Kunstwertes keinen Reiz; ich stelle mich einem Drama
äuen bemerkt, fühlt Mitleid
nie anders als mit voller Naivetät gegenüber und lasse es
seinem Abenteurer wollte. Hofmannsthal's Commentatoren
en die rohen Bauernburschen
und Entdecker,*) die nicht nur ihn selbst, sondern jedesmal
durch das, was es an sich selbst ist und durch sich selbst zu
lich auch nicht, die bedeutungs¬
sagen weiß, auf mich wirken.
auch den Sinn seiner neueren Gedichte zu entdecken hatten,
Hand zu empfangen. Hiemit
werden mir sofort ein Capitel vom Uebermenschen erzählen.
Ich sehe im „Bärenhäuter“ nichts als ein recht artiges
uter die dreijährige Probezeit
Wie wenig der Abenteurer aber den Menschen „über“ ist,
Volksmärchen. Die Sprache der Wagner'schen Bearbeitung
Es sich für sie darum handle,
wird uns klar, wenn wir ihn, was nahe liegt, etwa mit
klingt anfangs sehr trocken und hölzern, spielt dann zeit¬
nschenen zu erlösen. Von den
weilig ein bischen mit Stabreimen und „tetralogischen“ Don Juan vergleichen. Und Don Juan ist nur eine
ms erfährt man leider gar Stylblüthen, erhebt sich aber im dritten Act zu schöner Oper, eine alte dazu. Aber selbst der Don Juan der Oper,
Zwischenact, und bei Beginn
Einfachheit und warmer Innigkeit. Wenn es aber kaum den auch sein Dämon immer in den Kreis der Rächer
nur, daß Alles gut abgelaufen
möglich ist, im „Värenhäuter“ das beliebte „fabula docet“ zieht, singt nur eine Arie; das ist bezeichnend eine Cham¬
Tagesanbruch in einem Walde
zu finden, so muß man doch jedenfalls nach der Grund= pagner=Arie. Der Abenteurer declamirt aber fortwährend
ltig gesäubert, gestriegelt und
stimmung der ganzen Dichtung fragen, und da Hans Kraft Arien, als wenn er nur eben ein verfolgter Lyriker wäre.
usuchen. Nur muß er vorhernicht nur die Bärenhaut, sondern auch das ganze Drama zu Wie der Abenteurer den Campanile um und um in Rosen
feder erscheinenden „Fremden“ tragen hat, so ist sein Charakter maßgebend für den und Narcissen wickeln möchte, so will Hugo v. Hofmanns¬
lafende Besatzung der nahen Grundton der Handlung. Dieser Charakter ist nun ein Ge¬
thal seine Stücke um und um in Verse wickeln. Diesem
—.—
einer Ueberrumpelung durch misch von Heiterkeit und Ernst; es wäre gefehlt, die
*) Die ersten Gedichte Hofmannsthal's hat Dr. Paul Gold¬
Rechtzeitig erwachend, schlagen komischen Momente ins Possenhafte zu verzerren, noch mehr
[mann, damals literarischer Pfadfinder in Wien, in der Zeitschrift
st Muffel den Feind zurück, aber, das Ernste tragisch zu nehmen. Hans mag einordent¬
AAn der blauen Donau“ veröffentlicht. Er hat zuerst für Hofmanns¬
hpfenden viel Ehre erwächst.licher Soldat gewesen sein, aber was man von ihm zu
#hal's und Schnitzler's Anfänge gewirkt Später wurden beide Dichter
u seiner Luise, die in dem
sehen bekommt, ist weit entfernt vom Heroenthum. Ich be¬
den „Entdeckungen“ Hermann Bahr's zugezählt, der klugerweise von
jeher alle Nummern im literarischen Glücksspiel besetzte und sich
eiflicherweise den gräulichen, greife nicht, wie ein Kritiker in ihm eine Geistesverwandt= dann leicht den Spaß machen konnte, bei jeder Ziehung auch alle
ehedem nicht wiedererkennt. schaft mit Siegfried dem Drachentödter entdecken konnte.] Haupt= und Nebentreffer für sich zu reclamiren.</Unicode>
            </TextEquiv>
        </TextRegion>
    </Page>
</PcGts>
