3296 4224
153 454 1006 518 si puó dire il piu movimentato. Fu in que¬
167 511 1020 573 st'anno che ella conobbe madame Swet¬
173 568 1018 632 chine, conoscenza — come abbiamo visto —
174 593 1040 672 cominciata con un certo ritegno ma che col
163 650 1037 728 volgere degli anni doveva cambiarsi in una
166 705 1029 768 vera e profonda amicizia.Voi siete stata
166 744 1024 826 molto buona con men — le confessava qual¬
174 791 1041 860 che tempo dopo in una sua lettera l’ardente
175 845 1040 929 signora russa — v molto buona di parolee di
160 891 1045 959 azioni: ma ció che piü mi ha penetrato sono
182 942 1044 1019 stati quei lampi di una fiducia che non vole¬
172 995 1035 1050 vate ancora confidarmi. Quando miconosce¬
171 1033 1046 1111 rete un po' di piü, non sognerete né meno
182 1084 1045 1163 a contestarmi il diritto di sapere ogni
185 1163 382 1219 Cosa „.
222 1191 1040 1257 E fu anche in quell’anno che ella di¬
188 1237 1042 1304 venne amica dello scultore Tenerani, l’u¬
176 1285 1052 1350 nico fra i discepoli del Canova che sem¬
179 1331 1051 1404 brava aver ereditato qualche rara virtü
190 1386 1046 1452 del maestro. Da lui si recava spesso nel suo
184 1431 1046 1515 studio di Piazza Barber i e fu durante
184 1481 1053 1549 una di queste visite che gli ordind un bas¬
191 1521 1057 1597 sorilievo rappresentante l’episodio di  Bu¬
186 1582 1063 1662 dore et Cymodocéen nei Martiri dello Chateau¬
188 1633 1065 1693 briand. Questo bassorilievo — pagato cento¬
186 1677 1065 1759 cinquanta luigi d’oro, pari a 3.60o franchi
185 1735 1070 1810 d’allora — fu eseguito dallo scultore romano
188 1770 1068 1860 e regolarmente spedito in Francia: &unico
189 1824 1069 1894 esemplare io credon — annota sua nipote —
190 1870 1060 1960 eche esista da noi diquell’artista, eche la si¬
193 1923 1071 1993 gnora Récamier ha lasciato in eredità al mu¬
197 1981 1063 2054 seo di Saint-Malo v. Con questo er voto d’ar¬
203 2020 1081 2092 te — un ex voto che riuniva la memoria del
194 2079 1072 2152 Canova onorato nel suo discepolo piu degno
212 2127 1079 2186 e l'amore per lo Chateaubriand di cui vo¬
205 2169 1080 2245 leva eternare nel marmo una delle piu
210 2213 1084 2292 suggestive visioni dell’opera — la divina
213 2271 1073 2339 Giulietta lascié Roma per l’ultima volta.
249 2315 1083 2389 Ma a noi piace d’immaginarla ancora er¬
201 2380 1085 2425 rante fra le rovine romantiche della Via
215 2414 1091 2486 Appia o del Palatino e distesa con quel suo
220 2455 1093 2536 atteggiamento d’abbandono, immortalato dal
219 2509 1092 2583 David nel suo ritratto celebre — in una di
224 2566 1084 2630 queste sue dimore romane che conservano
216 2603 1085 2676 ancora come un riflesso sbiadito della sua
226 2667 796 2749 grazia e della sua bellezza.
717 2700 1056 2781 Diego Angeli.
223 2833 849 2971 POLTIMS
317 2964 1102 3088 SCHNITZLER
264 3078 1103 3163 Viennese fin nel midollo delle ossa, Arthur
232 3140 1100 3207 Schnitzler, era noto, fino a pochi anni fa,
232 3186 1099 3261 in Italia, soltanto per certe novellette dia¬
235 3244 1104 3321 logate, tradotte con gusto, e commentate
230 3284 1109 3363 con intelligenza, dal nostro compianto Ce¬
232 3358 464 3425 sare Levi.
275 3370 1118 3456 In realtà, erano state appunto quelle
243 3436 1105 3516 novelle, raccolte in Anatol, Märchen e
246 3484 1113 3556 Liebelei, nell'ultimo decennio del secolo
244 3540 1116 3604 scorso, a dare la prima fama al giovine
242 3589 1120 3671 medico della capitale austriaca, e a fargli
254 3623 1120 3715 subito attribuire quella caratteristica di
251 3676 1130 3756 aletizia sentimentale), che essendo propria,
250 3731 1125 3819 per comune consenso, della vita mondana
254 3783 1121 3855 viennese, dell’operetta viennese, dei valzer
255 3827 1124 3895 viennesi, e insomma di tutto ció che, almeno
258 3880 1128 3953 sino allo scoppio della Guerra, era consi¬
259 3917 1117 3998 derato squisitamente viennese, lo fece sü¬
259 3968 1131 4055 bito passare come l’ interprete piu f.dele
266 4025 860 4092 e geniale dell'anima viennese.
1082 424 1934 497 sai bene, da C. Bareggio. M. Benzi e B.
1071 481 1940 554 Giachetti-Sorteni, e, gli ultimi due, intro¬
1073 542 1942 586 dotti con fine acume e sensibilità, da Anto¬
1073 580 1722 653 nio Baldini e Sibilla Aleramo.
1119 686 1942 751 II ritorno di Casanova & una lunga novella,
1084 737 1953 817 intesa a presentarci la figura del samosis¬
1081 772 1951 855 simo avventuriere e seduttore, alla vigilia
1080 835 1953 913 del suo ritorno a Venezia, dopo tanti anni
1095 883 1955 966 dalla sua romanzesca e stupefacente fuga
1098 948 1344 1007 dai Piombi.
1135 975 1956 1056 Ritorno triste e umiliante, per piü versi:
1091 1024 1959 1103 ché se il Consiglio dei Dieci gli perdonava
1087 1092 1964 1153 il passato e lo rimetteva nell’adorata città,
1088 1135 1968 1196 gl’ imponeva come condizione di diventare
1107 1178 1974 1254 spia e delatore di quegli spiriti ribelli, coi
1102 1234 1964 1305 quali egli non poteva non essere intima¬
1107 1280 1967 1347 mamente d’accordo; e, d’altra parte, la sua
1101 1329 1971 1392 celebrità equivoca s’era già sbiadita presso
1096 1374 1978 1449 la nuova generazione; e, quel ch’é peg¬
1103 1418 1982 1502 gio, egli stesso cominciava ad avere un
1113 1481 1968 1543 senso acuto e doloroso della propria irre¬
1113 1533 1630 1598 parabile decadenza fisica.
1159 1564 1981 1638 Tramonto della giovinezza, impossibilità
1108 1620 1980 1691 d’essere amato dalle donne giovani e belle..
1111 1667 1975 1740 In fondo, é questo il dramma, che Schnitzler
1112 1722 1978 1787 ha specialmente voluto analizzare e rappre¬
1122 1768 1983 1837 sentare nella figura di Casanova: don Gio¬
1112 1825 1986 1888 vanni redivivo, negl’ impeti deila passione e
1116 1877 1974 1928 nel cinismo delle infedeltà; don Giovanni set¬
1112 1915 1985 1987 tecentesco, deluso ma non stanco, diabolico
1116 1981 1980 2033 ma non privo di qualche fuggevole rimorso.
1123 2016 1994 2083 E c’èriuscito egregiamente, inquadrando
1119 2073 1991 2132 in un ambiente storico esatto un'azione,
1123 2120 1989 2174 ch’é bensi immaginaria, ma del tutto ve¬
1128 2174 1996 2231 rosimile, e conveniente a quel che sap¬
1130 2223 2001 2289 piamo di quel ritorno a Venezia, e ció, che
1119 2259 1999 2325 pid importa, alla psicologia di Casanova,
1133 2317 2001 2377 quale risulta dalle sue sorprendenti me¬
1136 2381 1283 2432 morie.
1171 2398 1997 2466 In verità, Schnitzler ci ha dipinto, sullo
1132 2466 2000 2523 sfondo della decadente Venezia, un Casa¬
1140 2516 2003 2571 nova odioso, e neilo stesso tempo umano.
1133 2553 2007 2614 Odioso, quando nen degna memmeno d’un
1144 2602 2004 2673 sorriso di riconoscenza luntica amante,
1148 2643 2003 2712 ormai non piu giovane’ ma rimasta fedele
1134 2695 2005 2779 al ricordo di lui, come all'unica ragione
1142 2757 2005 2809 della sua esistenza; peggio che odioso,
1143 2804 2015 2872 quando, per un cieco furore d’umiliazione,
1144 2855 2011 2923 approfitta bestialmente della precoce sen¬
1152 2895 2007 2973 sualità di una bambina di colei; o quando,
1148 2948 2015 3011 non potendo altrimenti conquistare una
1152 3001 2015 3063 bellissima e intelligentissima studentessa, si
1152 3055 2016 3108 vale di certe straordinarie circostanze, per
1156 3101 2021 3163 sostituirsi al giovine amante di lei in un
1150 3164 2017 3208 convegno notturno. Umano, nel suo tor¬
1154 3201 2018 3254 mento di seduttore respinto, nella sua rab¬
1149 3241 2015 3311 bia d’ impotenza, nella sua angoscia di
1172 3307 2021 3358 amante, che, riconosciuto all'alba dopo
1163 3345 2029 3402 quella notte d’amore ottenuta con atroce
1158 3393 2017 3457 inganno, provoca nella fanciulla un visi¬
1157 3435 2029 3511 bile orrore, fisico, piü che morale; infine,
1159 3492 2025 3554 nel suo &crescendo, di esaltazione e di¬
1161 3556 1401 3617 sperazione.
1195 3585 2024 3658 Anche La signorina Elsa, come #t-ritorno
1161 3650 2028 3701 di Casanova, é una lunga novella: solo che,
1167 3688 2031 3758 qui, con procedimento analogo a quello
1171 3734 2027 3814 già adoperato con tanto successo, dallo
1171 3782 2029 3856 stesso scrittore, in Leutnanf Gustl, uomini e
1177 3837 2034 3902 cose sono presentati mediante un unico
1165 3888 2041 3944 monologo ossia mediante l’annotazione di
1172 3935 2044 4005 tutte le idee, impressioni, visioni, suoni ed
1183 3986 2045 4046 immagini, che passano per la mente e i
2177 298 2637 382 IL MARZOCCO
1991 406 2859 481 pietosissima, Elsa, che meriterebbe soltanto
1989 458 2853 523 amore e gioia, essendo nata soltanto per
1991 498 2857 566 questo, e non ricercando che questo, sebbene
1999 546 2868 616 quasi inconsapevelmente, e tra gli errori,
1996 613 2871 665 le illusioni e le degenerazioni, della nusva
2000 652 2537 723 temperie morale e sociale.
2044 702 2864 766 Due creature, insomma, che rivelano
1993 750 2875 807 l'anima stessa dello scrittore, ormai ses¬
2003 785 2881 857 santenne e assaporante l’amara foglia della
2006 847 2871 914 vecchiaia, ormai consapevole di tante bel¬
2003 889 2879 974 lellezze sciupate, di tante innocenze tradite.
2395 962 2493 1009 *
2046 994 2880 1067 Ho chiamato e lunghe novellen le due
2004 1045 2878 1113 opere precedenti, non tanto per la mole,
2013 1098 2873 1155 quanto per la semplicità dei casi, per la
2013 1140 2885 1209 rapidità degli avvenimenti, svolgentesi nello
2008 1186 2884 1256 spazio di poche ore esoprattutto per l’evi¬
2009 1237 2891 1320 dente intenzione, da parte dello scrittore, di
2017 1291 2886 1373 dipingere due ritratti, con tutte le loro
2027 1346 2892 1408 sfumature esteriori ed interiori, anziché nar¬
2023 1390 2881 1462 rarci dei fatti, per se stessi interessanti.
2062 1432 2888 1504 Un gritrattos é anche Teresa; ma, cosi
2018 1481 2887 1559 brulicante d’aneddoti e particolari, cosi di¬
2027 1547 2887 1597 steso nel tempo e nello spazio, cosi ricco
2022 1579 2900 1645 di sfondi e di ambienti, cangianti quasi
2027 1636 2894 1711 ad ogni capitoletto, cosi popolato di per¬
2030 1674 2895 1750 sonaggi secondari, utili a fare quasi da co¬
2027 1731 2891 1808 ro, che non si pud negargli l’ importanza e
2021 1776 2868 1866 il valore d’un veg# ###proprio romanzo.
2078 1833 2900 1897 Romanzo, tuttavia, e biograficon, o, come
2020 1874 2901 1935 l'autore stesso lo definisce, nel sottotitolo,
2038 1918 2910 1999 Ccronaca d’una vita di donnan, la cui unità
2037 1962 2903 2035 é determinata dalla protagonista, in quanto
2044 2028 2900 2092 nessun avvenimento é narrato, che non la
2042 2059 2903 2141 riguardi direttamente, nessun personaggie
2037 2119 2910 2188 é introdotto, che non abbia qualche rapporte
2037 2170 2908 2250 con lei. E perö, per adoperare la vecchia no¬
2036 2218 2901 2292 menclatura, che allo Schnitzler conviene be¬
2036 2266 2904 2336 nissimo, romanzo sociale; prezioso, fra l’al¬
2039 2315 2904 2391 tro, a documentare le condizioni economi¬
2057 2362 2901 2435 che, morali e intellettuali della classe
2043 2409 2909 2482 borghese austriaca, particolarmente vien¬
2039 2474 2558 2537 nese, negli ultimi tempi.
2089 2509 2913 2597 Come si vede, il téma e il metodo sono
2045 2553 2920 2631 tutt'altro che original:: basta ricordare
2052 2603 2915 2693 Germinie Lacerteut dei Goncourt, 0 Une vie
2054 2652 2915 2748 di Maupassant, per convincersi che Scimitz¬
2060 2694 2925 2789 ler vecchio é ancöra, e piü che mai, fedele
2063 2761 2913 2828 alla scuola naturalista francese, se auche,
2061 2802 2923 2891 da quel bron medico, oltre che da quel
2059 2857 2924 2925 buon scrittore, ch’egli é, abbia accolte,
2056 2902 2932 2980 senza per altro esagerare, certe conquiste
2065 2965 2928 3037 psicanalitiche. Originale & tuttavia la crea¬
2064 3002 2921 3083 zione di Teresa: fanciulla ci buona famiglia,
2060 3047 2931 3146 nata per essere una brava moglie e un'ot¬
2067 3099 2927 3179 tima madre, dotata d’un cuore affettuoso e
2059 3147 2933 3244 generoso, e tuttavia trascinata dalle circo¬
2067 3202 2935 3291 stanze e dall’egoismo maschile a cadere
2072 3244 2938 3336 sempre piü in basso, finché, proprio quando
2065 3293 2927 3374 potrebbe redimersi, e conquistare l’equili¬
2069 3346 2925 3419 brio e la pace con un uomo, non pid gio¬
2070 3386 2926 3475 vine, ma intelligente ed onesto, é quasi
2072 3457 2918 3528 strangolata dal figlio, che, nato male, peg¬
2071 3495 2937 3581 gio educato, divenuto precocissimo manu¬
2076 3545 2933 3631 tengolo e ladro, l’aveva formentata e per¬
2075 3592 2935 3673 seguitata con sontinue minacce ed estor¬
2079 3637 2942 3723 sioni. Specialmente originale mi sembra quel
2073 3688 2933 3774 rimorso, da cui Teresa é dominata, nei ri¬
2072 3742 2941 3812 guardi del figlio per aver avuto, nella terri¬
2074 3798 2929 3856 bile notte del parto, sia pure per un at¬
2087 3835 2945 3916 timo, il pensiero d’ucciderlo; rimorso, che
2076 3899 2948 3963 le fa considerare tutte le disgrazie capita¬
2086 3934 2951 4003 tele come una giusta espiazione di quel
2083 3983 2954 4054 delitto intenzionale, equando sta per morire
2912 384 3300 451 strumenti d’ottich
2912 432 3294 492 che poteva emetter
2911 471 3299 531 mi mostró inoltre u
2912 514 3288 568 chiamata una Calt
2919 550 3292 604 sorprendente di att
2906 591 3291 648 gando un ago soprt
2920 632 3295 684 dolo poi ad una p
2921 668 3298 725 galleggiare nell’ach
2925 708 3288 757 verso la stella po
2915 750 3294 799 notte oscurissima,
2910 783 3290 843 bili né luna né ste
2917 824 3291 881 con l'aiuto di que
2926 867 3286 919 sicurezza la sua
2922 903 3287 961 che appare tanto
2917 939 3290 1001 giano per mare, d
2921 982 3291 1031 ad altri tempi, pe
2923 1020 3297 1076 adoperarla per pa
2919 1066 3288 1116 spetto di essere un
2946 1098 3288 1157 i marinai uscire it
2932 1137 3290 1194 zione, se prendess
2924 1173 3290 1226 che porta tanta 3
2933 1211 3293 1274 costrutto sotto 1“
2927 1259 3299 1308 rito maligno v. Qu
2928 1290 3299 1352 gnato da un teste
2941 1332 3297 1388 sito ha rintracciat
2931 1372 3288 1429 cese del a Tesoro
2935 1409 3291 1468 gono poche altre
2942 1448 3293 1504 questa & Lettera v.
2943 1486 3299 1535 vamente ser Brun
2940 1532 3290 1584 il passo francese
2993 1566 3290 1622 preso quasi par
2947 1574 2988 1621 6
2942 1606 3291 1660 satirico intitolate
2947 1644 3299 1698 de Provins del s
2935 1686 3298 1743 stampato per inte
2948 1724 3299 1777 sei anni dopo la
2951 1761 3299 1816 zione bruncttiana
2937 1801 3295 1854 la calamitae la
2956 1841 3298 1900 stampa da due se.
2950 1876 3300 1936 aveva hessun bis
2950 1917 3286 1977 per conoscerli. P
2949 1960 3299 2020 zione é interessar
2966 1998 3291 2052 „Lettera,, dove
2955 2037 3294 2092 credere che vque
2960 2073 3300 2128 da un antico C
2945 2109 3290 2175 quasi contempor
3003 2155 3288 2208 posseduto da
2965 2167 2997 2205 e
2946 2183 3299 2247 pid, egli si lag
2959 2235 3290 2283 trate per avere
2951 2269 3286 2324 la Biblioteca de
2953 2308 3294 2364 sapere di essere
2956 2348 3289 2405 delle lettere v. S
2954 2384 3299 2443 gazines del dice
2964 2428 3287 2485 guente dichiaraz
2976 2464 3294 2522 della rivista
2963 2501 3299 2562 quale abbiamo
2957 2548 3299 2597 relative a Brun
2967 2582 3289 2637 versi numeri del
2961 2628 3283 2678 bene, ma non
2971 2662 3287 2720 scherato, di con
2955 2702 3287 2760 nando,e che ne
2968 2740 3299 2793 netto voleva sol
2972 2782 3293 2835 letteratura e de
2972 2818 3290 2876 in quel periode
2964 2860 3286 2915 charsis francese
2965 2898 3299 2959 imposture di qus
2969 2937 3300 2992 necessario doma
2978 2975 3290 3031 tori di averli in
2973 3016 3291 3067 Oramai, dunquf
2969 3054 3287 3113 Brunetto Latini
2982 3095 3288 3169 nelle storie del
3023 3137 3293 3189 * Esplorazio
2973 3172 3291 3229 Scrive Diego Ca
2972 3211 3291 3269 gno 1030) che
2975 3251 3288 3309 rico geografico,
2985 3286 3300 3345 tato dal Tauro,
2979 3328 3293 3390 penisola del Si
2984 3368 3299 3425 e di competizio
2983 3409 3293 3463 ferto fino dalla
2984 3444 3299 3497 vasta materia
2979 3490 3284 3541 qualche parte
2982 3527 3295 3577 sultati ormai n
2982 3565 3287 3622 dagini si sonor
3009 3603 3295 3662 tegica che da
2982 3639 3292 3695 frontiera dell'
2980 3681 3300 3739 questa via ne #
2995 3719 3288 3776 che ha sfidato
2990 3764 3292 3813 metri e mezzo,
2998 3799 3299 3858 tuita da sei st
3039 3836 3295 3892 di solidissin
2991 3878 3291 3932 alla superficie
3005 3919 3285 3974 gono perfino
3009 3956 3288 4007 venti e la larg
3014 3993 3287 4045 Duesto lastricc
