3296 4320
142 198 738 306 2. Cuttings
1846 114 2387 191 ——
892 195 1335 284 box 38/4
1273 1230 2011 1329 Ein Wiener Brief.
1457 1309 1842 1389 Von Otto Siveffl.
968 1473 2438 1529 Man spricht jetzt allgemein und mit großem Enthusiasmus von etwas sehr
855 1526 2435 1581 abstractem, von einer sogenannten Wiener Cultur, beruft sich dabei wie üblich auf
854 1576 2442 1623 die Verse der Dichter, auf die Bauten der neuen und der alten Stadt, auf die
851 1620 2443 1669 Grazie der Mädchen, auf den Walzer und auf die ganze Geberde und Art des
858 1661 2442 1721 Lebens. Von einer österreichischen Cultur aber wagt schon niemand zu reden.
856 1709 2438 1761 So stünde also diese eine glückliche Stadt in einem Umkreis von Barbaren. Aber
864 1738 2442 1795 die Salzburger oder Prager, oder die Grazer mögen sich trösten. Es wird gut
861 1790 2443 1848 sein, ein bischen nachzudenken über diese Spielerei der Litteraten. Man sollte doch
850 1841 2444 1899 die Puppe öffnen, ich fürchte Sägespäne werden herausfallen und der volle Körper
858 1880 2442 1950 wird grausam einschrumpfen. Es ist nämlich sehr schmeichelhaft und förderlich,
859 1924 1969 1979 wenn man der Stadt, in der man lebt, Cultur nachsagt.
985 1961 2444 2027 Die Verse der Dichter, die Bauten der Stadt, die Schönheit ihrer barocken
861 2018 2445 2070 Straßenzüge und das coquette Grüßen einer freundlichen Natur in jeden Winkel
861 2055 2445 2123 Wiens, alle diese schönen und lieblichen Dinge sind doch kein Beweis von Cultur.
865 2113 2443 2159 Freilich liegt in manchen von ihnen eine Seele, die man vielleicht so nennen kann,
860 2148 2449 2209 aber man kann da höchstens von seltsamen Culturfragmenten sprechen. So dieser
863 2195 2435 2247 wunderbare Donnerbrunnen inmitten eines barbarisch stillosen Platzes eine Barock¬
858 2248 2446 2305 zier mit wienerischen Nymphen in ihrer herrlichen Costumelosigkeit, die sich in un¬
857 2282 2435 2342 gezwungen lässigen Geberden auf den Rand des Brunnens hinschmiegen. Oder
854 2333 2440 2386 die brette Kuppel der Karlskirche, die aus dem Grün von Ufergärten lacht. Oder
852 2371 2440 2428 die Feierlichkeit des Stephansthurmes; oder der hohe, graue Ernst dieser, die Lust¬
860 2411 2446 2467 barkeit jener Plätze; die gewisse, nachlässige Cultur der Aristokraten, oder die Reste
856 2455 2447 2515 der theresianischen Zeit, oder ein paar flatternde Erinnerungen an den Wiener
858 2522 2450 2560 Congreß in Möbeln oder Frauenkleidern, oder in ein paar Scenen von Raimund.
865 2552 2447 2606 Das alles aber sind eben nur Fragmente, nirgends ist ein Ganzes; Tradition und
866 2596 2452 2656 Jugend vereinigen sich nicht, es ist kein starkes, geschlossenes Gewebe, in welchem
856 2644 2213 2712 der junge Einschlag sich zierlich und dicht zu dem alten Glanze fügte.
977 2667 2441 2739 Das bunteste und mannigfachste verträgt sich brüderlich, Wien ist kein ge¬
866 2723 2448 2777 schlossenes, ehrwürdiges Stadtgebilde mit barockem Stil, oder in irgend einer
870 2768 2442 2823 Stileinheit, sondern umfaßt alle Züge der Kunst, die auf ihrem Weg hierher kam
864 2820 2454 2870 aber nicht rastete. Was man zugeben kann, und was gerade aus dieser reizenden
868 2874 2450 2921 Buntheit bewiesen wird ist ein günstiger Culturboden. Aber gerade ein solcher
865 2907 2441 2964 aufnahmsfähiger, gieriger zeigt, daß er noch nicht tief mit Saaten beschwert war.
868 2946 2445 3008 Und es ist noch gar nicht solange her, daß Wien sich in seinen Künstlern entdeckte,
864 2999 2446 3048 höchstens seit dem Wiener Congreß, der eine seltsame Blütenfülle erzeugte: die
861 3048 2449 3092 Größe Grillparzers, die satirische Wucht Nestroys, die Schönheit der Schubertschen
866 3082 2453 3145 Musik und die paar wienerischen Bilder und Miniaturen von Gauermann, Daffinger,
870 3125 2456 3182 Danhauser, und der glückliche Zufall, daß jetzt gleichzeitig aus diesem Boden wieder
859 3181 2453 3236 ein paar starke Talente gewachsen sind. Aber das ganze Volk müßte uns aus seinem
861 3216 2463 3262 Leben, aus dem Rhythmus seiner Gesinnungen und Thaten, aus dem Verlauf der
868 3283 2454 3328 gewöhnlichsten Begebenheiten, aus seinen Helden, Rednern, Staatsmännern, wie
868 3306 2099 3359 aus seinen gewöhnlichsten Straßenfiguren seine Cultur erweisen.
981 3335 2449 3409 Vielleicht darf man eine gewisse, sinnliche Cultur der Wiener zugeben, die
870 3389 2463 3482 sich im Schwung ihrer Musik ausdrückt, sie sind aber auch durch ihre behagliche
2245 3950 2515 4051 W
2605 4082 2666 4155 —
2919 3854 3011 3946 00
