3344 4320
206 89 1333 148 Klaupassant und Schnihter.
504 136 1379 234 Von Birtor Klemperer. (Nachdruck verboten.)
275 254 1390 328 ie Größe eines Erstlingswerkes nicht wieder zu erreichen,
147 286 1397 383 ) ist wohl schlimm. Ein traurigeres Schicksal vielleicht,
159 340 1391 400 i## und dabei sicher ein häufigeres, scheint aber dies zu
159 383 1402 452 sein: mit reiferen Schöpfungen sehr wohl über das Erstlings¬
152 408 1391 485 werk hinauszuwachsen und dennoch im Munde der Welt
158 470 1390 531 immer als Dichter eben jenes Erstlings genannt zu werden.
942 515 1142 591 EREE
159 570 1403 638 So hat Otto Roquette ein langes Leben in tüchtiger Männlich¬
158 625 1405 693 keit gewirkt und ist doch der Jünglingsdichter von „Wald¬
156 663 1407 727 meisters Brautfahrt“ geblieben; und so ist haute wenn nicht
156 703 1404 759 für alle, so doch für reichlich viele, der Dichter des „Einsamen
163 744 1404 810 Weges“ und des „Schleiers der Beatrice“ immer noch der
160 803 1412 851 Dichter des „Anatol“ und allenfalls der „Liebelei“. Und wenn
154 844 1406 894 diese vielen über die bloßen Büchtitel hinausgreifen wollen,
167 873 1411 943 so nennen sie Artur Schnitzler den „Dichter des süßen Mädls“,
162 912 1412 975 und wenn sie ihn besonders ehren wollen, geben sie ihm den
151 952 1413 1014 Namen eines „österreichischen Maupassant“, wobei das tertium
155 998 1413 1055 comparationis offenbar in der geschmeidigen und durchaus
159 1036 1411 1106 künstlerischen Behandlung erotischer Themen besteht. Nun
162 1084 1415 1145 birgt ja jedes Schlagwort irgendwo eine Ungerechtigkeit, und
162 1113 1412 1193 jeder Vergleich hat eine lahme Stelle. Aber freilich: ein
157 1169 1407 1230 völligeres Totschlagwort und einen unpassenderen Vergleich
159 1222 1403 1287 als die angeführten wüßte ich nicht zu nennen. Die anein¬
158 1249 1420 1325 andergefügten Skizzenbilder der beiden Autoren mögen das
167 1310 412 1378 beleuchten.
217 1319 1415 1389 Guy de Maupassant, der unglückliche Mensch, der früh dem
658 1378 736 1419 3II1
161 1375 1414 1440 entsetzlichsten Leiden versaut und nach langer geistiger Um¬
156 1434 1411 1480 nachtung kaum dreiundvierzig Jahre alt stirbt, zählt als
162 1456 1403 1516 Schriftsteller zu den allerglücklichsten. Von zwanzig bis dreißig
166 1503 1412 1565 darf er sammeln und reifen, zu aller Jugendfreude gesellt sich
162 1547 1415 1606 der Umgang mit bedeutenden Menschen wie Flaubert und
166 1585 1415 1651 Zola, und die später so oft eintretenden melancholischen Stim¬
166 1628 1413 1692 mungen sind noch selten, weil die harmlos einsetzende Krank¬
166 1672 1417 1729 heit ihr Zerstörungswerk vorderhand im Verborgenen voll¬
155 1707 1425 1773 bringt. Dann, 1880, ist er mit einem Schlage berühmt; die
161 1754 1411 1808 unerhört sinnlichen Gedichte und „Boule de suif“ sind er¬
163 1790 1399 1867 schienen. Und nun folgt jene ungeheuer reiche Tätigkeit auf
161 1833 1416 1890 dem Gebiet der Prosaerzählung, die überhaupt nur verständlich
165 1878 1404 1940 wird, wenn man das voraufgehende Jahrzehnt als das des
161 1919 1421 1974 Schätzesammelns betrachtet. Die Novelletten und Skizzen des
162 1974 1412 2030 Dichters sprudeln förmlich hervor; das Bauern= und See¬
165 2000 1448 2060 mannsleben der heimatlichen Normandie. die Pariser Salons —
157 2050 1415 2117 und Straßen, der Siebziger Krieg, Psychiatrisches, das er am
156 2079 1412 2156 eigenen Leibe erfährt oder, derart geschult, aus Freundes= und
165 2125 1428 2192 Zeitungsberichten schöpft, sind seine Stoffe. Dann, am Neu¬
174 2162 1427 2248 jahrstage 92, nachdem es schon vorher an zeitweiligen Stö¬
172 2212 1421 2273 rungen nicht gefehlt hat, endet Maupassants bewußtes Dasein.
164 2253 1429 2321 Das Glück des Schriftstellers aber mehrt sich von Jahr zu
176 2297 1429 2369 Jahr. Aus dem in Frankreich Berühmten wird ein Welt¬
173 2355 1426 2406 berühmter, aus dem bedeutenden Künstler ein unantastbarer
169 2383 1422 2461 Meister. Wer Maupassants große Begabung bei aller Be¬
173 2425 1430 2493 wunderung doch nur als eine begrenzte ansieht, der ist ein
169 2478 1428 2533 über die häufige Erotik der Themen empörter Dunkelmann.
176 2528 1424 2574 Ein gar nicht übermäßig radikaler Deutscher, Paul Mahn, hat,
176 2550 1429 2617 auf manche Vorarbeiten gestützt, in seiner umfangreichen, un¬
175 2592 1432 2651 gemein sorgfältigen und tüchtigen, nur eben überschwäng¬
181 2626 1427 2702 lichen Maupassantbiographie diese grenzenlose Verehrung des
179 2676 1425 2743 Novellisten zum erschöpfenden Ausdruck gebracht, er hat ihn
175 2711 1423 2787 zu den Dauernden, den Unsterblichen gerechnet, „mit denen
179 2768 1149 2823 das große, glühende Herz der Menschheit geht“.
233 2791 1435 2862 Und doch ist eine Grenze der Maupassantschen Begabung
179 2853 1420 2909 scharf erkennbar, eine Grenze, innerhalb deren wohl für Be¬
176 2886 1422 2947 wunderungs=, nicht aber für so Anbetungswürdiges Raum ist.
185 2927 1424 2998 Maupassant erzählt einmal von sich: „Ich bin groß geworden
173 2968 1430 3051 am Strand des Meeres, des grauen, kalten Meeres des
181 3009 1429 3075 Nordens, in einer kleinen Fischerstadt. Sie war immer heim¬
180 3057 1431 3131 gesucht vom Wind, vom Regen und den Wellenspritzern. Sie
189 3097 1426 3161 war immer erfüllt vom Fischgeruch, sowohl vom frischen, auf
177 3139 1428 3205 die Dämme hingeworfenen Fisch, dessen Schuppen auf dem
191 3189 1432 3251 Straßenpflaster leuchteten, als auch vom gesalzenen, in Fässer
188 3241 1441 3287 eingelegten Fisch oder vom gedörrten Fisch . .. gedörrt in den
193 3275 1429 3328 braunen, von Ziegelschornsteinen überragten Häufern, deren
183 3312 1429 3374 Rauch weithin über das Land die starken Düfte des Herings
180 3360 1437 3416 trug.“ Aus diesem Satz könnte man Maupassants ganzes
194 3398 1439 3455 Wesen erklären. Denn die Schilderung ist so charakteristisch
188 3450 1431 3498 für die ungemeine Sinnenschärfe, die er den Dingen entgegen¬
189 3482 1426 3532 bringt, für die Bemühung, mit der er der Sprache den ana¬
183 3528 1443 3577 logen Ausdruck, die feinste Unterscheidung abzwingt. Er mag
190 3554 1427 3620 Land oder See, ein Katzenfell oder einen Frauenleib be¬
191 3607 1430 3677 sehreiben, so wird nicht nur der Eindruck des Auges über¬
190 3637 1444 3704 mittelt, auch was das Ohr, die Hand, die Nase empfindet, ist
182 3683 1445 3741 Ssprache geworden. Das ist Maupassants große und immer
186 3726 1439 3801 wieder bewundernswerté Kunst — — aber es ist auch seine
186 3780 1438 3840 größte. Ich meine, er ist der vortrefflichste Erzähler, der
182 3809 1433 3867 glänzendste Stilist, der allerschärfste Beobachter physischer und
198 3849 1437 3916 soozusagen nervlicher Zustände und Vorgänge. Aber Seelisches,
192 3896 1442 3957 steelische Aufwärtsentwickelungen wird man bei ihm nicht
197 3951 1442 4001 fiinden. Man prüfe doch daraufhin Maupassants Dar¬
195 3979 1436 4046 stiellungen der Liebe und seine Frauenporträts. Liebe ist ihm
197 4033 1447 4081 fast immer nur das sexuelle Moment, und wie ihm das
207 4060 1447 4138 Stexuelle an sich gar so wesentlich ist, so sieht er in der Frau
1458 488 2692 561 (mit wenigsten Ausnahmen) die Begehrte oder Begehrende,
2699 483 3323 572 zu verspüren. Auch der Auto¬
1461 550 2702 598 die rätselhaft Triebbewegte, die launisch und unberechenbar
2699 542 3307 595 ganz anders als Maupassan
1462 582 3317 640 Gewährende und Versagende. Er ist unerhört reich in der manchmal recht bitter. Ma
2694 624 3325 694 zu einseitig auf die ironische
1463 622 2670 681 Schilderung von physiologischen Verschiedenheiten der Frau —
2702 669 3304 726 lauscht, hat sein Urteil zu
1457 670 2684 729 aber es ist eben immer Physiologie, was er bietet. Hier hat selbst
2702 696 3318 775 Satyrspiele „Abschiedssouper
1461 715 2690 761 Paul Mahn eine schöne Einwendung gegen Maupassant er¬
2702 745 3329 812 siert. Und doch ist schon r
1473 757 2696 803 hoben: „Man findet in seinem Werke keine Gestalt, welche die
2698 791 3265 865 Erstlingswerk angehäuft.
1472 800 2635 844 letzte Tiefe und Bedeutung des Geschlechtes ausschöpfte.
2703 829 3295 906 dem Lebenssehnen seines
1466 838 2697 888 Nirgends begegnet bei ihm der Typ, dem man auf Tod und
2713 863 3303 928 mit all der Grübelei, all
1460 876 2701 934 Leben verbunden ist oder gar nicht, dem gegenüber das
2713 924 3322 983 des eigenen Selbst und seiner
1460 924 2692 978 bißchen Sinnlichkeit zur Bagatelle wird, dem gegenüber
2705 960 3316 1020 selber drücken. Anatol ist ein
1467 966 2701 1018 es soviel wichtigere Dinge des Verstehens und Empfindens
2705 999 3322 1052 der eigentlich bei den einzelnen
1700 1011 2698 1073 Aber diese Bemerkungen, die so ganz den Kern
1459 1006 1578 1062 gibt
2696 1038 3332 1095 zu beglücken vermögen, kleine
1466 1051 2695 1101 der Sache treffen, werden paralysiert durch anfechtbarste Lob¬
2700 1085 3329 1143 Trauerspiele sind nur ins Tra¬
1462 1088 2687 1148 sprüche, und in solchen Hymnen ist der Biograph nicht
2703 1126 3321 1184 junge Schnitzler noch nicht den
1465 1132 2700 1180 originell, sondern nur der Mund der Vielen. Einen beson¬
2714 1167 3329 1222 und deshalb in eine Art rom
1462 1174 2689 1227 deren Ruhm hat sich der glückliche Novellist erworben
2708 1212 3321 1267 er dem Schwärmer Anatol d
1465 1221 2695 1269 und nach deutschem Wortgebrauch den Namen eines
2707 1246 3322 1307 Mar beigesellt, sodann auch,
1466 1248 2705 1323 Dichters eigentlich erst so recht verdient durch die tragischen
2715 1297 3325 1354 Wesens, das Weiche, Verschle
1466 1303 2688 1358 Novellen, die von der Zerrüttung des Geistes handeln. Hier
2715 1339 3318 1392 in den Vordergrund drängt.
1460 1343 2691 1398 hat man ja auch, und dazu in der äußersten Verfeinerung, die
2764 1369 3325 1429 Und schon zwei Jahre nach
1453 1387 2701 1442 Maupassantsche Beobachtungs= und Darstellungskunst; und
2706 1414 3328 1476 evident, daß Schnitzler mehr zu
1459 1429 2700 1480 weiter hat man hier, glaubt man hier aus dem Stoffe selber
2702 1459 3324 1525 kunst des Franzosen und die
1455 1462 2707 1519 heraus jenes Seelische zu haben, das der Deutsche nun einmal
2707 1508 3326 1563 Im „Sterben“ findet er zun
1464 1508 2701 1561 in der Dichtung zu finden liebt. Doch man betrachte
2709 1530 3326 1614 das Todesmotiv. Einer w
1456 1537 2707 1598 unbefangen den „Horla. Der Horla ist das Wahngebilde
2708 1578 3318 1640 der sicheren Nähe des Todes.
1465 1592 2699 1644 eines Geisteskranken, sein unkörperliches und doch seiendes,
2716 1621 3336 1687 und Größe des Schnitzlerschen
1471 1628 2705 1685 selbständig handelndes, ja herrschendes zweites Ich. Der
2706 1672 3314 1730 Arzt und sieht viele Menschen
1470 1671 2697 1729 Horla kniet in der Nacht auf der Brust des Leidenden, „Er“
2703 1704 3313 1776 Nachher — denn weder Glaul
1458 1723 2699 1769 zwingt ihn in der einsamen Villa zu bleiben, „Er“ trinkt, wäh¬
2714 1741 3319 1815 zuverlässige Auskunft — erfü
1459 1755 2698 1818 rend der andere schläft, die Wasser= und Milchflaschen leer, „Er“
2710 1785 3323 1851 „Warum reden Sie vom Ster
1458 1800 2701 1858 tritt zwischen den Beschauer und das Spiegelglas, so daß kein
2711 1833 3321 1887 Weg, und die Antwort laute
1454 1844 2695 1890 Spiegelbild sichtbar wird. Den Horla zu vernichten, zündet der
2708 1882 3322 1946 Menschen, der in irgend einer
1448 1889 2700 1944 Kranke sein Haus an, nachdem er „ihn“ mit vieler List ein¬
2704 1918 2878 1969 denkt?“
1450 1925 2704 1976 gesperrt hat. Dann fällt ihm ein: Wie kann ein wesenloses
2763 1942 3321 2025 Wer so vom immer gegenn
1442 1962 2706 2020 Geschöpf im Feuer Schaden nehmen? Und so wird denn der
2711 1993 3315 2052 ist, für den gibt es kein heit
1441 2009 2700 2081 Besessene vor dem stärkeren Gegner kapitulieren, wird Hand
2710 2043 3310 2099 Lebens, er muß krampfhaft den
1445 2050 2700 2104 an sich selber legen . . . Das ist die erschütternd meisterhafte
2706 2089 3332 2148 zustreben, dem gänzlichen Ern
1446 2092 2687 2146 Darstellung eines halluzinatorischen Wahnes — aber es ist
2715 2118 3309 2196 Besitzes. Schnitzler tut das u
1453 2127 2698 2197 auch nicht mehr als eben nur dies. Kein ärztlicher Bericht¬
2719 2164 3283 2218 nießen doppelt gehemmt.
1446 2167 2694 2222 erstatter könnte sein Krankheitsprotokoll in so wundervolles
2713 2208 3318 2272 Hemmungen ergibt sich die
1452 2206 2702 2269 Sprachgewand kleiden, es so ergreifend gestalten, aber im
2712 2244 3334 2317 passantsche, sondern schlechthit
1439 2261 2699 2312 letzten Grunde bleibt Maupassants Novelle doch nur ein Krank¬
2714 2294 3340 2341 Reihe tiefer Schöpfungen, der
1451 2301 2692 2349 heitsprotokoll. Wohl macht der Dichter eine Anstrengung,
2714 2331 3336 2395 Schlagworte nicht entfernt gere
1452 2340 2709 2400 über den Krankheitsbericht herauszukommen; aber sie bleibt
1442 2390 2704 2444 vergeblich. Ich meine die eingestreute Klage über die Plump¬
2768 2374 3330 2447 Was den Dichter vom Leb
1450 2429 2698 2477 heit der menschlichen Sinne, den irren Schlußgedanken, der
2710 2422 3332 2480 dies. Der scheinbar sichere Be
1453 2468 2703 2524 Horla könne wohl die nächsthöhere Stufe nach dem Menschen
2712 2466 3322 2518 lebenden Ichs erscheint ihm ga
1444 2512 2701 2560 in der Weltentwickelung bedeuten. Aber worin zeigt sich
2712 2516 3336 2570 Sicheres. Schnitzler, der möd
1452 2558 2700 2603 denn dieses „höhere“ Wesen? Doch nur in ebenso unsinnigen
2714 2552 3319 2618 hat auch an dem zweifeln geler
1439 2589 2699 2648 wie brutalen Daseinsäußerungen, indem es den von ihm Be¬
2716 2593 3324 2650 sicher hinnehmen. So beunruh
1444 2641 2699 2687 sessenen quält und martert, seine Wasserflasche leert, sein
2705 2639 3317 2694 Hypnose, die einen Menschen
1446 2678 2705 2736 Spiegelbild verdrängt. Und wieder ist Mahns Urteil charak¬
2705 2667 3327 2727 lichkeit machen kann. Und no
2706 2717 3331 2787 ein hypnotischer Traum erschein
1444 2717 2711 2781 teristisch für Maupassants Geltung. Es heißt von dieser
1444 2757 2699 2804 Nichts=als=Krankheitserscheinung: So wird dies Wahngebilde
2714 2760 3317 2810 lichen Schlaf. Da werden
2708 2804 3324 2852 Wünsche rege, die dem Wachen
1449 2783 2704 2857 zu einer dichterischen Prophetie. Es steht mit dem einen Bein
1451 2840 2699 2897 in der realistischen Begreifung äußerster Menschenmöglich¬
2711 2852 3321 2906 ist nun wahre Natur, wahres
1452 2884 2698 2932 keiten drin und fußt doch mit dem anderen mitten im er¬
2716 2883 3317 2948 im Wachen oder Träumen? 1
1448 2920 2699 2968 träumten dichterischen Jenseits. Die der Kausalität ent¬
2710 2917 3353 2979 Traum und Wachen, und wel
1446 2982 2701 3028 bundene Gefügigkeit des Wahns muß dem Künstler taugen,
2711 2970 3349 3020 Wirrnis, und welch ein seiner
1455 3016 2692 3069 in hohe und liebe Phantasien aller Menschheit hinaus zu deu¬
2701 3004 3351 3072 fremder Hand ist der einzelne?
1600 3048 2699 3108 Maupassant, der unglückliche Mensch, war ein sehr
2707 3051 3325 3108 an das Psychiatrische, als desse
1455 3055 1582 3114 ten“
1453 3077 2697 3152 glücklicher Schriftsteller. Zu den vielen schönen Gaben, die er
2704 3093 3322 3148 wies. Aber wo Maupassant n
1454 3132 2705 3190 besaß, schenkte ihm die Nachwelt die schönste hinzu; er gilt als
2712 3135 3330 3192 schildert Schnitzler das Leiden d
1454 3184 2695 3242 der Meister im Beobachten und Darstellen des Physischen, sie
2705 3174 3324 3226 die Qual des Menschen, den so
1458 3229 2653 3284 erhöhte ihn zum Seelenkünder, zum Aufwärtsentwickler. ——
2702 3215 3326 3274 Auskosten des ersehnten Genuf
1516 3254 2686 3311 Dem „österreichischen Maupassant“, dessen künstlerische
2699 3269 3319 3315 Unterschied zwischen Schnitzler
1450 3296 2685 3355 Laufbahn im Todesjahr des Franzosen begann, ist es nicht so
2700 3309 3331 3363 wenn man unter dem angegeb
1455 3344 2691 3397 gut geworden — brauchte es vielleicht nicht so gut zu werden,
2702 3347 3326 3405 celsus“ neben den „Horla“ stell
1454 3390 2695 3436 weil der Besitzende keiner Geschenke bedarf. Das Beiwort,
2711 3378 3337 3444 liches — sicherlich zwei Kunstwe
1445 3417 2695 3483 das ihn schmücken soll, erwirbt Arthur Schnitzler sogleich mit
2700 3425 3352 3484 ist in letzter Hinsicht mit dem #
2705 3471 3334 3528 belegen, einem Titel, den der ##
1443 3465 2694 3516 seinem Erstlingswerk, der „Anatol =Suite. Diese Gespräche
1455 3494 2685 3553 enthalten die ganze Grazie des Franzosen, sie spielen aufs an¬
2699 3502 3339 3582 unmoderne, doch wohl nur de
1456 3551 2681 3601 mutigste mit erotischen Themen, sagen alles und bleiben doch
2703 3547 3123 3612 Kunstwerken beilegt.
1447 3587 2693 3646 künstlerisch; auch ihnen eignet vor allem die ganze Schärfe im
2754 3567 3346 3657 Und das zweite, das sich zu
1447 3634 2693 3704 Auffassen und Wiedergeben der Dinge, auch so verschwimmen¬
2708 3632 3311 3690 süchtige und den Genuß des
1462 3672 2694 3723 der wie der Töne und Stimmungen. Und später wird sich
2694 3659 3330 3728 Dichter noch entschiedener von #
1448 3712 2689 3764 noch mancher Anklang an Maupassant bei Schnitzler finden.
2706 3713 3342 3784 zum geringeren Künstler, siche
2708 3756 3342 3817 Schnitzler ist so unfähig zu jed
1455 3759 2692 3822 Die unerhörte Deutlichkeit des Physischen in „Frau Bertha
1457 3797 2692 3849 Garlan“, wo der Arzt, im „Reigen“, wo der hanebüchene
2710 3805 3318 3863 ihm alles naive Empfinden,
1457 3847 2691 3897 Satiriker das Wort führt, erinnert in ihrer vollendet künst¬
2706 3840 3324 3904 und Hassen versagt ist. Ohne
1472 3874 2695 3941 lerischen Durchführung durchaus an den französischen Meister
2706 3882 3318 3941 aber, die sich oft genug als
2700 3925 3347 3976 ruhiger Sicherheit zwischen Frei
1461 3921 2693 3977 dieses Gebietes. Aber blickt man tiefer, so steht doch schon der
2696 3964 3346 4021 recht unterscheidet, ist ein kraf
1459 3969 2684 4035 „Anatol“=Dichter dem Franzosen meilenfern. Hinter Mau¬
2693 4004 3354 4071 denkbar. Doch gerade aus diesem
1454 3998 2686 4069 passants erotischen Novellen ist immer ein behagliches Lächeln
2093 4099 2582 4147 NsuEr
