3344 4320
940 224 1394 322 box 38/4
188 248 792 350 2. Cuttings
671 1052 1351 1202 Kunst und Wissenschaft.
472 1183 1608 1268 (n.) Einer Einladung des Vereins für Kunst und Wissen¬
399 1211 1614 1308 schaft Folge leistend, hielt gestern Frl. Adele Schreiber im
405 1293 1612 1336 Saale des Architektenhauses einen Vortrag über den
392 1323 1608 1404 Wiener Dramatiker Arthur Schnitzler. Schnitzler ist in
385 1376 1601 1438 diesem Jahre mit keinem neuen Werke hervorgetreten, aber die
390 1419 1611 1472 erfolgreiche Wiederaufnahme des „Grünen Kakadus“ im
393 1460 1602 1525 Deutschen Theater und die von Agnes Sorma in das Pro¬
392 1518 1603 1561 gramm ihres Gastspiels im Lessing=Theater aufgenommene
382 1563 1605 1615 „Liebelei“ bringen den begabten Autor dem Berliner Publikum
393 1606 1611 1662 eben jetzt wieder in Erinnerung. Der Vortrag des Frl. Schreiberhatte
392 1639 1618 1708 aber noch andere Vorzügeneben dem, zeitgemäß zu sein. Die junge
390 1690 1609 1753 Schriftstellerin, welche vor einem zahlreichen Publikum sprach,
394 1730 1617 1788 wußte durch eine glückliche Zusammenstellung von charakteri¬
388 1779 1602 1838 sirenden Ausführungen und Proben des Schnitzlerschen Ta¬
390 1815 1611 1876 lentes die Eigenart des Wiener Autors vorzüglich zu beleuchten
382 1856 1598 1917 und im Rahmen einer kaum einstündigen Plauderei ein Ge¬
384 1908 1604 1973 sammtbild seines bisherigen Schaffens zu entrollen. Schnitzler
383 1951 1605 2014 gehört zu den Bühnenschriftstellern, in deren Leben Glück
392 1983 1474 2041 und Mißerfolg sich eigenthümlich durchflechten.
1497 1987 1609 2064 In
397 2025 992 2095 Verhältnissen aufgewachsen,
988 2042 1677 2111 die ihm den Zutritt zur geg
391 2081 1641 2151 Bühne von vornherein zu erleichtern schienen, mußte o.
397 2123 1678 2169 Schnitzler, trotz seiner unstreitigen Befähigung, eine lange har
386 2180 1702 2238 Warte= und Dulderzeit durchmachen. In den Jahren, da faus
365 2204 1603 2277 Hauptmann und Fulda bereits laute Triumphe auf der Bühne
389 2258 1747 2311 feierten, konnte Schnitzler sich glücklich schätzen, daß Dr. Paul #t das
1608 2297 1750 2353 es den
380 2306 1591 2360 Goldmann, damals Herausgeber der literarischen Zeitschrift
386 2353 1568 2403 „An der schönen blauen Donau“, seine ersten „Anatol=Szenen“
313 2383 1598 2463 4d und „Alkandts Lied“ veröffentlichte. Das erste Stück,
369 2432 1760 2496 welches Schnitzle zur Aufführung brachte, „Dao Märchen“,
378 2479 1609 2548 fiel durch. Erft die „Liebelei“ machte seinen Namen?
389 2523 1604 2583 überall bekannt. „Freiwild“ und „Das Vermächtniß“ bewegten
385 2563 1625 2637 sich dann auf einer etwas absteigenden Linie des Erfolges,
383 2610 1591 2683 die auch die letzten drei Einakter Schnitzlers nicht ganz auf
379 2645 1623 2735 die frühere Höhe zu heben vermochten. Das letzte, noch un¬
370 2702 1543 2760 aufgeführte Werk Schnitzlers ist ein Versdrama „Beatrice“.
461 2755 1619 2810 Mit feinem Verständnisse hob es Frl. Schreiber hervor,
369 2797 1601 2856 wie Schnitzler fast in allen seinen Werken einen und denselben
364 2827 1618 2906 Helden feiert: den leichtsinnigen Melancholiker, den geistreichen.
377 2892 1607 2943 Salonmann, blasirt und doch stets auf der Suche nach neuen
369 2917 1592 2977 Abenteuern; wie sich alle seine Schöpfungen um ein
373 2965 1532 3022 und dasselbe Thema drehen: Liebe oder eigentlich —
363 3014 1591 3064 Liebelei; und wie Schnitzler, dank seiner echten
364 3049 1594 3106 Künstlernatur, als Virtuos auf einer Saite dennoch
364 3103 1596 3163 eine überraschende Fülle von Melodieen hervorzuzaubern
371 3140 1586 3200 wisse. Eine gute Illustration der Schnitzlerschen Schaffensart
362 3183 1580 3251 gab die Dialogszene „Der Weihnachtsabend“, welche Fräulein
381 3231 1588 3288 Schreiber vortrug. Sie schildert in spannendem Gespräch den
360 3273 1588 3318 typischen Helden Schnitzlers, der zwischen der Weltdame und
368 3309 1584 3375 dem „süßen Mädel“ hin= und herschwankt. Zum Schlusse
371 3360 1584 3422 lernten wir, dank Fräulein Schreiber, eine neue Seite des
372 3413 1598 3483 Schnitzlerschen Talentes kennen: Anatol als Lyriker. Die
366 3442 1584 3498 drei ungedruckten Gedichte Schnitzlers, welche Fräulein
351 3490 1589 3578 Schreiber zum Vortrag brachte, zeichnen sich durch Form¬
349 3557 1597 3635 vollendung und ungewöhnlichen Wohlklang der Sprache aus.
366 3612 1599 3674 Inhaltlich gemahnen sie durch ihre ungenirte sinnliche Erotik
377 3649 1586 3733 an Gabriel d'Annunzio. Fräulein Schreiber erntete für ihren
369 3704 1078 3781 schönen Vortrag reichlichen Beifall.
2456 1655 2831 1787 ORATIS
2125 1777 2948 1885 „OBSERVER
2220 1860 2919 1936 I. österr. behördl. konzessioniertes
2171 1915 2941 1990 Unternehmen für Zeitungs-Ausschnitte
2240 1966 2869 2046 WIEN, I., WOLLZEILE 11
2326 2032 2789 2089 TELEPHON R-23-0-43
2127 2148 2707 2251 Ausschnitt auserdalan:
2372 2223 2872 2371 pesterllegd, Bodaben
2419 2344 2670 2445 18.N0V.
2106 2378 2257 2449 vom:
2018 2502 3109 2593 Fischer-Almanach pro 1934. Der Berliner Fischeft
1948 2570 3081 2627 Verlag läßt seinen neuen Almanach jetzt erscheinen, den
1944 2609 3086 2679 durch seinen prächtigen Inhall ähnliche Publikationen
1953 2661 3090 2725 weitaus übertrifft. Es genügl, aus der Reihe der Beiträge
1941 2701 3095 2772 einige Namen der Auloren zu erwähnen. Es sind dies u. a.
1941 2751 3095 2802 Gerhart Hauptmann, Thomas Mann, Jakeb Wassermann,
1941 2789 3101 2865 René Schickele, Hermann Hesse und nachgelassene
1941 2836 3017 2915 Schriften von Dehmel,.Sghuitzler und. Hefmannsihal.
