3344 4352
217 219 828 327 2. Cuttings
964 219 1436 316 box 38/4
2581 601 2869 661 Heft 0 u. 10—
945 603 1126 663 Seite 18
1733 591 2057 662 „Die Quelle“
910 707 1896 785 Werken durchschritten; in dem sturm= und drang¬
913 774 1901 829 vollen Erstling „Familie Wawroch“, der
912 826 1891 886 ihm sofort einen geachteten Namen in der litera¬
915 877 1900 947 rischen Offentlichkeit erwarb, in der geistreichen
917 923 1910 977 Komödie „Schmelz, der Nibelunge", in
908 966 1901 1041 dem empfindungsreichen Schauspiel „Neues
910 1019 1821 1075 Leben" („Unserer Kinder Land“),
914 1064 1906 1123 der wuchtigen Tragödie „Vaterland“ (Tirol
2196 1097 2314 1192 *
912 1120 1898 1164 1809), in dem Drama „Pombal“ (aus der
912 1178 1895 1232 portugiesischen Geschichte). Er hat ihn durch¬
915 1231 1901 1279 schritten als ein scharfer Beobachter, als ein kluger
903 1261 1902 1331 Denker, als ein bedeutender Satiriker, als ein
914 1314 1900 1376 warmherziger Dichter; als ein Dichter, dem für
908 1364 1896 1414 die Schilderung des modernen Lebens in allen
907 1408 1899 1488 Schichten und Ständen eine Fülle von eigen¬
905 1472 1903 1525 artigen und wirksamen Anschauungsmitteln zu
916 1506 1908 1563 Gebote steht und der vor allem der theatralischen
903 1564 1902 1624 und dramatischen Wirkungen Herr ist. Nur
910 1609 1902 1671 „Familie Wawroch" und „Schmelz der
910 1664 1902 1726 Nibelunge" sind bisher aufgeführt worden.
906 1710 1909 1773 Wenn das Burgtheater sein „Neues Leben",
919 1758 1904 1826 das Volkstheater sein „Vaterland“ zur Auf¬
918 1800 1895 1881 führung gebracht haben wird, dann wird jeder¬
918 1858 1937 1920 mann wissen, daß, wo Schnitzler und Schönherr
916 1903 1935 1983 genannt werden, auch Ferdinand Bronner ge¬
918 1957 1361 2028 priesen werden muß.
2157 1961 2732 2055 Dr. Ferdinand Bronner, Wien.
2280 2047 2544 2129 Spruch.
987 2053 1830 2142 Der Tiadlsinger und der Aff.
2185 2106 2628 2176 Von Alfred Pollak, Baden.
1155 2121 1668 2183 Don Hans Franngruber, Wien.
1954 2158 2834 2226 Den Freund glaubt ihr an Worten zu erkennen?
1039 2167 1607 2233 In unsa Dörfl kimt a Mann,!)
1948 2206 2751 2265 Verzeiht, darob muß ich euch töricht nennen.
1028 2217 1578 2277 Der schöne Liadl singa kann*)
1949 2250 2686 2306 So laßt euch hier zu eurem Heil beraten.
1026 2264 1598 2316 Und ba der Lindu aufn Platz,
1953 2276 2873 2357 Den echten Freund erkennt man an den — Taten!
1028 2298 1503 2353 Da hebt er an und singt,
1029 2333 1583 2392 Daß eahm vor lauter Selikeit
1040 2366 1679 2436 FFrei selm in Leib sei' Herzl springt.
1972 2373 2841 2449 Aufruf für Alfons Petold!
1031 2412 1733 2461 Er singt von Wald und Gamslschiaßn,
1988 2426 2910 2504 Der bekannte Dichter Alfons Petzold, ein
1041 2453 1712 2509 Singt von der Liab und alln Süaßn,
1032 2490 1619 2545 Don Almarausch und Edelweiß,
1909 2489 2903 2549 Echter an Geist und Seele, nach langen Jahren
1031 2535 1632 2582 Don Herrgod und von Paradeis.
1915 2536 2898 2611 schwerster Bitternis, die er als Fabriksarbeiter,
1030 2575 1593 2629 Die Bauern protzu vor'n Cor
1918 2585 2910 2651 als Fensterputzer, als Schneeschaufler zugebracht,
1039 2615 1651 2664 Und losn und woaß koaner recht:
1910 2617 2915 2699 aus dem Proletariat zu Ansehen und Namen
1040 2651 1639 2697 Kimt eahna däs Ding sanba vor
1027 2686 1711 2749 Oda wa's doh eppa für sö z'schlecht. —
1916 2686 2915 2751 emporgestiegen, ist nun an einem Lungenleiden;
1036 2726 1637 2787 Derweil s' so losen und so gasfn
1920 2735 2855 2792 schwer erkrankt und dringende Hilfe tut Not.
1033 2760 1650 2821 Da kimt just auf der Straßn her
1993 2772 2910 2847 Wir wenden uns deshalb mit diesem Aufrufe
1039 2807 1574 2860 A Natzlmacher mit an Affn.
1919 2833 2907 2892 an die Offentlichkeit und hoffen sicher, daß unsere
1029 2843 1674 2902 Den laßt er schiaßn mit 'n Gwehr,
1036 2885 1685 2948 Marschiern und tanzu, Balluschupfn
1913 2881 2643 2958 Bitte nicht ungehört bleiben wird.
1031 2928 1704 2988 Und Gsichtaschneidn und Roafuhupfn
1990 2933 2899 2995 Jede Spende und sei sie noch so klein, wird
1040 2968 1662 3017 Und allerhand so Narrenkram.
1922 2989 2908 3051 (auch in Briefmarken) dankbar entgegengenommen.
1038 3004 1633 3064 Hiaz rennen d' Loser alli zsam.
2446 3036 2853 3107 Stefan Großmann
1991 3035 2355 3110 Hermann Bahr
1037 3042 1646 3099 Glei gibt an iads a Gröschl her,
1034 3092 1622 3138 Die Pfarraköchin gar noh mehr,
2401 3083 2912 3164 Hugo v. Hoffmannsthal
1946 3074 2393 3155 Dr. Max Burckhard
1045 3120 1688 3183 Der Burgamoasta pascht in d' Händ
2447 3139 2863 3198 Berta von Suttner
1994 3138 2375 3206 Dr. Stefan Hock
1041 3161 1613 3218 Und schreit: „Däs is a Kunst!
2414 3183 2901 3252 Dr. Wolfgang Madjera
1924 3174 2392 3252 M. v. Ebner=Eschenbach
1042 3200 1645 3256 Der drenten mit sein Plärament,
2405 3236 2904 3300 Engelbert Pernerstorfer
1033 3241 1636 3295 Der flennt sei Gsangel umasunst,
1972 3238 2393 3300 Marie delle Grazie
1041 3277 1644 3339 Der Hungaleida! Daß r's woaß:
2420 3282 2892 3357 Dr. Arthur Schnitzler.
1931 3283 2409 3349 Prof. Dr. Emil Reich
1041 3314 1681 3378 Mir wölln lachn und an Gspoaß!“
1991 3337 2909 3407 Allfällige Spenden werden von der Redaktion
1038 3355 1625 3417 Der Liadlsinga gebt zan Brunn
1038 3388 1811 3455 Und loahnt sich bi' und schaut in d’ Sunn,
1916 3394 2911 3457 der „Osterr. Volkszeitung" (I., Steyrerhof)
1033 3435 1563 3495 Verlassn steht 'r da von alln
2687 3442 2915 3504 V., Wien¬
1917 3453 2667 3510 und „Arbeiterzeitung" (Wien,
1028 3489 2810 3580 Halt ja, der Aff, der Aff hat eahna gfalin, straße 89) entgegengenommen und quittiert.
1002 3518 1295 3600 1) Mann, 2) kann.
3019 4094 3354 4181 S
