3344 4256
1681 86 2230 175 —.——
1288 101 1425 181 ——
866 169 1352 275 box 38/4
117 181 735 306 2. Cuttings
899 1468 1478 1573 eu Peaenn
1795 1492 2026 1584 BELN. HEARRTGREPAEEN
218 1529 2274 1640 Triebe, die zur strammen Aktion in irgend einer Richtung stellung irgend welcher speziellen Ereignisse oder per¬
2272 1583 3302 1649 wieder ein Selbstporträt oder eine kleine persönliche
211 1582 1245 1675 hinleiten müßten, durch windige Theoreme, durch
1238 1619 2271 1678 sönlichen Erfahrungen ist wertlos, sofern diese Ge¬
2263 1620 3293 1697 Abrechnung mit dem Publikum; ein andermal Größen¬
214 1643 1251 1719 Gedankenketten und Selbstberedung niederzuhalten, und
1235 1673 2272 1738 schehnisse nicht in einen ethischen Zusammenhang mit
2271 1682 3293 1763 verkleinerung oder ein Konterfei aus der nächsten Um¬
206 1691 1246 1783 das Empfinden des Meisters artet schließlich nicht nur
1241 1721 2267 1789 dem Allgemeinsinne gebracht werden. Hier liegt der
2252 1726 3282 1800 gebung. Diesem Verhalten entgegen, ringt Beer=Hof¬
209 1743 1247 1837 in Gleichmut, sondern in eine eitel zur Schau gestellte
1246 1757 2268 1853 Trennungspunkt, wo die meisten modernen Stücke und
2257 1785 3261 1851 mann jahrelang nach dem Höchsten in der Bewältigung
204 1781 1254 1895 Wurstigkeit aus. Für den Endspaß ist der erste Teil
1234 1826 2267 1894 die Kunst nach entgegengesetzten Richtungen von¬
2255 1841 3254 1901 großer ethischer Motive; Hugo v. Hofmannsthal such
200 1848 1242 1940 der Komödie, ist die eine Hälfte des Charakters zu
1242 1881 2264 1945 einandergehen. Nietzsche, dazu noch mißverstanden,
2251 1895 3254 1956 das Ethos in fernen Zeiten und Zonen; Arthu
204 1896 1246 1991 schwer und zu ernst angelegt. Dabei wurde im
1237 1935 2267 1995 hat das Unheil angerichtet. Man wähnie programm¬
2263 1939 3282 2011 Schnitzler bewegt sich gedankenvoll ohne Unterlaß um
203 1946 1250 2036 Deutschen Volkstheater die lächerlche Szene, da der
1238 1995 3278 2068 gemäß die Moral in den Grund zu treten und man hat das ethische Urmotiv des Todes. Nur der Versumpfung
204 1999 1242 2087 Meister die Photographie seines Weibes, das ihm
1233 2038 3289 2123 die erhischen Fundamente zerstört; man glaubte das  der Theaterverhältnisse in Wien ist es zuzuschreiben
196 2048 1238 2143 untreu wurde, durchschießt, zum Glücke weggelassen.
1231 2083 2257 2145 berüchtigte Medizinfläschchen voll Moral zum Fenster¬
2252 2096 3274 2168 daß die Bühnen den einsamen Weg zu dem ersten Ein¬
203 2102 1241 2204 Die Motive für die Wendungen und Gedanken¬
1239 2139 2262 2214 hinauszuwerfen und man hat irrtümlicherweise das
2250 2154 3288 2217 akter der „Lehendigen Stunden“, zu einem Meister¬
203 2160 1244 2244 windungen des Meisters sind unzureichend. Der
1228 2192 2262 2259 Ethos erwischt und durchs Fenster fliegen lassen.
2260 2208 3253 2280 werk, nicht suchen... Schönherr gräbt mit ruhier
206 2216 1241 2294 Jugend, die das unmännlich gleichgiltige Verhalten
1239 2248 2258 2315 Moralitäten braucht die Kunst freilich nicht, aber vom
2250 2251 3306 2322 Kraft nach den ethischen Wurzeln des Lebens. Die
194 2277 1240 2361 des Meisters, nachdem die Untreue seiner Frau durch
1233 2294 2255 2362 einfachsten Volksliede bis zu den Triumphen der Kunst,
2253 2299 3298 2374 meisten der jüngeren Wiener Talente aber, der anderen
203 2318 1245 2419 ein anekdotisches Intermezzo aufgedeckt worden ist.
1228 2355 2261 2419 bis Shekespeare und bis zur Neunten Beethovens gibt
2259 2352 3262 2431 Schule zugewendet, geben sich auch nicht einmal di
203 2368 1246 2463 mißversteht, versichert der Held, daß sein Vorgehen
1225 2401 2252 2479 es keine echte und wahrhaftige Kunsterscheinung, die
2245 2409 3275 2481 Mühe, sittliche Probleme tiefer zu fassen. Hans Müller,
201 2424 2257 2539 nur dem Einzelfalle, der moralischen Atmosphäre inner= nicht auf das menschliche Allgemeinempfinden, auf
2239 2467 3220 2531 gewiß ein begabter Dichter, liefert ein lehrreiches B#
197 2477 890 2556 halb seiner vier Wände entspricht.
1239 2508 1969 2580 ethische Fundamente gegründet wäre.
2248 2522 3165 2582 spiel. Er wählt einen ethischen Titel, „Das stä
290 2531 1249 2630 Mit diesem Bekenntnisse hat die dramatische
1308 2554 2252 2641 Ich habe mir oft zu erklären gesucht, daß Her¬
2243 2571 3156 2637 Leben“, und streut ringsum eine größere Anzahl
190 2598 1231 2681 Kunst, die sich in der Richtung des „Meisters“ bewegt,
1233 2608 2249 2696 mann Bahr, einer der fleißigsten, geistreichsten, be¬
2249 2622 3136 2682 akter aus. So greift er nach dem tragischen Sta
195 2644 1237 2724 selbst ihren Bankerott erklärt. Denn die Handlung des
1234 2644 2257 2742 weglichsten Autoren, formgewandt, welterfahren,
2253 2673 3148 2732 Savonarola. Der finstere Mönch wurde nach
193 2698 1242 2787 „Meisters“ gibt sich den Schein, Allgemeingefühle an¬
1225 2719 2248 2793 strotzend von Talenten, nicht ein einziges Theaterstück
2239 2725 3163 2793 baren Torturen am 23. Mai 1498 stranguliert ur
198 2765 1228 2837 zurufen, und ist doch nur auf einen ganz besonderen
1226 2756 2245 2849 zu produzieren vermochte, das mit dem Anspruch auf
2242 2778 3186 2845 Asche verbrannt. Man braucht nur einen Lexikonar
194 2819 1231 2885 Hausfall, auf Ereignisse beschränkt, die schon von Nach¬
1221 2829 2255 2897 Fortdauer sich auf der Bühne hätte erhalten können.
2239 2829 3197 2896 über Savonarosa und gar nicht Lenau zu lesen,
190 2855 1220 2940 bargefühlen nicht erfaßt werden können. Die wahre
1220 2879 2242 2943 Alles sehr interessant, amüsant für Leute, die sich einen
2246 2865 3219 2952 das erregte Blut kocht in den Adern. Doch der jung
184 2901 1222 2997 Kunst wird aber immer und ewig den entgegengesetzten
1231 2931 2247 3000 Abend ein wenig freuen oder ein bißchen ärgern sollen;
2247 2934 3251 3006 Dichter, dessen Empfindungen heißer sein sollten,
197 2968 1231 3052 Weg wählen und in inem besonderen Zeichen oder
1223 2982 2249 3047 ein Widerhall aber in Allgemeingefühlen, ein
2247 2995 3232 3059 spaziert gemütlich, als ob es ihn nicht anginge, an der
198 3007 1232 3094 Sinnbild, in einem spezifischen dramatischen Charakter,
1217 3026 2247 3107 dauerndes Nachschwingen in den Seelen ist aus¬
2238 3049 3193 3109 ethischen Begriffen vorbei, hängt dem Mönch eine Li
190 3062 2250 3161 in einem einzelnen dramatischen Vorgang allein das¬ geschlossen. Wir empfinden den Verlust des ethischen
2236 3094 3183 3156 schaft an und findet dann aus dem Konflikt nichtm
192 3126 2236 3200 jenige auszusprechen suchen, was in allgemeinen Moments; denn das ist die Methode: Hier ein End¬
2245 3146 3200 3211 hinaus ins Freie. Im Geiste dieses Dichters
193 3163 2245 3260 menschlichen Gefühlen ruht oder in Allgemeingefühle spaß — verehrtes Publikum, es war nichts — dort
2237 3178 3256 3268 Savonarola als blamierter Europäer. Eine der größten
195 3227 3238 3348 aberachen in. Des Dichters Freude an der Dar= eine virtugs nachgebildete Parlamentssiene; dann Tragödien der Weltgeschichte schrumpft im Gefühled
