3344 4320
942 212 1414 307 box 38/4
185 233 799 331 2. Cuttings
641 726 2700 819 722 De Wendriner, Die Dichter von 1900. SaSBBDGBBBBD
1678 776 2699 880 smden. Niemals hat er versucht, aus seinem Erleben ein
650 813 1681 886 mus begannen, bald ihre eigenen Wege gegangen. Hesse, der
1682 846 2695 914 großes geschlossenes Kunstwerk zu formen. Allzu be¬
652 872 1662 938 Dichter des „Peter Camenzind“, schreibt jetzt „Märchen“
1684 885 2707 959 scheiden spricht er in seinen letzten Aufzeichnungen von
644 912 1678 983 von einer solchen Kindlichkeit und Phantastik, von solch
1680 937 2711 1002 seinem engbegrenzten Schreibtalent. Es erschien ihm als
656 962 1681 1025 wunderhafter Reinheit des Stils, daß man leicht die tiefe
1686 994 2703 1050 die einzige Anständigkeit und Gescheitheit eines Menschen,
656 1003 1681 1067 Lebensweisheit überhört, die uns aus ihnen entgegenklingt.
1684 1026 2699 1092 seinen Kräften gemäß zu sunktionieren. „Nicht mehr
647 1063 1685 1116 Die Mutter des kleinen Augustin hatte vom Schicksal er¬
1693 1058 2700 1130 wollen als man kann, ist bereits genial.“ Und so plau¬
652 1090 1685 1161 fleht, daß alle Menschen ihr Kind liebhaben sollten. Aber
1689 1109 2704 1184 dert er in seinem letzten Buche wie in seinem ersten bunt
654 1142 1677 1208 der Knabe wurde es satt und überdrüssig, von unerbetener,
1686 1146 2718 1212 durcheinander von Liebe und Frauenschönheit, von der
655 1187 1688 1247 unverlangter, unverdienter Liebe umgeben zu sein, er
1689 1196 2702 1260 Eifersucht und vom Selbstmord, von Strindberg und von
656 1222 1677 1292 fühlte den Unwert seines vergendeien, zerstörten Lebens,
1688 1250 2697 1312 Gerhart Hauptmann, von der Historie, von Kindermiß¬
651 1269 1688 1336 das nie gegeben und immer nur genommen hatte. Leer
1682 1297 2710 1352 handlungen, von der Lucie Höflich. Er fühlt den Ernst
662 1318 1693 1378 und verwüstet, unfruchtbar und ohne Liebe, floß ihm das
1687 1321 2717 1389 seiner Krankheit, das Nahen des Todes. „Man lebt ja
661 1353 1689 1422 Leben dahin. Der Wunsch seiner Mutter war ihm zum
1688 1378 2695 1442 doch nicht ewig, und alles hat Gott sei Dank sein Ende.“
657 1396 1678 1470 Fluch geworden, von dem ihn erst die Erfüllung seiner
1693 1407 2718 1477 Er philosophiert über seine Arzte und Medikamente, über
655 1436 1693 1494 Bitte, daß er die Menschen liebhaben könne, erlöste. Man
1699 1464 2707 1531 schlaslose Nächte und über den Tod. Dazwischen ver¬
668 1488 1686 1567 vergißt das kleine dunkle Zimmer in dem Häuschen des
1701 1499 2718 1576 streut er geistreich=witzige Einfälle über moderne Tänze,
668 1534 1692 1602 alten Herrn Bießwanger nicht, in dessen schwarzem Kamin¬
1691 1549 2710 1623 über sein Stubenmädchen und über Frauenerziehung.
668 1575 1695 1642 loch eine rote Flamme brennt, während glänzende Kinder
1699 1602 2719 1663 Immer wieder bricht sein Lebenshunger durch, seine Sehn¬
663 1619 1683 1678 mit hellen, goldenen Flügeln nach einer süßen, geheimnis¬
1694 1638 2716 1704 sucht nach Sonne, nach dem Wiener Prater, nach schönen
672 1657 1688 1732 vollen Musik in schönen Tänzen hin und her fliegen, man
1700 1685 2715 1752 Frauen. Und wie zum Abschied ruft er seiner alten
657 1706 1701 1785 vergißt den Jahrmarkt von Faldum nia“ zu dem Bauern
1706 1731 2728 1797 Freundin Paula, da sie ein Kind erwartet, das hübsche
664 1746 1697 1815 und Bäuerinnen, Meister, Gesellen und Leyrbuben, Knechte
1706 1776 2718 1841 Wort zu: „Ich wünsche dir ein leichtes Wochenbett,
672 1786 1705 1862 und Mägde hinströmen, um das große Spiegelwunder zu
1698 1814 2731 1896 und im ersten Lächeln deines Kindchens einen Schimmer
671 1839 1696 1912 erleben. Jede Erscheinung auf Erden wird für Hesse zu
1698 1867 2731 1943 von allem, was wir miteinander durch Jahre erlebt
674 1884 1689 1944 einem Gleichnis, und jedes Gleichnis ist ihm ein offenes
1706 1922 1882 1996 haben.“
676 1925 1695 1993 Tor, durch das die Seele, die bereit ist, in das Innere
1760 1933 2717 2010 Das süße Mädel war der Inhalt der Kunst der jungen
671 1978 1692 2039 der Welt zu gehen vermag, wo die Menschen und Tag
1695 1995 2728 2058 Wiener, der Altenberg, Schnitzler und Hofmannsthal.
669 2028 1169 2094 und Nacht alle eins sind.
1692 2036 2730 2122 Anatol, der junge leichtsinnige Genießer, war der Held
736 2037 1685 2132 Hesse sand hinter dem Gleichnis des Märchens den Geist.
1713 2082 2731 2158 von Arthur Schnitzlers erster Dramenreihe. Unter
671 2111 1692 2179 das ewige Leben. Emil Strauß findet das Gleichnis
1700 2123 2733 2197 verschiedenen Namen erzählt er uns immer wieder von
665 2162 1693 2227 eines Menschenschicksals in der Geschichte seines Ahnherrn,
1703 2170 2720 2238 seinen Liebeleien. Heute, da Schnitzler selbst ein Fünf¬
674 2208 1694 2257 er zeichnet das Leben seines Helden im Spiegel des Er¬
1713 2202 2736 2290 ziger geworden, schildert er die Tragik des Alterns, die
673 2222 1701 2310 lebens seines Urgroßnaters. In einem stillen Hause wacht
1710 2260 2735 2323 letzten Abenteuer Anatols, die Heimfahrt Casanovas nach
681 2281 1709 2353 ein einsamer Mann und stamt ins Dunkel des Zimmers.
1722 2300 2741 2368 Venedig. Nichts ist mehr in seinem Helden von dem
680 2320 1706 2387 Er denkt zurück an seine Kindheit, an seine Jugend, an seine!
1724 2330 2746 2415 Abenteurer, der jung, schön und glücklich war, dem für
676 2369 1701 2440 Tante Lotte, die ihm vertraut blieb als eine ungewohnte
1714 2392 2737 2460 eine Nacht auf einem Liebeslager alle Ehren dieser und
684 2413 1717 2471 Erscheinung, die immer etwas mitbrachte und schenkte, wie
1721 2426 2734 2504 alle Seligkeiten jener Welt feil gewesen. Anatol=Casa¬
681 2471 1716 2518 ein Apfelbaum, den ein Kind irgendwo auf den Feldern
1714 2470 2739 2546 nova bereut nichts, er hat sein Leben gelebt wie keiner,
683 2495 1711 2570 fand und von dem es weiß, daß immer ein paar Apfel
1720 2521 2745 2590 und glaubt noch immer die Wollust von tausend Nächten
679 2545 1714 2614 darunter liegen. Und er erinnert sich der Geschichte, die
1715 2568 2738 2627 über die Frauen zu sprühen, die ihm begegnen. Er will,
689 2587 1717 2657 ihm diese feine stille Frau, da sie auf dem Totenbette
1707 2609 2748 2674 da er Casanova ist, das klägliche Gesetz zuschanden
684 2628 1706 2712 lag, erzählt hat. Musik klingt uns entgegen, wenn sie
1720 2650 2742 2726 machen, dem andere unterworfen sind und das Altern
681 2686 1708 2752 das Allerheiligste der Menschen ihres Geschlechts öffnet,
1713 2696 2748 2776 heißt. Er will sein Lebenswerk damit krönen, daß er in
690 2723 1705 2794 Bach und Gluck, Mozart und Beethoven. Ursprünglich
1719 2738 2754 2805 Jahren, in denen andere sich zu einem trüben Greisentum
697 2763 1709 2837 übten diese Menschen ihre Musik nur aus Freude und
1711 2788 2744 2852 bereiten, die Jüngste, die Schönste, die Klügste durch die
692 2808 1704 2890 zur Freude, mit der Zeit aber wurde sie ihnen zum ein¬
1720 2827 2738 2904 ungeheure Macht seines unverlöschlichen Wesens gewinnt
687 2858 1704 2919 zigen verständlichen und deutbaren Gleichnis des Lebens.
1719 2881 2495 2949 und sie für alle Zeiten zur Seinen macht.
685 2893 1713 2965 Materielle Dinge gab es für diese Geigenspieler nicht,
1769 2901 2744 2983 Aber auch er erlebt die Tragödie des Alterns, tragi¬
682 2931 1717 3014 die nicht einmal ein Vergnügen daran fanden, irdische
1724 2965 2739 3033 scher, fürchterlicher als alle anderen. Wohl kann er Kinder
695 3000 1711 3055 Güter zu verschwenden, und die tagelang durch die Straßen
1728 3005 2735 3073 noch verführen und Mädchen durch Bestechung ihrer Lier¬
694 3028 1715 3094 der Slädte gingen, ohne einen Heller in der Tasche zu
1731 3044 2747 3117 haber in tiefer Dunkelheit im Mantel des Geliebten über¬
690 3075 1720 3155 haben. Eine feine leise Liebesgeschichte spielt hinein. Ein
1732 3097 2755 3167 listen. Aber er muß es erleben, daß sie sich, wenn sie
691 3126 1724 3183 ernstes, schweres Buch, nachdenklich und bewegend, wie
1734 3134 2752 3202 ihn erkennen, vor Ekel und Grauen von ihm, dem alten
700 3159 1728 3242 ein Hauch aus ferner vergangener Zeit, wie der Klang
1722 3187 2740 3247 Mann mit seinem gelben bösen Gesicht, seinem eingefolle¬
698 3208 1716 3277 einer Sonate von Mozart oder Haydn, von müden Frauen¬
1726 3231 2754 3295 nen Hals und seinen Greisenhänden, abwenden. „Alter
698 3258 1667 3347 händen auf einem Spinett leise verklingend gespielt.
1725 3275 2752 3355 Mann“. Das ist das Todesurteil des Abenteurers, der
753 3292 1717 3366 Der Naturalismus der neunziger Jahre wurde von
1734 3313 2691 3393 als verachteter Polizeispion nach Venedig heimkehrt.
694 3341 1720 3406 Peter Altenberg in seinem ersten Buche „Wie ich es
1801 3352 2702 3426 Ein Buch von letzter psychologischer Feinheit, ge
699 3381 1722 3469 sehe“ überwunden. Schon der Titel war lautester Protest
1733 3405 2753 3474 schrieben im Stil der Kleistischen und Halmschen Novellen,
696 3426 1730 3502 gegen den Versuch, die Welt zu sehen und zu schildern,
1741 3451 2761 3519 der Versuch einer objektiven Erzählung gleichsam als
700 3475 1733 3540 wie sie war. In all seinen Büchern hat Altenberg die
1730 3484 2754 3566 Schlußkapitel von Casanovas Memoiren. Die Dichtung
695 3515 1738 3609 Welt dargestellt, wie er sie sah, seine Welt, die uns
1743 3539 2763 3603 vom Altern, aber das Werk eines Poeten, von dem
703 3555 1731 3640 aus seinen ersten Skizzen so persönlich anblickt wie aus
1734 3583 2757 3646 wir noch vieles zu erwarten haben. Denn das bleibt das
711 3610 1732 3670 seinem letzten Buche, aus seinem „Lebensabend“. Peter
1743 3624 2761 3694 Charakteristische unserer Zeit: daß wir keinen literarischen
716 3650 1736 3718 Altenberg war ein Erleber, kein Dichter, mehr oder
1741 3665 2757 3743 Nachwuchs besitzen, und daß die Männer von 1900 heute
710 3701 1733 3763 weniger. Er fühlte sich selbst als das in den Menschen
2672 3720 2760 3777 □
1737 3717 2561 3802 noch unsere Liebe sind und unsere Hoffnung.
712 3744 1734 3827 eingekerkerte und verrammelte bessere Denken und Emp¬
1700 3770 2756 3872 Der Ternich Shereich Feranageter Priche 6 Lang Mien 1. Kränmetstaste 3,
727 3799 1679 3894 Veratwerlich für die Schrfteltung: Goten Raper in Lenig.
804 3850 2662 3944 verentwortlich für die Schriftleitung: C. O. Friese. Wien I. Brännerstraße 3. — Copyright 31. Juli 1919 by Philipp Reclam jmn Leipzig.
