3344 4320
229 172 823 293 2. guttings
986 155 1441 268 box 38/4
3012 242 3203 317 Staille
2433 272 2550 337 —
2763 292 3069 362 —
1913 316 3202 413 unserem besten Dramatiker in Zwiespalt geriet, bekommen Sch
1904 398 3208 458 wir seither kein Stück dieses Dramatikers mehr in ange¬ men
1913 447 3202 507 messener Darstellung zu Gesicht. Der Zankapfel selber, das Rei
1908 507 3204 570 ewähnte Renaissangestück, ist noch über keine Wiener Bühne Mei
1918 546 3202 613 gerollt, die „Lebendigen Sumden“ wurden im Volkstheater Sor
1916 585 3193 667 „erpatzt“, der „Vinjame Weg#ist in Wien unbekannt. An nad
1917 631 3201 704 dien ganze beschämende Geschichte erinnerte ein Schnitzler=lein
1915 681 3200 744 Abend, der unlängst als Wohltätigteitsvorstellung im Carl= Lau
1906 732 3203 785 theater veranstaltet wurde und der außer den Einakterni verl
1917 786 3093 855 „Literätur" und „Die letzten Masken“ auch eine Novität,
1902 828 3203 896 den Einakter „Der Puppeuspieler“ brachte. Immer von
1911 883 3195 954 nachhentlicher, immer ernster wird Schnitzters Muse, sie Bilf.
1912 920 3203 1002 Frübelt und gräbt dunklen Problemen nach. „Der Puppen- und
1914 981 3194 1066 spieler“ klingt wie ein Seitenthema einer großen sympho= Beste
1910 1027 3179 1098 nischen Dichtung, deren Hauptthema „Der einsame Weg“ in
1911 1072 3191 1138 ist. Auch der Puppenspieler ist einen Weg gegangen, der wat
1914 1124 3189 1195 in die Einsamreit führte. Er war ein Dichter, der einmal Sch##
1914 1170 3196 1249 einen großen Erfolg errang. Dieser Bühnenerfolg aber ge-[.Taß
1908 1218 3204 1299 nügte ihm nicht oder hielleicht genügte seine Begabung soge
1914 1279 3176 1339 der strengen Göttin nicht: kurz, er begann plötzlich die Ma= vik
1902 1304 3089 1383 rionetten des Theaters zu verachten und fand, es sei einzig
3089 1330 3194 1393 sah¬
1907 1363 3084 1448 seiner würdig, mit dem Leben zu spielen, wirkliche Men¬
3083 1380 3174 1446 ich
1907 1422 3077 1479 schen zu lenken, als seien es Drahtpuppen an seinen Fäden.
3076 1413 3189 1491 jun
1917 1466 3183 1553 So hat er an einem lustigen Abend auch einmal bei einem schi
1920 1513 3185 1595 sehr schüchternen Freund Vorsehung gespielt und ein nied= Nin
1918 1567 3176 1635 liches junges Mädchen seiner Bekanntschaft beredet, sich in met
1900 1602 2606 1682 Wen Zoghans verliebt zu stellen ..
3081 1627 3169 1692 icht
1998 1667 3197 1754 Das Leben alur liebt die Puppenspieler nicht. Als des
1895 1708 3184 1775 junser Lebensartist nach langen Wanderjahren, in denen ihm uns
1902 1764 3192 1842 Hein Kind gestorben, sein Weid untreu geworden ist, einsam mät
1897 1819 3197 1900 Feimkehrt, finderseine zwei Puppen von ehemals glück-Sie
1905 1857 3200 1922 #ich und stitlzustienen am gemeinsamen Herd; und zu denzöst
1897 1903 3203 1987 ####ei Pusegen hot sich ein anmutiges drittes Püppchen ge¬ Arb
1917 1959 3194 2036 selle. ##iftans dem Spiel des Puppenspielers wider seinen late
1896 1997 3185 2074 Wille rust geworden zunikihm aber und mit seinem Ernst har Gle
1894 2070 3183 2114 das rachsüichtige Leben gespielt, er hat alles verspielt und und
1902 2099 3171 2195 ####ß ieht noch hören, daß jene niedliche Freundin damals Wit
1898 2148 3076 2216 Ihn liebte, ihm Herd und Heim hätte bereiten wollen und
1898 2214 3060 2281 nur, um seine Eifersucht zu wecken, auf das Puppenspiel ein¬
3072 2220 3179 2295 Nu
1890 2253 2245 2319 gegangen war .
1979 2308 3120 2391 Mit herbem Stolz reißt sich der Dichter von den kaum 9
1897 2359 3061 2421 wiedergesundenen Freunden los und kehrt in seine Ein¬
1896 2415 3076 2470 samkeit zurück. Ist dieser Stolz nur die Maske einer tief¬
3067 2416 3105 2471 1
1893 2464 3153 2540 leidenden Seele? Oder hat der Puppenspieler vielleicht doch ih
1889 2507 2477 2568 „das bessere Teil“ erwählt?
1968 2555 3117 2629 Die große Liebe und Kunst, mit der sich Jarno diese P
1884 2600 3111 2670 Rolle zurechtgelegt hatte, und der Umstand, daß auch dieh
1898 2656 3096 2718 übrigen Personen des Stückes von Mitgliedern des Josef¬
1885 2708 3066 2771 städter Theaters gespielt wurden, erregt die angenehme Er¬
3064 2713 3108 2771 2
1887 2750 3063 2802 wartung, daß der Direktor für seine literarischen Vorstellun¬
1895 2806 2999 2872 gen einen neuen Schnitzler=Einakterabend plant.
1963 2852 3145 2917 Neben Jarno zeichnet sich an diesem wohltätigen Wohl¬ var
1888 2907 3070 2969 tätigkeitsabend Albert Heine — als Rademacher und
3069 2906 3136 2972 ein
1893 2948 3065 3027 Gilbert — aus, den wir nun, ach wie so bald!, verlieren
1882 2991 2075 3063 werden.
1966 3023 3072 3112 Weniger erfreulich als diese drei wienerisch gefärbten
3067 3056 3119 3113 d
1895 3094 3143 3164 Schnitzlerschen Spiele war ein norddeutsch=frostiges „Spiell##
1883 3140 3076 3203 in einem Akt“ von Auguste Hauschner, betitelt „Das
1883 3199 3140 3261 Dipkom“, das für ein paar Tage im Josefstädter TheaterK#
1891 3243 3124 3314 die Einleitung zu dem überaus ergötzlichen Zugstück „Cacheer
1883 3296 3121 3367 Cache“ bildete. Es handelt von einem Doktordiplom, das F
1894 3348 3153 3417 ein fleißiges junges Mädchen mit dem Verlust von Liebelra
1882 3392 3133 3476 und Liebesglück teuer bezahlt. Denn der Mann, den Fräu= ei
1887 3445 3144 3512 lein Doktor liebt, will von einer gelehrten Frau nichts wissen un
1875 3494 3056 3555 und wählt sich ein recht hausbackenes, ungebildetes und un¬
1874 3541 2624 3607 verbildetes Mädchen zur Gattin. —
3069 3536 3138 3617 oh
1967 3585 3056 3651 Also ein Stück, wie es ältere Damen mit Vorliebe gegen
1872 3641 3052 3703 die schlimme Frauenemanzipation schreiben. Freilich wird
3064 3637 3160 3705 des
1874 3685 3050 3756 mit solchen dramatisierten Thesen, die mit Kraft so garnichts
3069 3697 3137 3772 we
1881 3719 3064 3801 ##n schaffen haben, nur einer guten Sache geschadet. Einer
1888 3789 3130 3854 guten Sache? Sicherlich! Ihr wißt doch, daß man heute, L#
1888 3846 3053 3912 Gott sei Dank, ein „moderner Mensch“ und gleichwohl ein
1884 3893 2740 3948 Gegner dieser Frauenbewegung sein kann.
3054 3891 3114 3950 ko
1968 3914 3124 4001 Tröstlicherweise folgt auf dies grausame Spiel die H##
1873 3984 3137 4064 Lachtrmmpf erzwingende Jagd nach dem tölpeligen Durand. #w
1883 4034 3063 4116 „Wo ist Durand?“ So hat der Übersetzer den dreiaktigen
1876 4084 2956 4129 Schwank „Cache Cache“ von Felir und Gindri
2971 4087 3045 4129 an
