3344 4352
2194 136 2384 208 —
2129 141 2194 208 —
2065 134 2130 211 —.
897 206 1357 310 box 38/4
149 218 749 331 2. Cuttings
500 1184 2080 1282 zum Beispiel in Meran, angekaust. Einzeine dieser Unter= in die Hände.
510 1252 1688 1310 nehmungen sind bereits wieder in deutsche Hände über¬
2131 1277 2400 1364 ahe
1239 1304 1486 1368 —
2861 1352 2964 1409 al
514 1338 2871 1421 vor die er sich gestellt sah, und auch sie löste er in seiner; aus dem Geleise warf. Die große Teuerung gesellte sich
2864 1397 2958 1467 B
1692 1393 2873 1463 hinzu, mit ihr für manchen Schauspieler der bittere Zwang,
513 1411 1691 1467 stets anregenden, geistvollen Weise. Freilich fehlic ihm hiezu
1702 1431 2878 1500 einen Nebenverdienst zu suchen. Das Kabarett wurde
2872 1430 2998 1505 wi
510 1443 1691 1510 die äußere Erscheinung. Man kann sich den genialen Misse¬
1695 1478 2880 1551 mächtiger denn je, die größten Künstler entgingen ihm nicht.
2866 1488 2984 1559 de
515 1495 1702 1554 täter, dieses prächtige Raubtier, nicht ohne herrische, ge¬
1690 1531 2874 1587 Haben wir es doch dieser Tage erlebt, daß drei ehemalige
510 1545 1700 1601 bieterische Gestalt denken, nicht ohne bezwingende Persönlich¬
1697 1590 2872 1656 Buratheaterdirektoren gleichzeitig, oder beinahe gleichzeitig,
521 1584 1696 1652 keit, und kein noch so hoher Kothurn ersetzte, was die Natur
1706 1627 2873 1688 auf diesen kleineren Nebenbühnen für ihres Lebens Notdurft
518 1630 1702 1690 in dieser Hinsicht versagt. Aber wunderhübsch war Waldens
1701 1671 2877 1734 sorgen mußten. So fiel auch Walden, nachdem er eine Zeit¬
513 1681 1703 1733 Don Juan dennoch anzusehen mit dem weißen Federhut auf
1706 1718 2873 1785 lang selbständig ein Theater geleitet hatte, in das frühere
509 1731 1693 1784 der Allongeperücke, dem süß lächelnden Mund, der zart be¬
2883 1584 3026 1808 50
1705 1769 2875 1842 Zigennertum zurück. Er ging wieder nach Berlin und soll
523 1775 1699 1836 flaumten Oberlippe und dem flatternden, raschelnden
2866 1784 2951 1849 zi
1708 1813 2869 1877 dort täglich dreitausend Mark an Spielhonoraren ein¬
518 1822 1702 1886 Wirrsal von Bändern und Spitzen, unter dem seine Leiblich¬
2865 1805 2978 1892 H0
1710 1870 2877 1936 genommen haben. Geldsorgen waren es schwerlich, was ihn
524 1864 1703 1929 keit förmlich zu verschwinden schien. Man glaubte wahr¬
2885 1869 2987 1939 Bei
1716 1911 2865 1979 in den Tod jagte. Man spricht von traurigen Familien¬
508 1901 1707 1982 haftig, der vierzehnte Ludwig erscheine in eigenster Person
2878 1927 2989 1984 Ueb
1705 1947 2874 2019 wirren und auch ein Dämon (Alkohol), den er schon über¬
523 1951 1710 2015 auf dem Burgtheater, aus dem Rahmen seines besten
2875 1956 3011 2037 miss
1709 1989 2882 2062 wältigt zu haben meinte, scheint wiederum seine Teufels¬
512 2014 1699 2073 Jugendbildnisses herausgeschnitten. Nur war dieses reizende,
2874 2019 3011 2079 Geg
1716 2042 2886 2110 krallen nach ihm ausgestreckt zu haben. Doch haben wir die
518 2054 1708 2115 auf rote Absätze gestellte Kostümbild wirklich nicht der Mann,
2898 2059 3010 2132 richt
1710 2098 2871 2157 Gründe, die ihn zur Selbstvernichtung bestimmten, an dieser
524 2098 1702 2175 Gott und den Teufel herauszufordern, keine Verbrecher¬
2883 2115 2947 2168 di
1712 2144 2876 2211 Stelle nicht zu untersuchen. Kurz, der Vorhang senkte sich
520 2144 1701 2205 natur, wie sie der Dichter schilderte, kein Verächter der Ehe,
2875 2153 2993 2219 des
514 2208 1704 2257 kein Feind der Familie, kein Gottesleugner und kein
1714 2186 2872 2257 plötzlich über dieses Künstlerleben, das dem äußeren An¬
2871 2204 2984 2274 die
1720 2234 2872 2303 schein nach in Licht und Glanz verlief, ein schwarzer Vorhang.
522 2238 1703 2307 Anarchist der Liebe, nur eben ein sehr feiner Herr, der
2884 2252 3012 2328 unte
521 2289 1702 2348 liebenswürdigste aller Lebemänner, ein Frauenliebling
1713 2300 2877 2347 Das Lustspiel, das der Künstler so oft und so heiter auf der
2875 2296 2992 2384 am
1705 2330 2884 2401 Bühne gespielt, beschloß ein fünfter Akt voll Blut und
520 2345 1707 2398 sicherlich, wenn auch eher ein Spielzeug für die schönen
521 2371 1711 2440 Damen als einer ihrer unerbittlichsten Beherrscher. Dabei
1705 2364 2901 2448 Schrecken ... Schnitzlers Herr v. Sala, der noch immer in
1715 2431 2891 2497 der Gestalt Waldens uns vor Augen steht, hat in seiner
517 2438 1090 2505 interessant, sehr interessant.
2881 2437 2997 2533 über
1709 2470 2884 2538 letzten Stunde, der Stunde vor dem Selbstmord, eine
625 2462 1705 2542 Es war ein schmerzlicher Verlust für das Burgtheater,
1709 2505 2893 2587 oplimistische Anwandlung: die Zukunft entschleiert sich
516 2534 1706 2596 als Harry Walden nach einer Wirksamkeit von wenigen
2874 2557 2936 2625 zu
1717 2576 2884 2636 ihm und er glaubt zu sehen, wie jetzt wieder ein besseres
523 2578 1713 2643 Jahren das alte Haus verließ. In der kurzen Zeit war er
1707 2615 2984 2680 Geschlecht heranwächst, „mit weniger Geist und mehrf der
522 2628 1706 2703 dort völlig heimisch geworden, ein Familienmitglied sozusagen,
1716 2663 2889 2727 Haltung". Das Schauspiel „Der einsame Weg“ stammt aus
527 2684 1711 2735 und schon glaubte man, der erlauchten Künstlerliste, die sich
1716 2713 2897 2791 dem Jahre 1904, und die damals geahnte Zukunft könnte
523 2721 1707 2783 von Brockmann bis Anschütz, von Fichtner bis Sonnenthal
1722 2752 2898 2830 folglich heute schon fröhliche Gegenwart sein. Doch wie scharf
529 2770 1711 2826 entrollte, auch seinen Namen anreihen zu dürfen. Da ging
1711 2794 2904 2873 man auch umherspäht, eine solche Gegenwart läßt sich weit
530 2814 1714 2884 er plötzlich fort auf Nimmerwiedersehen. Es muß denn doch
1712 2853 2893 2911 und breit nicht blicken, und ganz unzweiselhaft ist es: der
525 2857 1721 2925 in diesem schmächtigen Körper ein unruhvoller Geist gewohnt
1715 2889 2900 2969 arme Walden, der wiederholt zum Selbstmord den Anlauf
523 2895 1719 2971 haben, eine Unrast, die ihn niemals lange an demselben
1724 2942 2906 3013 nahm um schließlich doch das dunkle Ziel zu erreichen, er
523 2960 1718 3028 Orte duldete, ihn immer wieder aus der stetigen, geordneten
1723 2990 2896 3062 hat diesem neuen, stärkeren, wetterfesteren Geschlecht, das
528 2999 1712 3071 Arbeit aufscheuchte und ins Ungewisse hinaustrieb. Dazu
1711 3043 2945 3108 uns der Dichter damals verhieß, in keiner Weise b
527 3063 1714 3118 kam dann plötzlich der furchtbare Umsturz, der so vielen
2347 3081 2956 3176 W.
522 3100 2291 3167 Menschen das Gleichgewicht raubte, auch so viel Künstlertum“ angehört.
2834 1123 2890 1196 1178
2960 2812 3084 2976 90
