3392 4320
238 191 833 292 2. Cuttings
893 3407 998 3457 (6 S
883 3442 995 3514 S
975 181 1436 270 box 38/4
1003 881 2242 939 Auch Schnitzler hat sich, dem Beispiel seiner ärztlichen
1010 927 2232 984 Kollegen folgend, in der Literatur spezialisiert, wie jene
1011 987 2232 1044 in der Medizin. Er hat eigentlich nur ein kleines Ge¬
1018 1021 2238 1086 biet. Aber auf diesem ist er schlechthin Meister.
1007 1076 2244 1134 Der Meister. Einige Jüngere streben ihm nach. Raoul
1011 1118 2247 1182 Auernheimer voran. Um aber Schnitzler mit einigem
1008 1173 2241 1224 Erfolg nachzustreben, muß man Wiener sein. Leicht¬
1015 1236 2242 1285 sinniger Melancholiker und Skeptiker vor allem, aber
1024 1282 2255 1343 unbedingt Wiener. Schnitzlers graziöse Linienführung
1023 1334 2243 1376 wird verständlich, wenn man sieht, wie diese Wiener
1015 1368 2244 1432 Mädel sich zu tragen wissen, mit welchem angebore¬
1018 1436 2254 1483 nen Geschmack und welcher wundervoller Anmut sie
1026 1466 2244 1523 bei Regenwetter mit zusammengerafften Röcken über
1021 1516 2248 1585 die Straße gehen. Und w un man die Linien kennt,
1025 1564 2255 1616 mit denen die rührenden, ziten Häuser, die man noch
1022 1610 2253 1680 manchmal mitten in der Stadt findet, ihre Giebel dem
1022 1690 2205 1726 leichten, blaßblauen Herbsthimmel entgegenstrecken.
1136 1714 2258 1773 Und Weltmann muß man sein. Schnitzler ist
1037 1771 2258 1823 Weltmann. Er hält auf die Form. Seine Dichtungen
1028 1817 2261 1879 haben niemals etwas von der Stimmung des Heurigen¬
1028 1854 2247 1924 schankes in sich, die manchmal auch „bessere Leute“
1033 1905 2261 1966 übertällt. In diesem Wien, wo man zu allen Jahres¬
1032 1956 2259 2018 zeiten irgend eine Art von Heurigem verschenkt. Statt
1032 2019 2269 2068 des Humors hat er den Witz, statt der Gemütlichkeit
1042 2062 2264 2122 nur manchmal eine Art leichter Gerührtheit in melancho¬
1041 2111 1571 2178 lischen Dämmerungen.
1135 2156 2270 2214 Aber er hat vor den Wienern eines voraus. Er
1034 2191 2265 2266 kann arbeiten, arbeiten, arbeiten. Was der Wiener in
1044 2266 2271 2318 der Regel nicht kann. Er ist von peinlichster Gewissen¬
1040 2306 2274 2369 haftigkeit gegen sich selbst. Ich weiß, daß er während
1039 2363 2275 2413 der Beschäftigung mit einer Prosaarbeit vermeidet,
1050 2407 2264 2470 fremde Prosa zu lesen, und daß er keine fremden Dra¬
1039 2461 2276 2512 men liest, wenn er selbst eine dramatische Arbeit vor hat.
1145 2495 2255 2562 So konnte er es wagen, ein Buch wie „Reigen“
1045 2543 2269 2609 zu schreiben und zu veröffentlichen. Ein Buch, das
1047 2595 2278 2657 immer an der Grenze des Möglichen voltigiert, eine
1047 2639 2279 2705 fabelhaft kühne Seiltänzerin, ein Looping the Loop
1050 2713 2283 2755 rund um das, was man in der Gesellschaft nur durch
1046 2746 2288 2808 Gedankenstriche andeutet. Er ist vielleicht der einzige,
1043 2787 2163 2863 der das in deutscher Sprache konnte und durfte.
1900 2836 2219 2897 „Liter. Echo“
1014 2873 1488 2984 ARTUR SCHRITZLEN.
1357 2934 1992 3014 NNFANG VOM ENDE.
1236 3017 2007 3059 Daß all das Schöne nun längst zu Ende,
1247 3052 1811 3109 Wie könntest du's versteh'n:
1240 3080 1907 3143 Ich hab’ ja die lieben, süßen Hände
1243 3136 1879 3200 Geküßt beim Kommen und Geh'n.
1246 3179 1979 3236 Und hab’ in deinem dämmrigen Zimmer
1245 3229 1810 3283 Mit dir gekost und gelucht —
1236 3258 2071 3339 Und hab auch geplaudert mit dir wie immer
1237 3307 1836 3385 Bis spüt, bis spät in die Nacht.
1622 3463 1712 3525 212
2298 756 2389 848 ,d
