3344 4320
2033 191 2282 267 —.—
857 272 1346 375 box 38/4
117 287 735 400 2. Cuttings
75 669 225 751 .—
63 749 2957 796 enlehre erstrecken, die Alt= Verdächtigte einen jeden Zweifel ausschließenden geben, als ob Böhmen eine Provinz Deutschlauer &
88 855 3026 902 Wir waren zu familiär freinlichen oder wenn man will, zimperlichen diesen Beweis nicht hergestellt. Eine Abhandlung über
72 884 3028 990 heater, wir waren ihm mit Kunstsinn dieses Publicums steckt doch noch im Hypnose, der Sectionsbefund einer modernen Ehe
82 946 3027 1020 he an den Leib gerückt. Das Hause. Es ist noch immer nicht die richtige und ein Genrebildchen aus der schönen Zeit,
94 1001 1411 1059 Denn füglich ist es ja Aufnahmsfähigkeit vorhanden
1419 991 3021 1084 für den Kunst= da in Peris das große Guillotiniren losging,
84 1032 690 1099 k heißt es, vornehme Zurück¬
671 1056 3021 1125 genuß eines Milieus der durchnäßten Juchtenstiefel, der werden uns in jenen Einactern geboten. Die
74 1090 691 1156 ich mäßigen im Unmuth wie
673 1087 1852 1170 dunstenden Abwaschfetzen und der aufgewärmten
1832 1102 3026 1168 Cameraderie machte daraus dichterische Offenbarungen.
80 1143 3022 1187 Liebe. Denn auch darin ist Krauttöpfe. — Ohne besonderen literarischen Werth, Ernsthaft glaubte Niemand daran. Die dritte Novität,
72 1179 675 1264 rgriff. Ein Hoftheater muß
680 1191 3027 1278 aber als eine starke dramatische Arbeit erwies sich welche „Jung=Wien“ glorificiren sollte, brachte Herrn
113 1235 3021 1316 geliebt werden. Das „Das Erbe“ von Philippi. Hinge nicht die fatale Hugo v. Hofmannsthal zum erstenmale auf die Bühne
82 1263 1844 1343 wir auch, warum wir Sensation, die actuelle politische Deutung diesem Stücke
1834 1299 3028 1383 des Burgtheaters. In ihm sollten wir das größte
77 1337 672 1399 geworden sind in der
675 1330 1843 1403 an, es dürfte nicht nur als ein wirksames, sondern auch
1839 1349 3011 1420 Talent der Clique kennen lernen. Es war eine arge
103 1369 690 1442 des Burgtheaters. Es ist
666 1374 1845 1445 als ein würdiges Burgtheaterstück bezeichnet werden.
1831 1392 3010 1455 Enttäuschung: eine schwächliche Erfindung und ein ver¬
74 1409 676 1495 ker verständigen Verehrung
670 1427 1841 1498 Von den übrigen elf Novitäten läßt sich vielleicht vom
1830 1443 3017 1525 kümmerter dramatischer Nerv überwuchert von einer
77 1461 668 1529 da muß es freilich dem un¬
667 1481 1839 1542 Standpunkte der Camaraderie oder etwa dem des
1837 1493 3012 1565 sogenannten „schönen Sprache“. Immerhin ist es gutzu¬
79 1522 667 1581 krner stehen. Ein Hoftheater.
667 1519 3017 1601 Kassenrapportes einiges Rühmliche sagen, der ernsten heißen, daß dieses vielgerühmte Talent aus dem ge¬
69 1561 668 1635 n den Gedanken gewöhnen,
673 1572 3019 1648 sachlichen Kritik halten sie nicht Stand. Das Schau= heimnißvollen Halbdunkel der „literarischen“ Salons in
76 1611 675 1696 uen kritischen Maßstab ver¬
669 1623 3012 1716 spiel „Ewige Liebe“ von H. Faber ist gepaustes Talent, das helle Rampenlicht gesetzt wurde. Nun weiß man
673 1679 3008 1764 ein Abklatsch bewährter Vorlagen und eben deßhalb doch, daß „Jung=Wien“ auch in Herrn Hugo
96 1705 3008 1797 des Hof=Burgtheaters darf wirksam. Die Aufführung im Burgtheater ist v. Hofmannsthal den Messias nicht gefunden hat,
71 1752 1834 1849 Direction Schlenther gebucht nur zu rechtfertigen, weil das Stück einige gute
1823 1785 3020 1837 den es so sehnsüchtig erwartet. Director Schlenther
91 1818 1828 1879 wie das Vorjahr, eine Zeit Rollen enthält und die conventionelle moderne Prä¬
1824 1820 2099 1900 vollbrachte
2100 1831 3016 1918 mit der Aufführung dieses Autors
119 1869 1846 1950 und der ersten Versuche gung zeigt, die noch immer Kaufkraft besitzt. Eine
1836 1878 2095 1938 eine Art
2092 1868 3015 1951 prophylaktisch=literarischer That, eine
963 1916 1051 1948 #11
87 1921 1838 1985 eine Zeit der Bethätigung Geschmacksverirrung aber war es, uns das Lustspiel
1829 1915 2110 1988 vorbeugende
2098 1931 3011 1996 Ernüchterung. Es war freilich anders
113 1957 675 2024 diese Saison gebracht?
664 1947 1113 2032 „Der Vielgeprüfte“
1113 1960 1829 2039 von Mayer=Förster vorzusetzen.
1834 1970 3020 2032 gemeint. Die Tragödie „Herostrat“ von Ludwig Fulda
85 2004 3012 2063 ierzehn Stücke vorgeführt Eine Verirrung des norddeutschen Geschmackes auf brachte dem Repertoire des Burgtheaters keine Be¬
88 2058 195 2117 khl.
182 2067 3010 2137 Aber auf literarische wienerischen Boden. Drei Novitätenabende hat Director reicherung. Der Versuch Fulda's, das actuelle Thema
81 2106 3019 2154 llen diesen Stücken wol Schlenther daran gewendet, dem vercliqueten „Jung=des anarchistischen Größenwahns auf den classischen
85 2154 3008 2235 spruch erheben: „Fuhr=Wien“ auf die Beine zu helfen. Zwei dieser Abende Kothurn zu stellen, fiel recht unglücklich aus und die
73 2197 1839 2259 no von Bergerac“. Die waren der Muse Arther Schnitzler's gewidmet, die in
1821 2217 3011 2283 Aufnahme des Stückes kam einer Ablehnung gleich. Der
80 2238 1832 2307 nd's gehörte ins Burg= qualvoller Enge zwischen einem ärztlichen Ordinations=
1818 2280 3001 2339 gute Name des Autors, dankbare Rollen und einige
84 2297 1840 2373 akteristische Erscheinung der zimmer und dem Absteigequartier eines Lebejünglings zu
1824 2311 3007 2388 wirksame Scenen des Stückes dürfen als mildernde
116 2351 2999 2426 einer der ersten Boten lhgiren scheint. Carbolgeruch und Cocottenparfum dringen Umstände dieser Aufführung geltend gemacht werden.
86 2373 3001 2470 Meuromantik. Das Schau= durch die Thurspalten links und rechts in das dürftige Schwerer zu rechtfertigen dürfte die letzte Novität dieser
97 2446 2998 2528 rechtfertigt die Aufnahme Heim dieser armen Muse. Das Schauspiel „Das Ver= Saison sein, die Comodie „Peter Kron“ von E. Rosmer.
87 2486 2999 2581 kheaters durch den Namen mächtniß“, welches uns den letalen Ausgang einer Weßhalb diese schwache Arbeit der begabten Verfasserin
80 2548 3006 2624 ück selbst nahm sich schweren Gehirnerschütterung und einer Liebschaft mit nach langer Irrfahrt durch Theaterkanzleien just im
91 2595 1832 2676 Rahmen dieser Bühne Paternitätsbeschwerden vorführt, hat den Wahrheits¬
1829 2609 2910 2682 Hofburgtheater landen mußte, ist nicht zu verstehen.
86 2644 1834 2709 nicht zu jener Wirkung ge= beweis dafür, daß Herr Schnitzler ein Dichter ist, nicht
1911 2663 2999 2732 An Zahl vollauf genügend, an Gehalt recht un¬
94 2690 1831 2766 sicher gewesen wäre. Das erbracht. Auch die drei Einacter „Paracelsus“, „Die
1829 2706 2997 2775 zulänglich, kann die Ausbeute der abgelauferen Saison
72 2752 1828 2820 #ist ja längst nicht mehr der Gefährtin“ und „Der grüne Kakadu“, welche einen
1825 2752 3000 2821 an Novitäten als eine schwache Mittelernte bezeichnet
79 2788 1824 2875 ters, aber etwas von dem zweiten Premierenabend in Anspruch nahmen, haben
1820 2803 2996 2878 werden. Der Bühnenleiter, auch der des Burgtheaters,
1805 2849 2999 2942 ist nicht verantwortlich zu machen für die dramatische
1819 2917 3009 2986 Production. Nur in der Auslese kann seine Kenntniß
1817 2961 3003 3047 oder seine Schuld liegen. Die Auswahl, die Director
1821 3016 3011 3100 Schlenther traf, wird sichtlich beeinflußt von dem Be¬
1814 3064 3004 3143 streben, einerseits recht literarisch zu bleiben, und
1814 3104 2843 3174 andererseits den Wiener Markt möglichst zu
2823 3124 3006 3187 berück¬
2828 3167 2997 3237 einzu¬
1824 3151 2839 3231 sichtigen. Dagegen ist an und für sich nichts
1811 3206 2997 3277 wenden. Aber der Wiener will auch im Heilszeichen
1814 3258 2161 3331 der Literatur
2159 3264 2838 3345 nicht gelangweilt werden.
2861 3272 3005 3338 Und
1813 3296 2824 3378 süber der literarischen Auffassung des
2810 3307 3011 3381 Herrn
1813 3351 3003 3423 Schlenther liegt nun einmal die Melancholie und Monotonie
1807 3403 3005 3487 eines windstillen Sommertages am gähnenden kurischen
1800 3466 2997 3528 Haff. Man kann sich des Mitgähnens nicht erwehren.
1799 3508 3000 3556 Und die Berücksichtigung, die Herr Director Schlenther
1797 3544 2994 3617 dem Wiener Markte angedeihen läßt, sieht einem Liebes¬
1800 3597 3004 3672 dienst für die allmächtige Clique verzweifelt ähnlich.
1796 3651 2997 3722 Denn diese Berücksichtigung erstreckt sich nur auf bereits
1806 3696 2996 3755 sausreichend entdeckte „Dichter“, die mehr durch Vetter¬
1804 3733 3001 3807 schaft als durch Talent „ziehen“. Dabei besteht kein
1815 3796 3019 3859 Risico. Irgend ein junges Talent, das außerhalb der #
1807 3830 1984 3900 Clique
1974 3840 3003 3910 steht, hat uns Herr Schleuther noch nicht vor¬
1797 3889 2009 3955 geführt.
2001 3886 3008 3962 Denn ein solches Talent müßte wirklich erst
1798 3936 2999 4016 entdeckt, statt aus dem Kaffeehause geholt werden und
1805 3987 2999 4061 dann wäre die Sache auch zu gewagt. Wozu den Zorn##
1799 4031 2289 4123 der Olympier wecken?
2653 4157 3001 4226 R
2117 4176 2236 4234 2.
