3296 4352
843 227 1378 331 box 38/4
179 234 772 333 2. Cuttings
1358 580 1427 662 7
2380 609 2560 671 Seite 17
1443 592 1775 679 „Die (Duelle““
653 614 928 690 Heft 9 1.—10
1626 737 2600 810 bringt auch selbst ihre „Durchführung“, alle die
804 741 1447 826 Ferdinand Bronner.
1620 786 2601 850 Variationen und Kontrapunkte, zu denen unsere
750 813 1485 882 Eine Studie von Max Morold, Wien.
1628 838 2609 904 Denktätigkeit von den anderen bloß angeregt
1626 901 2619 943 wird. Er ist nicht Heimatskünstler in dem Sinne,
704 891 1604 969 Wo Schnitzler und Schönherr gepriesen
1637 939 2596 993 als ob auch er durch die Einflüsse seiner Her¬
633 940 1609 1009 werden, da muß auch Bronner genannt werden.
1637 983 2606 1037 kunft oder seiner Umgebung zu einer bestimmt aus¬
638 988 1615 1044 Schnitzler hat das Wiener „Milieu gestaltet,
1627 1037 2618 1097 geprägten Schaffensweise gedrängt wäre, sondern
634 1052 1605 1105 Schönherr aus der bäuerlichen Erde Tirols seine
1630 1081 2607 1135 er ist ein überlegener Betrachter, der den Charakter
630 1105 1601 1147 urwüchsige Kraft gezogen. Heimatskunst, „Pro¬
1632 1139 2614 1193 derartiger Einflüsse und Bedingungen festzustellen
635 1144 1613 1203 vinzkunst“ ist durch diese beiden — namentlich
1640 1180 2608 1237 und ihre Gesetze zu ergründen sucht; er gestattet
637 1188 1611 1244 aber bei Schönherr — zu einer ganz allgemeinen,
1641 1232 2613 1289 nicht eine Heimat, sondern den Heimatsbegriff; er
640 1237 1618 1295 unbedingten Kunst geworden und im Lichte dieser
1631 1282 2610 1335 belehrt uns darüber, daß es die mannigfachsten
628 1296 1616 1349 Kunst hat auch das Bewußtsein der Heimat, die
1644 1326 2608 1387 und die seltsamsten Formen der Heimat gibt.
642 1334 1616 1390 Erkenntnis des Wertes lokaler und provinzieller
1640 1375 2610 1432 Familie, Rasse, „Milieu, er erbter und erwor¬
644 1396 1605 1447 Eigentümlichkeiten neue Klarheit gewonnen. Solche
1646 1417 2619 1476 bener Besitz, Zwang des Berufes und Freiheit
639 1447 1609 1491 Kunstwerke, wie sie Schnitzler und Schönherr
1637 1476 2605 1529 des Gefühls und der Anschauung, die sich durch¬
639 1484 1619 1545 schaffen, gewähren nicht bloß ästhetische Befriedi¬
1632 1537 2608 1583 kreuzende und verwirrende Menge von Fähig¬
633 1531 1621 1602 gung, sondern sie regen auch zum Nachdenken an,
1640 1567 2598 1628 keiten, Neigungen, Beziehungen und „Interessen“
633 1587 1617 1642 sie zeigen Probleme auf, sie wirken auf unser poli¬
1643 1618 2616 1675 des Einzelnen und der Gesamtheit, all das
629 1627 1614 1700 tisches und soziales Empfinden. Aber die Dichter
1641 1676 2616 1735 hat mit dem rein äußerlich, geographisch und
642 1679 1609 1745 selbst wollen dies gar nicht. Wenn Schnitzler,
1640 1723 2611 1776 politisch begrenzten Begriff der Heimat oft gar
637 1730 1617 1798 bewußt oder unbewußt, in nicht wenigen seiner
1640 1769 2615 1832 nichts mehr gemeinsam und gibt sich doch gern
648 1779 1597 1836 Dichtungen die jüdische Seite des Wiener „Milieus“
1642 1814 2614 1883 für Heimat aus, will die Heimat ersetzen. Der
636 1836 1629 1885 besonders hervorkehrt, so fällt es ihm dabei nicht
1642 1856 2626 1926 moderne Mensch und vielleicht am meisten der
640 1877 1614 1930 im entferntesten ein, die Judenfrage aufzuwerfen.
1650 1920 2623 1971 moderne Österreicher ist gleichsam entwurzelt:
649 1923 1629 1982 Und wenn Schönherr uns mit dem Bäuerlichen
1638 1945 2620 2032 aber grünen, blühen, Früchte tragen kann doch
648 1987 1626 2028 und Urwüchsigen seiner Schaffensweise und der
1648 2024 2625 2072 nur das im Erdreich Wurzelnde. So sucht denn
638 2028 1631 2095 von ihm geschaffenen Gestalten aus Herz greift,
1644 2075 2618 2123 jeder Wurzeln zu schlagen und der von „Vater¬
643 2073 1629 2132 so will er eben nur Gestalten, nicht Beispiele geben,
1649 2110 2623 2162 und Mutterländern“ Losgerissene sucht „unserer
642 2130 1623 2188 so kümmert es ihn nicht, wie sich die von ihm
1643 2159 2620 2213 Kinder Land“, das Nietzsche=Zarathustra ihm
643 2166 1628 2232 gezeigte Menschenart in der modernen Welt aus¬
1647 2206 2608 2275 gezeigt hat, der Heimatlose, der Enterbte der, Um¬
648 2228 1629 2280 nimmt. Nur wir, die Leser und Zuschauer, können
1653 2257 2627 2332 hergetriebene sucht in der Fremde, in der Zukunft,
644 2269 1625 2328 uns solcher Vergleiche nicht entschlagen, wir stellen
1652 2307 2627 2382 in einer neuen Welt sich den Platz zu erobern,
649 2335 1629 2383 uns die feinen und groben „Helden“ Schnitzler'scher
1654 2356 2633 2411 auf dem er wurzeln kann. Dieses Suchen, Streben¬
655 2364 1625 2423 und Schönherr'scher Erzählungen und Theaterstücke,
1649 2403 2623 2464 und Irren, dieses Haftenwollen und wieder Fort¬
646 2423 1629 2488 gerade weil sie so echt und eindringlich auf uns
1646 2465 2625 2515 gerissenwerden ist der wesentliche Inhalt der
658 2467 1624 2533 gewirkt haben, aus dem Buche und von der
1649 2489 2630 2567 Kämpfe, an denen wir teilnehmen: der sozialen
650 2528 1621 2577 Bühne weg ins Leben hinein und forschen nun
1652 2557 2625 2625 und der nationalen Bewegung, der Judenfrage
653 2561 1627 2622 weiter, wie es da zugeht, ob wir dort den Verfall
1648 2619 2627 2662 und der religiösen Streitigkeiten. Und wie nun
649 2612 1634 2671 der wienerischen Kultur durch eine internationale
1647 2650 2626 2704 alles mit allem im Streite liegt und keiner den
649 2661 1622 2733 Geistesindustrie, hier die Neugeburt der öster¬
1647 2706 2630 2752 ruhigen, sicheren Punkt findet, wo er ganz er
660 2727 1631 2777 reichischen Volkskraft aus dem Gemüte des in
1658 2750 2633 2821 selbst zu sein vermöchte, da berührt es wundersam
656 2764 1631 2820 seinem Boden wurzelnden Alplers zu erspähen
1654 2799 2626 2870 ergreifend, wenn wir ein Volk gewahren, dem
660 2811 1633 2862 haben. Das sind ja die Fragen, Hoffnungen und
1649 2850 2623 2920 die Vergangenheit zur Gegenwart wird, dem das
653 2857 1630 2910 Befürchtungen, die täglich Antwort heischen, und
1657 2896 2635 2964 Erbe seiner Väter Ruhe und Frieden spendet,
659 2909 1630 2958 nicht romantische Fabeln, die keine Nutzanwendung
1652 2959 2634 3008 das in der stolzen Sicherheit seines ungebrochenen
659 2955 1626 3020 auf die reale Gegenwart gestatten, sondern einzig
1650 3008 2635 3064 Heimatsgefühles Heldenkraft zu bewähren weiß;
656 3003 1630 3073 und allein Gegenwartsdichtungen, Zeitschilde¬
1649 3058 2626 3098 ein Volk, wie es erst vor kurzem, bei der Er¬
655 3052 1633 3112 rungen, Spiegelbilder unserer Nöte und unseres
1656 3086 2637 3156 innerung an den Tiroler Aufstand des Jahres 1809
652 3102 1628 3160 Verlangens vermögen uns in der Kunst zu fesseln.
1665 3152 2631 3199 leuchtend vor unser geistiges Auge getreten ist und wie
661 3156 1629 3213 Darum ist es beinahe verwunderlich, daß Ferdinand
1652 3193 2642 3242 es noch heute durch die Dichtungen Schönherrs
659 3201 1633 3260 Bronner noch nicht der Dichter unserer Tage ist;
1657 3240 2637 3293 und Kranewitters vernehmlich zu uns spricht.
659 3266 1639 3318 und darum ist wohl kaum zu zweifeln, daß eine
1727 3291 2637 3346 Diesen ganzen Umkreis von Betrachtungen,
650 3305 1638 3362 nahe Zukunft ihm diesen Rang einräumen wird.
1653 3355 2639 3396 Erwägungen, Stimmungen und Eindrücken hat
742 3347 1631 3422 Ferdinand Bronner schlägt die Themen, die
1667 3388 2641 3457 Dr. Ferdinand Bronner*) in seinen dramatischen
654 3399 1647 3454 bei den anderen naiv und absichtslos erklingen,
659 3447 1644 3524 ganz bewußt an, mit reflektierender Absichtlichkeit;
1760 3467 2626 3517 *) Geboren am 15. Oktober 1867 zu Auschwitz, seit
1659 3508 2631 3555 1900 Gymnasialprofessor in Wien, der eine Zeit lang
660 3499 1642 3555 und er begnügt sich nicht damit, sie anzuschlagen
1667 3554 2505 3603 unter dem Pseudonym Franz Adamus dichtete.
662 3547 1641 3617 und in uns weiterklingen zu lassen, sondern er
2896 4139 2933 4191 4
