3392 4320
140 266 727 380 2. Cuttings
865 264 1344 363 box 38/4
1092 1068 2181 1169 Lechher's Mitchellungen
1478 1148 1796 1220 aus dem Gebicte
906 1189 2380 1303 der Literatur und Kunst, der Photographie und Kartographie.
1144 1276 2131 1344 Jährlich 12 Nummern. — Preis inel. Versendung jährl. Einen Gulden.
1643 1371 2388 1471 S nor- und Umivrksrrärs-BochnAnpLond
928 1399 1714 1503 a. Lechwen (Wirh. MOLLER, K. u. K. Wee.
1000 1477 2313 1567 WIEN. Commissions-Verlag des k. u. k. milität-geographischen Institutes. GRABEN 31.
1659 1553 2385 1652 Se Hor-MANUrACrUR ron PHorcckArhir.
923 1582 1732 1682 K LECHNER WILR. MOLLER, K. v. K. S
1185 1749 2113 1859 ARTHUR SCHNITZLER.
1072 1877 2400 1984 ir glauben, dass bei den literarischen Wettrennen, die seit etwa zehn
1099 1939 2400 2022 Jahren vom sogenannten Jung-Wiener Club zu gewissen Zeiten unter
949 1985 2416 2076 Mün dlem Zulauf eines erwartungsvollen L’ublicums abgehalten werden,
936 2038 2416 2127 einmal einer, der wohl seit jeher die meisten Aussichten auf Erfolg hatte, als
933 2069 2420 2166 bejubelter, reichbekränzter Sieger hervorgehen wird, seine Mitläufer und
941 2114 2420 2227 Concurrenten weit zurücklassend. So mancher stille Beobachter dlieser
2029 2156 2422 2230 viel, der Siegerwird
946 2210 1345 2281 Hetzjagden würde
2026 2211 2426 2278 überall seiner Lor¬
946 2258 1338 2330 einen solchen Sieg
2031 2261 2430 2329 beeren gewiss sein.
948 2309 1351 2375 wie eine Erlösung
2037 2311 2446 2380 sa! Wir halten
939 2352 1344 2425 begrüssen, um end¬
2039 2355 2429 2423 Arthur Schnitzler
953 2395 1354 2478 lich dem Geschrei
2041 2397 2439 2473 vor allen Mitbe.
954 2447 1350 2524 der Meinungen ent¬
2041 2451 2442 2520 werbern für fähig,
958 2495 1362 2565 ronnen zu sein und
2039 2503 2435 2570 dem deutschen Aus¬
955 2545 1354 2616 sich dem erlösen¬
2037 2544 2448 2622 lande zu zeigen,
958 2591 1350 2669 den Beifall für eine
2046 2595 2453 2656 dass auch Wien in
956 2644 1368 2712 gediegene Leistung
2043 2639 2439 2710 literarischen Din¬
964 2687 1353 2758 hingeben zu kön¬
2054 2695 2439 2756 gen noch zu etwas
968 2738 1356 2805 nen. Magsich diese
2056 2739 2454 2818 fähig ist. Es sicht
969 2783 1371 2859 Thatsache auf den
2052 2790 2448 2859 hier wohl verwor¬
980 2833 1368 2902 „Kennplätzen“ der
2063 2840 2457 2912 ren genug aus, aber
974 2882 1372 2952 Burg, des Deutschen
2063 2885 2462 2948 man darf den Muth
978 2931 1368 2994 Volks-, Raimund¬
2062 2937 2456 2999 nicht sinken lassen.
964 2981 1377 3045 oder Carltheaters
2066 2983 2467 3054 Es hat in Berlin
979 3027 1365 3094 vollziehen, gleich¬
977 3044 2462 3128 auch lange genug gegährt, und mancher literarische Wechselbalg ist aus¬
983 3066 2466 3183 gerückt ins Treffen, und manch grausam-lächerliches Scharmützel hat auf
985 3123 2469 3236 dem Felde der Literatur stattgefunden. bis Sudermann, der Wackere, mit
986 3172 2472 3274 seiner „Ehre“ aufzog und die grosse Schlacht geann. Möchte eine solche
980 3232 2471 3322 Freude, wie sie Ende der Achtzigerjahre den Berlinern beschieden war,
995 3298 1854 3391 auch den Wienern nicht versagt bleiben!
