3392 4320
140 252 737 371 2. Guttings
883 252 1341 337 box 38/4
1960 301 2951 406 deres Recht, das Wort zu ergreifen. Er hat es orga¬
1966 384 2948 451 nisirt. Lange bevor eine Einigung der verschiedenen
1971 426 2939 495 suchenden Elemente im Anzuge war, hat er, von franzö¬
1965 480 2943 551 sischen Einflüßen ausgehend, das Sinnlich=Uebersinnliche
1953 532 2945 587 als Ueberwindung des Naturalismus gepriesen. In
1963 579 2931 628 amusanter Weise setzte er in seiner Conferenee aus¬
1960 625 2935 700 einander, wie sich die Wiener „junge Schule“ aufgethan
1968 677 2935 731 hat: zuerst nach der richtigen Wiener Art im Caféhause,
1968 731 2936 796 und zwar in dem berühmt gewordenen „Grünsteidl“,
1964 756 2944 841 dann in stillen Zusammenkünften bei Arthur Schnitzler.
1966 807 2946 880 Da brachten sie seltsame Reime auffällige Adjective, und
1966 865 2939 933 wer nicht das vorzubringen hatte, doch wenigstens eine
1964 909 2946 982 eigenartige Cravatte und eine Stirnlocke. Ihre Absicht
1960 953 2945 1028 war zunächst, anders zu sein als die Anderen, und all¬
1970 1008 2944 1086 mälig bildete sich mit Bewußtsein der Grundgedanke
1957 1060 2946 1112 heraus, Wienerisch, österreichisch zu sein. Bahr meinte,
1965 1103 2937 1162 daß Grillparzer und Saar gewiß auch Wiener sind, aber
1963 1153 2938 1212 doch nicht so bewußt als die junge Schule. Schade nur,
1963 1207 2940 1249 daß Hermann Bahr Raimund, Nestroy und Anzengruber
1945 1256 2948 1313 aus dem Spiele gelassen. hat, denen man das richtige,
1950 1300 2947 1370 bewußte Wienerthum gewiß nicht absprechen kann. Dieses
1044 1342 2950 1412 —Soncordia“=Vortrag. Am Sonntag sprach Wienerthum nun ist das Gepräge, auf das am meisten
996 1403 2950 1461 Hermann Bahr über „Jung=Oesterreich“ oder, wie Werth gelegt wird, und. von diesem Standpunkte aus
998 1444 2945 1505 der sein Thema näher präcisirte, Jung=Wien. Trotz der wird Manches gelobt und anerkannt, was anderswo
999 1495 2949 1563 gleichzeitigen großen Veranstaltungen, welche viel Pu=eben wegen dieses besonderen Duftes nicht gewürdigt?
1001 1546 2943 1600 blienm anzogen, hatte sich eine sehr zahlreiche Zuhörer= werden kann. Obn daran etwas Großes sei, fragt
1014 1597 2942 1667 schaft eingefunden, um den bekannten Schriftsteller per= Bahr, und antwortet selbst: Die „jungen Wiener“ haben
1004 1667 2949 1705 sönlich kennen zu lernen. Und hier gilt das „persönlich“es verstanden, das Dichten wieder in die Mode zu
1009 1695 2951 1753 noch in ganz besonderem Sinne. Hermann Bahr ist es bringen; sie verdrängen Niemanden, und wenn sie nicht
1012 1747 2944 1799 nicht nur gelungen, durch seine wirklich geistvollen Essays das Große, im alten Style Bedeutende bieten, so geben
1013 1780 2943 1850 und Kritiken, durch seine kühn vorwärts dringende pole= sie doch etwas Achtenswerthes überhaupt. Aus diesem
1011 1845 2948 1903 mische Art die allgemeine Aufmerksamkeit zu erregen, Grunde verlangt er für die Leistungen von Jung=Wien
1014 1870 2951 1960 sondern — und er gesteht es kokett ganz offen ein — auchs etwas Achtung und bischen Neigung, Nun, was die
1006 1926 2957 2017 durch die äußere Form seines Gehabens das Interesse Achtung und Reigung anlangt, so haben sich die besten
1012 1974 2940 2044 weiter Kreise auf sich zu lenken. Nun, es ist wirklich Köpfe von Jung=Wien über Mangel daran nicht zu be¬
1004 2014 2948 2089 etwas Ungewöhnliches, was er in seinem Vortrage bietet. klagen. Arthur Schnitzler vor Allen hat sich den Boden
1008 2082 2950 2128 Seine Darstellung ist ohne Zwang, untermischt mit vollständig erkämpft, und von Hugo von Hofmannsthal
1012 2131 2954 2194 kleinen Künsten, die ihre Wirkung nie verfehlen; sein spricht man doch überall mit Achtung und wird ihm auch
1978 2178 2952 2238 gern die Neigung zuwenden, Daß Jung=Wien unter der ##
1012 2190 1982 2234 Organ hat einen starken Reiz, den er in allen Modula¬
1007 2229 2939 2288 tionen zur Geltung zu bringen weiß; die lässige Art, Führung Bahr's so bescheioen sei, wie Bahr selbst an¬
1008 2271 2945 2341 die speciell das Wienerthum bedeuten sdlll steht ihm sogibt, können wir nun nicht empfinden. Aber warum
1019 2330 2949 2389 gut, daß man von seiner=Causeyte dassilbe/ Vexgnügen sollen wir nicht auch den Wiener stolz lieben wie den?
1008 2362 2177 2430 hat, wie von einem feinen Gesellschaftslunspiele, das von Spanier!
2072 2394 2950 2488 Die Proben, die Hermann Bahr las, waren, von
1016 2407 2003 2487 den besten Schauspielern des Burgtheaters aufgeführt
1978 2467 2953 2534 der ersten abgesehen, nicht gerade geeignet, das Dichter¬
1010 2480 1988 2534 wird. Was er uns zu sagen hatte, schien fast Nebensache
1988 2513 2951 2586 thum Wiens besonders glänzend darzustellen. Wir kennen
1010 2514 1983 2604 gegenüber dem Gesammteindrucke der für Prag neuen
1975 2554 2964 2622 viel Besseres von ihnen. Aber da es sich um eine Vor¬
1021 2575 1417 2640 Form des Vortrags.
1982 2613 2964 2673 lesung handelt, bei der das Merkmal von Jung=Wien:
1104 2601 1990 2684 Bahr sprach also über Jung=Wien, und wenn wir
1991 2658 2944 2733 das Grüblerisch=Sinnende, das Duftig=Unfaßbare nicht
1012 2668 1984 2723 ihm sonst gern das Recht zugestehen wollen, in allen
1980 2704 2948 2784 gut zum Vor hein treten kann, so wollen wir auch
1022 2720 1985 2780 Fragen der Kunst mitzusprechen, so hat er, wie man
1992 2744 2959 2831 daraus keinen Vorwurf schmieden. Nur auf etwas möchten
1020 2772 1988 2827 weiß, in der Frage Jung=Wiens noch ein ganz beson¬
1988 2813 2948 2862 wir noch zu sprechen kommen, auf Hugo von Hofmanns¬
1984 2847 2969 2941 thal. Dieser junge Dichter ist, noch fast Gymnasiast, mit
1984 2913 2957 2984 einem reizenden dramatischen Bilde aus der Renaissance¬
1983 2952 2963 3023 zeit hervorgetreten: „Gestern“. Das kleine Büchlein ist
1980 3004 2955 3068 voll echter Poesie. Seither haben wir etwas so Erqnicken¬
1978 3035 2951 3114 des und Offen=Schönes von Hofmannthal nicht gelesen.
1975 3095 2952 3164 Wir sagen Offen=Schönes, weil die Dichtungen, die Hof¬
1987 3139 2953 3208 mannsthal seitdem veröffentlicht hat, sehr sein und tief
1971 3181 2955 3253 sind, aber doch keine freie Wirkung üben. Es ist eine
1977 3239 2949 3307 Poesie für die obersten Tausend. Und das hat Hermann
1978 3276 2951 3355 Bahr auf dem Gewissen. Die Jung=Wiener schwören
1975 3338 2948 3396 mit Recht auf die hohe Begabung Hofmannsthal's, aber
1972 3396 2952 3448 es muß ihm sein wie einem Zauberer, dem man immer¬
1978 3436 2949 3499 sort auf die Finger sieht, oder wie einer Frau, die auf
1975 3488 2948 3544 einem Balle als die voraussichtliche Königin erwartet
1972 3515 2950 3589 wird. Es scheint ihn die Verpflichtung zu drücken als
1975 3575 2948 3643 Dichter immer etwas absonderlich Neues, etwas aus der
1976 3616 2949 3692 tiefsten Tiefe Geholtes zu bieten, und darüber geht seine
1969 3664 2946 3723 im Inneren frische Kraft für das eigentliche Volk ver¬
1964 3710 2954 3780 toren. Ich habe einige der letzten Gedichte von Hof¬
1972 3770 2947 3825 mannsthal mit Verwunderung gelesen. Man liest und
1972 3820 2940 3885 weiß nicht recht, worauf diese „schönen Adjectiva“ hin¬
1974 3852 2949 3929 zielen, und schließlich bleibt nur ein unbestimmtes
1973 3918 2940 3970 Klingen im Ohre zurück. Wir möchten nur wünschen,
1974 3950 2947 4038 daß Jemand dem Dichter den Muth beibrächte, einmal
1977 4004 2950 4089 nicht originell zu sein und sich zu geben, wic rr ist. Ich
1978 4053 2941 4128 denke, wir bekämen Dinge zu hören, die uns Alle herz¬
1978 4107 2944 4162 lich erfreuen würden. Wir bitten darum, nicht immer
1984 4152 2965 4205 „anders als die Anderen“; denn darin liegt zwar der —
