3392 4320
187 194 784 312 2. Cuttings
1334 123 1498 196 —
1876 87 2021 198 2
2232 142 2445 255 OBSE
939 178 1400 292 box 38/4
1834 242 2630 373 S ARNFPR W
2189 394 2459 499 19.N0V.
1828 471 2910 570 (Eine Oesterreich=Nummer der „Welt im Wort“.)
1747 555 2921 608 Die neue Prager Wochenzeitung „Die Welt im Wort“ gibt soeben
1746 597 2911 646 eine gleich reichhaltige wie interessante Sondernummer heraus,
1742 625 2903 704 die Oesterreich gewidmet ist. Den Reigen eröffnet ein Aufsatz über
1746 672 2910 742 Hugo v. Hofmannsthal, Anton Wildgans und Arthur Schnitzler,
1748 708 2911 771 in dem Felix Braun diese drei Repräsentanten österreichischen
1739 755 2910 829 Schrifttums in feinsinniger Weise charakterisiert. Robert Michel
1747 791 2910 865 wird in einer besonderen Studie behandelt. Ueber die Wiener
1751 838 2908 899 Literaturkaffeehäuser, über die österreichischen Verlage und über
1752 875 2924 954 die Gedankenwelt Adalbert Stifters wird Interessantes gesagt,
1742 924 2549 1012 ebenso über die österreichische Landwirtschaft.
1451 1106 1802 1223 g## e SSSOn
1868 1234 2478 1357 200000
779 1259 1371 1364 e
2139 1442 2209 1522 1
955 1450 1160 1555 —
1604 1491 1714 1570 2
1979 1514 2067 1584 7 3
1172 1562 1414 1671 R
1401 1596 2204 1711 W
774 1705 2487 1797 Geptegesereseeeeeu eeeu c e e u e e r eee   ee
891 1880 2377 1987 Deutsche Dramatiker der Gegenwart.
1582 1982 1677 2042 IV.
1257 2044 1996 2164 Artbur Schnitzler.
1379 2143 1899 2215 Von Victor Ulemperer.
908 2183 2490 2272 ndiesem Winter hat man Gelegenheit, Schnitzlers Erstling und sein zuletzt
794 2260 2492 2312 erschienenes Werk auf der Bühne zu sehen. Die „Anatol“=Suite ist an
780 2313 2491 2374 mehreren Orten heimisch geworden, an den „Jungen Medardus“ hat sich
784 2382 2493 2448 bislang nur das Burgtheater gewagt. Dem flüchtigen Blick wird sich kein noch so leiser
793 2429 2495 2497 Zusammenhang zwischen diesen beiden Dichtungen offenbaren. Dort die verliebten
788 2479 2492 2546 Spiele eines jungen Mannes, der sich einzig um die allzu sorgsam betrachteten Re¬
790 2553 2492 2607 gungen der eigenen Persönlichkeit bekümmert, hier ein gewaltiges Historiengemälde,
784 2587 2495 2653 in dem die Bedeutung des Einzelnen dem Allgemeinen gegenüber einzuschrumpfen
791 2646 2493 2712 scheint. Blickt man aber tiefer, so wird man bei allen Verschiedenheiten dennoch
787 2697 2490 2750 mehr und mehr eine große, innerliche Verwandtschaft zwischen Anatol und Medardus
786 2754 2491 2806 gewahren, wird sie als Kinder des gleichen, dichterischen Schöpfers erkennen. Nur
787 2804 2489 2872 freilich: der den „Anatol“ schuf, war ein Jüngling, dessen ganzes Lebenssehnen noch
783 2862 2498 2911 ins Erotische mündete, und fast zwei Jahrzehnte des Reifens, der Entwickelung in
790 2912 2499 2985 rastloser Arbeit mußten folgen, ehe der „Medardus“ werden konnte. Nun scheint
794 2981 2503 3036 mir auch dieses durchaus nicht schlackenfreie Werk keineswegs die letzte, für Arthur
791 3026 2497 3078 Schnitzler erreichbare Höhe zu bedeuten, vielmehr nur eine Etappe. Aber der bisher
786 3067 2489 3155 zurückgelegte Weg ist doch ein so großartiger, daß sich die Mühe eines zusammen¬
789 3134 1793 3206 fassenden Ueberblicks gewiß vollauf verlohnt ..
917 3180 2485 3251 Auch zwischen den Erfolgen der großen Dichter waltet so etwas wie eine aus¬
795 3259 2499 3314 gleichende Gerechtigkeit. Der eine muß lange um seine Anerkennung ringen; aber
796 3309 2501 3372 wird sie ihm endlich zuteil, so ist sie auch eine gerechte, insofern sie sein ganzes
786 3346 2501 3421 Schaffen bewertet und das reifste Werk nun auch am höchsten stellt. Den andern
790 3403 2499 3468 macht sogleich sein Erstling berühmt; doch nun ist er zum mindesten für die große
791 3458 2502 3516 1je ein für allemal abgestempelt, und wächst er auch noch so hoch über jene
784 3528 2504 3579 Anfangsleistung hinaus, so bleibt er doch im Geist und Munde der vielen etwa der
795 3562 2496 3627 Dichter von „Waldmeisters Brautfahrt“ oder — des „Anatol“. Es hatte für mich
790 3627 2499 3687 etwas Tragikomisches, als ich in einer privaten Unterhaltung Arthur Schnitzler mit
805 3677 2495 3747 einiger Entrüstung sagen hörte, er habe es reichlich satt, sich den „Dichter des süßen
791 3743 2506 3800 Mädels“ nennen zu hören, und es seien doch wenigstens einige Zweifel daran
794 3779 2502 3832 erlaubt, daß das Erotische sein stärkstes und nun gar sein einziges Thema sei.
800 3844 2494 3902 Gewiß gibt es keine ungerechtere pars-pro-tote=Satzung, als wenn man Schnitzlers
801 3889 2500 3960 Schaffen derart umgrenzt, und gewiß wird sich diese Ungerechtigkeit niemals ausrotten
804 3955 2500 4016 lassen, weil eben sein junger Ruhm auf den „Anatol“ und die diesen Szenen sozusagen
804 4004 2500 4067 benachbarte „Liebelei“ gegründet ist. Und weiter, weil die vielen diese beiden
808 4051 2506 4127 Arbeiten nur einseitig schätzen und also unterschätzen, weil sie in ihnen nur die
