3344 4320
912 217 1390 321 box 38/4
157 240 778 347 2. Cuttings
245 912 986 1015 Antrage: Das königliche Liaet.
256 941 3330 1044 die Glaubens= und Sittenlehre erstrecken, die Alt= Verdächtigte einen jeden Zweifel ausschließenden geben, als ob Böhmen eine Provä
248 1057 3336 1150 die Munificenz des Kaisers. Wir waren zu familiär reinlichen oder wenn man will, zimperlichen diesen Beweis nicht hergestellt. Eis
1838 1113 3289 1183 Publicums steckt doch noch im Hypnose, der Sectionsbefund
252 1114 1841 1195 geworden mit diesem Burgtheater, wir waren ihm mit Kunstsinn dieses
254 1139 3300 1242 unserer Vertraulichkeit zu nahe an den Leib gerückt. Das Hause. Es ist noch immer nicht die richtige und ein Genrebildchen aus
1427 1215 3267 1290 Aufnahmsfähigkeit vorhanden, für den Kunst= da in Paris das große
252 1232 1447 1296 war in der That ungehörig. Denn füglich ist es ja
3008 1241 3338 1321 jenen Einak
1435 1265 2924 1327 genuß eines Milieus der durchnäßten Juchtenstiefel, der werden uns
247 1290 1442 1340 wirklich ein Hoftheater. Da heißt es, vornehme Zurück¬
253 1291 3342 1394 haltung üben, da heißt es, sich mäßigen im Unmuth wie dunstenden Abwaschfetzen und der aufgewärmten Cameraderie machte daraus dicht
245 1371 3322 1444 in der Liebe. Auch in der Liebe. Denn auch darin ist Krauttöpfe. — Ohne besonderen literarischen Werth, Ernsthaft glaubte Niemand daran.
262 1410 3320 1490 ein Uebermaß schon ein Uebergriff. Ein Hoftheater muß aber als eine starke dramatische Arbeit erwies sich welche „Jung=Wien“ glorificiren
258 1458 3331 1539 mit schuldigem Respect geliebt werden. Das „Das Erbe“ von Philippi. Hinge nicht die fatale Hugo v. Hofmannsthal zum ersten
639 1514 3342 1574 wissen wir auch, warum wir Sensation, die actuelle politische Deutung diesem Stücke des Burgtheaters. In ihm solltn
258 1528 651 1590 ist es. Nun
2598 1544 3302 1602 Talent der Clique kennen lernen.
257 1547 2609 1627 gerechter, unparteiischer geworden sind in der an, es dürfte nicht nur als ein wirksames, sondern auch
2594 1592 3297 1663 Enttäuschung: eine schwächliche E
1427 1599 2603 1668 als ein würdiges Burgtheaterstück bezeichnet werden.
258 1608 1445 1688 Beurtheilung der Leistungen des Burgtheaters. Es ist
2603 1637 3298 1710 kümmerter dramatischer Nerv ü
1442 1641 2595 1711 Von den übrigen elf Novitäten läßt sich vielleicht vom
257 1663 1445 1722 unserer Hochachtung, unserer verständigen Verehrung
2589 1680 3269 1753 sogenannten „schönen Sprache“.
1442 1693 2596 1759 Standpunkte der Camaraderie oder etwa dem des
261 1708 1449 1780 näher gerückt worden, und da muß es freilich dem un¬
2596 1715 3342 1802 heißen, daß dieses vielgrühmte
1439 1743 2612 1808 Kassenropportes einiges Rühmliche sagen, der ernsten
253 1758 1448 1834 vernünftigen Herzen etwas ferner stehen. Ein Hoftheater.
2592 1791 3340 1841 heimnißvollen Halbdunkel der „lit
1440 1785 2602 1858 sachlichen Kritik halten sie nicht Stand. Das Schau¬
254 1811 1445 1876 Ja, ja — wir müssen uns an den Gedanken gewöhnen,
1435 1831 3329 1914 spiel „Ewige Liebe“ von H. Faber ist gepaustes Talent, das helle Rampenlicht gesetzt wurd
259 1856 1450 1933 wir müssen uns mit dem neuen kritischen Maßstab ver¬
1431 1860 3331 1962 ein Aoklatsch bewährter Vorlagen und eben deßhalb doch, daß „Jung=Wien“ auch
262 1912 595 1993 traut machen.
350 1947 3320 2000 Die abgelaufene Saison des Hof=Burgtheaters darf wirksam. Die Aufführung im Burgtheater ist v. Hofmannsthal den Messias
2871 1957 3357 2050 sehnsüchtig erwartet.
1439 1982 2897 2058 nur zu rechtfertigen, weil das Stück einige gute din es so
258 1987 1453 2063 bereits auf Rechnung der Direction Schlenther gebucht
2860 2024 3334 2095 mit der Aufführm
1436 2047 2860 2100 Rollen enthält und die conventionelle moderne Prä= vollbrachte
262 2051 1457 2112 werden, denn sie war nicht, wie das Vorjahr, eine Zeit
2868 2062 3354 2139 prophylaktisch = litera
2600 2075 2863 2138 eine Art
265 2080 2613 2161 der Einrichtung, Orientirung und der ersten Versuche gung zeigt, die noch immer Kaufkraft besitzt. Eine
2605 2129 3315 2188 vorbeugende Ernüchterung. Es
1434 2143 2610 2200 Geschmacksverirrung aber war es, uns das Lustspie,
263 2149 1455 2207 des neuen Regimes, sondern eine Zeit der Bethätigung
1892 2146 3339 2248 von Mayer=Förster vorzusetzen, gemeint. Die Tragödie „Herostrat“
1439 2182 1887 2254 „Der Vielgeprüfte“
270 2182 1458 2261 desselben. Was hat uns diese Saison gebracht?
269 2257 3343 2306 An Novitäten sind uns vierzehn Stücke vorgeführt Eine Verirrung des norddeutschen Geschmackes auf brachte dem Repertoire des Bu#
2604 2264 3360 2333 reicherung. Der Versuch Fulda's
254 2302 2625 2356 worden. Eine stattliche Zahl. Aber auf literarische wienerischen Boden. Drei Novitätenabende hat Director
2602 2307 3339 2389 des anarchistischen Größenwahns
254 2345 2614 2410 Bedeutung können von allen diesen Stücken wol Schlenther daran gewendet, dem vereliqueten „Jung¬
274 2372 3347 2459 nur zwei begründeten Anspruch erheben: „Fuhr= Wien“ auf die Beine zu helfen. Zwei dieser Abende Kothurn zu stellen, fiel recht un
2602 2417 3332 2481 Aufnahme des Stückes kam einer
1438 2407 2618 2498 waren der Muse Arthur Schnitzler's gewidmet, die in
274 2442 1450 2513 mann Henschel" und „Cyrano von Bergerac“. Die
2600 2456 3341 2526 gute Name des Autors dankbarc
1447 2472 2604 2543 qualvoller Enge zwischen einem ürztlichen Ordinations¬
268 2486 1452 2553 romantische Comödie Rostand's gehörte ins Burg¬
258 2551 3324 2597 theater, weil sie eine charakteristische Erscheinung der zimmer und dem Absteigequartier eines Lebejünglings zu wirksame Scenen des Stückes di
260 2597 3353 2646 modernen Bühnenliteratur ist, einer der ersten Boten lögiren scheint. Carbolgeruch und Cocottenparfum dringen Umstände dieser Aufführung gelt
1449 2602 3362 2685 durch die Thürspalten links und rechts in das dürftige Schwerer zu rechtfertigen dürfte die
274 2629 1458 2701 einer anbrechenden Zeit der Neuromantik. Das Schau¬
1438 2647 3362 2728 Heim dieser armen Muse. Das Schauspiel „Das Ver= Saison sein, die Comödie „Peter
274 2684 1454 2743 spiel Gerhart Hauptmann's rechtfertigt die Aufnahme
266 2687 3351 2791 in das Reperkoire des Bürgtheaters durch den Namen mächtniß“, welches uns den letalen Ausgang einer Weßhalb diese schwache Arbeit der
268 2787 3361 2833 des Autors. Das Stück selbst nahm sich schweren Gehirnerschütterung und einer Liebschaft mit nach langer Irrfahrt durch Thea
2613 2795 3362 2882 Hofburgtheater landen mußte, ist n
1451 2796 2620 2878 Paternitätsbeschwerden vorführt, hat den Wahrheits¬
269 2823 1453 2903 fremd genug aus im Rahmen dieser Bühne
2701 2845 3343 2918 An Zahl vollauf genügend,
1437 2842 2632 2940 beweis dafür, daß Herr Schnitzler ein Dichter ist, nicht
279 2867 1463 2941 und es konnte hier auch nicht zu jener Wirkung ge¬
1450 2900 3359 2974 erbracht. Auch die drei Einacter „Paracelsus“, „Die zulänglich, kann die Ausbeute der
267 2919 1467 2990 langen, deren es anderwärts sicher gewesen wäre. Das
276 2941 3345 3035 Comtessenpublicum Laube's ist ja längst nicht mehr der Gefährtin“ und „Der grüne Kakadu“, welche einen an Novitäten als eine schwache
2607 2992 3329 3057 werden. Der Bühnenleiter, auch
281 3011 2618 3093 Resonnanzboden des Burgtheaters, aber etwas von dem 1zweiten Premierenabend in Anspruch nahmen, haben
2609 3042 3339 3134 ist nicht verantwortlich zu machen
2608 3111 3334 3191 Production. Nur in der Auslese
2606 3164 3351 3236 oder seine Schuld liegen. Die Au
2623 3220 3360 3289 Schleuther traf, wird sichtlich beei
2613 3262 3362 3342 streben, einerseits recht literaris
2621 3306 3332 3386 andererseits den Wiener Markt
2612 3340 3362 3435 sichtigen. Dagegen ist an und fü
2618 3398 3328 3473 wenden. Aber der Wiener will
2618 3438 3360 3534 der Literatur nicht gelangwe
2617 3494 3359 3577 süber der literarischen Auffa
2619 3546 3360 3624 Schleuther liegt nun einmal die Mel
2622 3598 3360 3671 eines windstillen Sommertages a
2610 3637 3348 3723 Haff. Man kann sich des Mitgä
2610 3693 3348 3766 Und die Berücksichtigung, die Her
2616 3742 3361 3800 dem Wiener Markte angedeihen lä
2614 3790 3355 3851 dienst für die allmächtige Clig
2622 3843 3352 3919 Denn diese Berücksichtigung erstrec
2628 3871 3327 3962 ausreichend entdeckte „Dichter“.
2619 3914 3360 4014 schaft als durch Talent „ziehen
2627 3990 3360 4062 Risico. Irgend ein junges Talen
2628 4021 3362 4107 Clique steht, hat uns Herr Sch
2611 4081 3360 4142 geführt. Denn ein solches Tal
