3344 4256
209 158 803 260 2. Cuttings
958 143 1402 244 box 38/4
1246 889 2029 970 Im Heimgeh'n wieder, durch stille Gassen,
1249 959 1793 1012 Schlichs über mich so bang.
1259 981 1951 1056 Wie ich mein armes Mädel verlassen,
1252 1033 1855 1097 So lange schon! ach wie lang!
1248 1090 2068 1165 Doch, daß ich so einsam von dir gegangen.
1264 1135 1817 1192 Wie käms dir denn zu Sinn,
1256 1154 2022 1233 Und daß ich, von deinem Arm umfangen
1246 1216 1719 1293 So endlos fern dir bin!
1260 1267 1921 1340 Ich will ja morgen wieder kommen
1255 1324 1723 1382 Mit lächelndem Gesicht;
1261 1341 2168 1418 Und daß ich längst Abschied von dir genommen,
1256 1393 1960 1467 Mein Mädel — du weist’s ja nicht
1077 1473 1568 1567 S. REIS (Al.-Ostrau.)
1261 1540 2139 1637 DIE NEUEN THEATERPREISE.
1184 1616 2313 1707 Zum Weihnachtsfeste bekommen die Theater¬
1088 1678 2316 1752 freunde unserer Heimat von der Stadtgemeinde eine gar
1090 1723 2312 1804 arge Bescheerung: Eine Verteuerung der Theaterpreise,
1098 1782 2299 1844 die in der nächsten Saison in Kraft treten soll! —
1104 1823 2324 1905 „Panem et circensem“, „Brot und Spiele“ billiges Brot
1103 1873 2322 1949 und billige Spiele waren im alten Rom das Losungswort
1102 1912 2321 2004 des Volkes — und auch der Cäsaren! In unseren Zei¬
1097 1969 2323 2043 ten, in den Zeiten der Brotteuerung, ergreifen unsere
1104 2013 2317 2096 Stadtväter im Namen der Teuerer Partei ... und So
1110 2066 2324 2146 werden auch die Spiele, das Theater erheblich ver¬
1110 2112 2330 2216 teuert ... auch das geistige Brot wird bei uns höher
1109 2170 2330 2251 gehängt. Ob die am Dienstag, den 21. Dezember im
1109 2209 2329 2286 Gemeinderate beschlossene Maßregel im Interesse der
1123 2253 2338 2336 Volkskultur, im Interesse der nach Bildung und Kunst
1116 2307 2343 2393 ringenden Volksmassen bei uns, gut geheißen werden
1116 2357 2326 2439 kann: Der Einsichtige muß mit einem lauten „Nein“
1112 2420 2343 2496 antworten und das ist unser Standpunkt! Das Warum
1122 2464 2343 2534 und Wieso sei einer gründlicheren Besprechung in
1129 2507 2068 2588 den nächsten Nummern noch vorbehalten.
1224 2551 2342 2635 Vorläufig sei auf die Ungehörigkeit hingewiesen,
1121 2608 2339 2690 auf die in der Zeit des allgemeinen Wahlrechtes uner¬
1118 2648 2351 2736 hörte Nichtachtung des Publikums, eine so tiefgreifende
1126 2710 2330 2779 Maßregel wie die vollkommene Neuregelung der The
1130 2747 2357 2838 aterpreise und des Theatergetriebes, nicht rechtzeitig
1128 2813 2354 2878 und vorher zur allgemeinen Diskussion zu stellen. Dann
1135 2845 2359 2944 auf die Heimlichtuerei und das Schweigegebot oder die
1144 2890 2365 2983 Verheimlichung der Absichten gegenüber der Presse — die
1138 2946 2353 3031 hart an Uberrumpelung grenzt! — Nicht als ob wir
1140 2983 2361 3087 jenen, die zahlen können, es aber nicht wollen, und
1140 3054 2358 3124 die das Theater als „Unterhaltung“ ansehen, als Er¬
1150 3087 2357 3180 gänzung des gesellschaftlichen Lebens, und jenen, die
1145 3133 2364 3231 bei jedweder noch so dringenden und nötigen Be¬
1143 3188 2359 3290 steuerung oder Belastung prinzipiell ein markerschüt¬
1139 3237 2366 3327 terndes Gequietsche anheben . .. zu Gesichte reden
1150 3284 2372 3368 wollten. Das kann uns nicht einfallen ... aber da
1150 3332 2381 3440 leider in unserer Gesellschaflsordnung, im Reiche der
2349 783 2383 840 —
