3344 4320
127 213 723 308 2. Cuttings
2067 119 2261 196 —
878 199 1314 299 box 38/4
692 683 810 739 243
1333 683 1893 747 Karl Strecker, Nietzsche=Literatur
2416 681 2515 752 244
665 811 1581 873 kungen dort, wo er ruhevolle Stimmungen, ferne
1633 808 2560 867 ein. Wir unsererseits glaut u keine Veranlassung
662 864 1586 915 allem menschlichen Treiben, malt, gleichviel, ob er
1643 865 2558 916 zu haben, noch einmal in eser Frage das Wort
1637 915 2562 951 zu nehmen. Unsere eingehende Besprechung des ersten
658 907 1584 964 von alten Höfen winkeliger Barockhäuser, von den
1644 945 2553 989 Bandes (LE 15. Juni 1908) traf fast Wort für Wort
670 956 1579 993 Marktplätzen niederösterreichischer Kleinstädte, von
1638 982 2561 1031 auch auf den zweiten zu, der nichts versäumt hatte,
657 978 1590 1051 der Jagd im Jungmais oder vom traulichen Feuer
1642 1030 2558 1068 unser Urteil zu begründen. Das Buch war schneller
667 1038 1588 1082 des Kamins plaudert, das einem Einsamen die
1643 1063 2554 1106 gestorben als zur Welt gebracht — und einen Toten
667 1081 1585 1134 Füße wärmt. Da gibt es Schilderungen, die man
1639 1102 1699 1146 zu
1702 1100 2558 1137 sezieren, gehört nicht zu den Aufgaben unserer
659 1133 1583 1187 gar nicht oft genug lesen kann, Naturbilder, die an
1643 1133 2554 1186 Fakultät. Inzwischen wird der Verfasser selber wohl
665 1168 1578 1229 das Beste heranreichen, was in dieser Gattung ge¬
1638 1177 2560 1220 eingesehen haben, daß er sich zu einer keineswegs
1642 1216 2557 1260 dankbaren Arbeit hat verleiten lassen; decken wir
664 1213 1578 1254 schaffen worden ist. Niemand hat es wie er ver¬
1642 1264 2559 1308 also den Mantel, der so vieles deckt — nicht über ihn,
659 1257 1572 1297 standen, die verschlafene Anmut eines Sommer¬
1647 1292 2389 1349 aber doch über seine „Nietzsche=Forschung“
666 1302 1591 1345 sonntages in der inneren Stadt, einen Herbsttag
1698 1328 2552 1382 Mit wenigen Worten ist auch der kleinen Schrift
669 1344 1592 1407 auf dem Kahlenberge zu preisen oder auch die
1634 1378 2552 1430 Ernst Jäckhs, einem Sonderabdruck aus der „Hilfe“.
665 1385 1585 1445 dürftigen Schönheiten der nahen Tiefebene zu ver¬
1650 1416 2554 1454 hier genug getan. Freilich aus einem anderen Grunde,
666 1433 1586 1490 künden. Den Lesern des „Neuen Wiener Tagblatt“.
1643 1453 1691 1505 de
1719 1456 2551 1508 i sie erfüllt ihren Zweck: die Streitschrift des
664 1470 1584 1538 werden diese intimen, von feinstem poetischem Reize
1642 1499 2547 1544 jungen Nietzsche gegen David Strauß in ihrer Ent¬
665 1517 1583 1561 durchwobenen kleinen Kunstwerke weniger in der
1648 1532 2562 1577 stehung, ihrem Wert und ihren Folgen zu beleuchten.
666 1559 1582 1607 Erinnerungen haften als die humoristischen Skizzen.
1640 1573 2560 1614 vollkommen. Bei Untersuchung der Gründe, aus
1640 1610 2559 1647 denen Nietzsche“ gerade Strauß unter den vielen
664 1607 1576 1664 Aber vielleicht wird gerade durch sie Poetzls Name
1636 1649 2558 1702 literarischen““ Philistern“, die er anzugreifen sich
657 1651 1526 1723 in der österreichischen Literatur Bestand haben.
1640 1684 2558 1736 vorgemerkt hatte, zuerst herausgriff, kommt Jäckh zu
1640 1727 2558 1768 dem Schluß: Nietzsche gegen Strauß, weil Strauß
1644 1773 2547 1823 gegen“ Wagner. Der Verfasser zergliedert nicht „mit
1641 1806 2545 1845 herklugen Langsamkeit eines raffinierten Philo¬
1626 1855 2548 1897 lohen“, wie Nietzsche einmal in einem Briefe sagt,
1626 1884 2558 1943 Esondern mit sachlicher Knappheit den Streitfall
1640 1929 2560 1975 Nietzsche=Strauß; wer sich gründlich mit Nietzsche
1635 1969 2558 2017 als Polemiker und Umwerter vertraut machen
1636 2004 2555 2069 will, wird das fleißige und objektive kleine Druckheft
699 1980 1582 2077 Lsprethungen
1627 2043 2056 2097 nicht übersehen dürfen.
1688 2077 2562 2134 Objektiv — das ist nämlich ein seltener Vorzug
1621 2126 2549 2162 bei einem neueren Werk über den Einsiedler von
816 2123 1420 2225 Nietzsche=Literatur
1635 2164 2557 2219 Maria=Sils. Das kleinliche und parteisüchtige Ge¬
1636 2194 2554 2254 zänk, das sich infolge der oben flüchtig berührten
767 2218 1477 2299 Von Karl Strecker (Berlin)
1627 2247 2554 2293 Angriffe Unberufener und einer hartnäckigen Ver¬
1632 2291 2558 2336 teidigung der Archiv=Feste in den letzten Jahren
658 2291 1589 2352 Friedrich Nietzsche und David Srauß. Von Ernst
1644 2328 2547 2369 an Stelle einer ruhigen, ernsten Nietzsche=Forschung
729 2338 1447 2388 Jäckh. Berlin 1909, Buchverlag der Hilfe.
1633 2368 2553 2412 breit gemacht hat, wirft leider auch auf die Redaktion
649 2374 1575 2425 Overbeck und Nietzsche, Eine Freundschaft. Von
1632 2408 2558 2451 der wertvollen Briefbände, die hier vorliegen, noch
822 2407 1582 2466 Bernoulli. Zweiter Band. Jena 1908,
724 2438 1018 2488 Eug. Diedrichs.
1630 2437 2547 2484 einige Schatten. Es is menschlich, daß Frau Förster¬
656 2467 1585 2535 Nietzsches Briefe an Peter Gast. Herausgegeben
1637 2476 2549 2530 Nietzsche jedes Beweismitte! das sich in der Hinter¬
734 2515 1477 2562 von Peter Gast. Leipzig 1909, Insel=Verlag.
1629 2519 2558 2560 lassenschaft Nietzsches zur Wiverlegung der gegen sie
646 2538 1574 2583 Nietzsches Briefe an seine Mutter und Schwester.
1657 2558 2559 2603 rhobenen Vorwürfe findet, jetzt höher wertet, ##s
724 2585 1578 2643 Herausgegeben von Frau Ellsabeth Förster=Rietzsche.
1653 2598 2558 2641 es ohne jene Verdächtigungen geschehen wäre, daß
726 2615 1186 2677 Leipzig 1909, Insel=Verlag.
1627 2639 2548 2685 sie darum mit Briefstellen, die diesem besonderen
726 2659 1121 2723 ietzsche als Mensch
1124 2677 1172 2719 —
1174 2651 1582 2723 das ist die heimliche
1633 2675 2555 2727 Zweck dienlich sind, nicht zurückhält, selbst wenn sie
677 2708 1573 2759 470 „thematische Einheit“ der jüngeren Nietzsche¬
1633 2706 2552 2763 an sich belanglos sind. So kommt es, daß nament¬
1627 2749 2555 2790 lich der erste Band der Briefe an Mutter und
808 2750 1582 2789 steratur. Am stärksten und reinsten klingt
646 2792 1579 2844 dies Leumotiv aus den Briefen an die Mutter und
1629 2793 2543 2832 Schwester mit manchem entbehrlichen Ballast beschwert
654 2833 1578 2867 Schwester hervor, vielleicht dem wichtigsten psycho¬
1628 2832 2544 2873 wird. Auch im zweiten fehlt es nicht daran, so ist
654 2870 1582 2921 logischen Dokument, das wir bisher über Nietzsche
1631 2868 2555 2924 etwa S. 793 letzter Absatz u. s. nur eine Variation
656 2912 1584 2960 haben. Soviel steht fest: ohne diese beiden starken
1638 2910 2553 2973 von S. 773f. und in den Briefen an Gast von
1633 2941 1917 3008 S. 407, 412s.
650 2951 1580 2997 Bände eindringlich zu befragen, wird fortan keiner
658 2985 1581 3026 befugt sein, ein ernsthaftes Urteil über den Menschen
1683 2979 2541 3042 Zugegeben: es ist keine leichte Aufgabe für eine
662 3022 1574 3064 Nietzsche abzugeben. Sie liefern, zumal mit der
1639 3024 2543 3066 Schwester, hier die rechten Grenzen zu ziehen. Aber
652 3065 1569 3120 wertvollen Ergänzung durch die offenherzigen Gast¬
1634 3068 2543 3128 wenn die Briefe aus Nietzsches beiden leipziger
663 3104 1576 3149 briefe, den neuen und eigentlichen Hauptschlüssel zu
1644 3110 2553 3156 Studentenjahren ohne weiieres ausgeschaltet sind,
656 3149 1574 3197 seinem innersten Wesen, damit = zu seinem Schaffen.
1637 3147 2546 3192 so hätte sich wohl in der Korrespondenz des pförtner
726 3187 1581 3227 Sie geben aber auch den rechten Gesichtspunkt
1622 3187 2546 3241 Gymnasiasten, die (wie übrigens auch die des baseler
652 3222 1568 3273 zur Betrachtung der hier vorliegenden Nietzsche¬
1631 3230 2557 3278 Dozenten) wenig Bedeutendes bringt, eine strengere
655 3263 1563 3316 Schriften; sie ersparen uns sogar ein längeres Ver¬
1635 3267 2552 3304 Auswahl treffen lassen. Freilich wird Frau Förster¬
661 3306 1579 3338 weilen bei dem weitläufigsten dieser Werke, das
1631 3306 2543 3353 Nietzsche noch ein anderer Grund zu dieser Mitteilsam¬
653 3332 1571 3379 jetzt gewissermaßen unter den Visionsradius fällt:
1631 3351 2545 3390 keit veranlaßt haben. Peter Gast erzählt in der
647 3380 1577 3435 bei Vernoullis zweitem Band von „Overbeck und
1625 3383 2559 3426 Einleitung zu seiner Briessammlung von seiner ersten
655 3412 1578 3473 Nietzsche“. Nur wenige Worte zur Verständigung.
1635 3424 2552 3463 Begegnung mit Nietzsche: — daß er, anstatt einen
650 3458 1573 3506 Bekanntlich verzögerte sich das Erscheinen dieses
1626 3457 2549 3500 herben, schroffen Gelehrten zu finden (wie er nach
660 3501 1584 3539 zweiten Bandes infolge Gerichtsbeschlusses um viele
1636 3503 2549 3537 Nietzsches Schriften erwartet hatte), überrascht gewesen
659 3539 1578 3577 Monate. Als er endlich erschien, enttäuschte er noch
1638 3545 2551 3588 sei durch „seine Güte, seinen innigen Ernst, die Ab¬
660 3577 1582 3622 mehr als der erste Band, und auch die meisten
1630 3576 2541 3623 wesenheit jedes Sarkasmus“. Dieses Bild des Men¬
647 3618 1577 3655 Kritiker, die sich bis dahin abwartend verhalten
1646 3619 2556 3662 schen Nietzsche tritt in der Tat aus den vorliegenden
652 3656 1574 3693 hatten, stimmten jetzt in die ziemlich allgemeine
1645 3656 2551 3705 Briefbänden deutlich heraus, und jedes Epistelchen
643 3700 1573 3758 Verurteilung des Werkes nach Zweck und Inhalt
1632 3696 2563 3756 fast gibt einen leisen, seinen Strich zu dem Bilde.
