3344 4320
1213 63 1853 153 en .  Se
2688 66 3181 148 1
458 113 1205 161 la France: Le mpstère des dmes, qu'on
1202 121 1946 196 moins à cause de l’enchainement des
2691 127 3254 183 rent pour la representation du
1962 132 2681 200 presses de lirre qui n’ait été impring
473 139 1195 201 voit des maintenant à l’étalage des li.
2692 163 3260 220 S’einpresseront filies ei souten
1204 152 1944 240 faits qu'en raison de la sulte logique des
1941 161 2690 241 arec un soin ectréme, grüce d Templot
474 185 1201 249 braires, et Thérèse qui a été retenu par
2701 201 3261 266 vriers heureux, petits bourgeois
1212 218 1341 276 idées.
1960 208 2685 270 de edracteres aussi nets qu’ils sont 6i6.
469 226 915 294 L’édition Albin Michel.
72 229 374 320 WINWC
2725 242 3258 301 Ab! les retours aux lumières
1956 265 2097 320 gants.
1245 235 1951 329 Cette remarque est suggérée partien.
2705 286 3251 347 elles, allument tant de poésie
1981 270 2689 342 Aussi la firme Papot continnest-elle d
1198 296 1953 372 lièrement par Leutnant Gustl, récit
520 294 1144 391 Le fantaisiste er le philosophe
2698 322 3258 383 se la perçoit.il? Certes, non. )
1964 324 2694 385 etre Timprimerie officielle de UInstitut
1220 331 1954 403 qui, depuis sa parution (1901), a fait
2705 363 3260 416 reçoit. Elle le prend, se joue à
1958 364 2694 417 de France. Elle publie et met en vente
1212 372 1947 453 le tour de l’Europe centrale, II seralt
493 361 1214 448 C’est à Paris, pourtant, que Schnitz.
2698 404 3268 458 émerveillés de plus en plus,e
1955 402 2693 482 les actes officiels des différentes acd¬
1224 413 1956 481 trop long d’expliquer les faits à la suite
462 427 1214 507 ler, influencé par les lettres françaises
2710 431 3256 488 comme une griserie lente. 18 !
1964 458 2126 510 démics.
1221 450 1953 519 desquels le ieutenant Gustl. type parfalt
2710 459 3271 530 Les employées de la Maison
459 467 1215 554 vers sa vingtième année (c’est.ä.dire
1985 462 2687 539 Elle n’a pas abandonné non plus ses
1218 490 1970 552 et un peu caricatural de l’officier autri.
2710 504 3288 575 tent de leur travail, et, de mas
459 506 1210 566 Taux environs de 1882), fit jouer d’abord
1961 514 2703 582 antres publications savantes, telles que
126 512 246 597 cquet
1227 530 1959 596 chien, tel qu'il était avant la guerre. se
460 545 1215 614 Tune des sept petites pièces en un acte
2709 546 3256 618 magasins, c’est la mème
1969 558 2694 618 la collection dans laquelle elle d impri¬
1224 572 1956 629 voit placé entre ces alternatives: ou le
464 582 1209 669 qu'il écrivit à cette époque sous le titre
2705 580 3269 652 brugante. De cette fonle ei
1975 599 2702 657 mé unc lonque suite k’étndes sur
1225 606 1964 666 déshonneur ou le suicide. Toujours est.
486 629 1210 695 général d’ärter. De ces amusantes co.
2706 629 3276 686 Emaue une poésie que l’enfau
1967 626 2633 695 IOrient et sur la Gréce clüssique.
1222 643 1966 718 il qu’après une nuit d’angoisse — car il
118 634 473 722 mort tragique du
2715 667 3268 725 aussi, mais plus Aprement. Et
485 658 1210 733 médies il avait concu ie thème et l’es.
2001 660 2696 741 Muis d ce vieun fonds qui continue
1229 685 1970 746 alme la vie, et s’en aperçolt parmi les
102 697 476 760 .Voici un evurt
2706 695 3273 766 pli de cette poésie de la foule,
487 694 1211 773 prit en lisant Les petites Cordinal. L’hu¬
1977 710 2696 772 d séduire la partie la plus intéressante
1226 723 1969 793 parfums printauiers du Prater — il ap.
85 733 475 806 un moment relative¬
2709 740 3285 809 tre chez lui, le cceur un peu ##
488 745 1222 805 mour et la fantaisie sont restés, depuis
1981 752 2703 807 des lecteurs français, Papot, depuis peu
1225 756 1970 824 prend que l'’homme qui pouvait le désho.
484 778 1221 849 lors, dans son tempérament. Mais de
2716 780 3093 851 pour ses dix ans.
85 793 479 849 ie du poéte son
1977 791 2700 846 de temps, d ajouté un élément nouveau:
486 800 1963 885 combien d’éléments nouveaux ne s’est- inorer est mort d’une embolie avant d’a.
2737 805 3281 880 Le spectacle fut semblable
1981 824 2711 890 pour le grand public, cette maison édite
98 821 477 886 a recueilli à Dur¬
1236 833 1961 899 volr eu le temps de parler. Le lieutenant
2711 867 3285 920 jour ou, ayant quitté l’école pi
482 858 1221 930 elle pas enrichle, cette personnalité qui
1976 857 2713 923 maintenant des lirres de haute vuloa¬
89 882 478 938 la Bretéche. II y
1237 874 1959 937 Gustl, ivre de Jole, pourra donc vivre.
2720 897 3288 960 petit Dabit entra en apprentis
482 899 1215 963 s’est orientée de plus en plus vers une
1984 905 2706 961 risation, éclairés par d’ercellentes gra¬
1229 909 1966 986 II se rappelle à ce moment qu’il dolt
74 923 471 993 Im roman, recherche
2724 941 3014 1010 un serrurier.
489 931 1221 1003 philosophie profonde ! Cette philosophie,
1982 947 2705 1002 vures et dont le terte a été confié, du
1227 952 1974 1022 se battre en duel dans aprés.midi avec
82 971 482 1045 n, si proche de lui,
477 974 1229 1052 Schnitzler n'aime pas à l’exposer en for.
1973 969 2722 1054 reste, d des écrivains de premier or.
1219 1002 1613 1066 un autre officier.
483 1014 1208 1079 me de traltés. Deux fois seulement —
1986 1019 2715 1079 dre: Paut Valèrp, par eremple. Chacun
2858 1006 3294 1098 Le monde du travail
1257 1010 1970 1087 II oublie aussitôt toutes les refléxions
480 1043 1237 1127 dans un recuell d’aphorismes d’abord,
1979 1056 2718 1127 de ces livres sur grand papier est mis
1225 1070 1972 1138 que la pensée de la mort lui a inspirées
2747 1069 3281 1152 Ce contact brutal avec les h
489 1097 1232 1164 puis dans une dissertation intitulée :
1987 1099 2719 1157 en vente au prio de trente fruncs, prin
1233 1112 1972 1178 et, bien incapable d’éprouver pour son
2714 1130 3290 1186 teint cruellement les sensibit
477 1124 1224 1206 Lo parole dans Taction et l’esprit dans
1989 1139 2718 1203 qui doubie à peine celut d’un maurais
1242 1146 1974 1212 adversaire la pitié qu’il a éprouvée pour
2712 1169 3291 1229 fines des gamins. Ces hom
496 1169 1230 1245 T’action — II a consenti à exprimer ses
1988 1185 2165 1253 roman.
1231 1185 1973 1251 soi.méme, il s’écrie intérieurement:
82 1184 490 1265 illeurs, à Poccasion,
487 1210 1226 1275 idées en termes exphicites et dans un
2025 1203 3290 1279 D’autre part, la maison Payot d en. frustes et naturels. Raremen
1240 1221 1984 1284 a Tol, mon vleux, je te rédulral en chair
2725 1244 3295 1303 gent à dissimuler. Leurs dé
75 1247 481 1307 Foccupations par de
498 1241 1230 1316 esprit presque mathématique. Mais les
1976 1256 2724 1339 Utrepris de publier, dans une forme tou¬
1235 1274 1505 1343 à patée 1 „
2727 1283 3292 1347 peines, leurs Joles, leurs
497 1284 1229 1355 seuls titres de ses nombreux ouvrages
81 1286 485 1358 ses. C’est ainsi qu'au
1981 1307 2725 1366 jours soignée, les cuvres des auteurs du
2725 1320 3291 1388 leurs amours, lis les étalen
493 1323 1244 1409 suffisent à prouver qu’il alme mieux
73 1335 488 1402 woyages à Besangon,
1990 1342 2728 1401 die.neuvième siecle — Chateaubriand
1512 1321 1732 1415 Audaces
2733 1357 3291 1424 par le besein de communion
1997 1380 2731 1438 por erempie. Le prio abordable de ces
87 1381 492 1462 ferner un journal de
1269 1374 1981 1459 L’auteur dramatique qul, en Schnitz.
2736 1399 3287 1455 simples. IIs se montrent la#
1996 1422 2733 1472 livres séduit autant que la fidélité du
93 1425 498 1495 que Pengand, indul¬
1251 1444 1991 1495 ler, se rencontre avec le conteur, est vo.
2741 1443 3290 1496 temps, tels qu'ils sont. Quel i
2003 1447 2730 1527 terte et la présentation tupographique.
99 1469 510 1547 Vles mots, a quali¬
1237 1473 1989 1546 lontiers spirituel, comme dans la Ronde,
2739 1479 3292 1540 veau apparaft aux yeux de
2027 1495 2727 1547 Enfin, Papot a fondé une nouvelle
1248 1521 1997 1581 pièce que Mme Falconetti a décidé de
2731 1515 3290 1575 ou plutôt quel monde au doub
2007 1535 2731 1589 collection de critique et dhistoire litté.
1244 1560 1988 1622 créer à Paris la saison prochaine; mals
2731 1558 3285 1619 Volel donc les hommes 7 IIs
2000 1575 2729 1631 raire, collection dans laquelle vient de
79 1565 532 1662 Le 27 mars 1904, les
1239 1592 1988 1655 III est aussi très audaclenx. On cite en
2741 1594 3290 1650 un peu, avec ces bour ades
2006 1618 2725 1671 paraitre, notamment, l’Histoire de
91 1630 530 1700 bbs annongaient Jous
1247 1642 1996 1694 exemple des scandales que sa hardiesse
2738 1631 3289 1694 pour eux la marque de T’affe
2000 1649 2736 1706 I’Académie Goncourt, écrite par Léon
1244 1677 1989 1738 psychologique peut provoquer les protes.
2003 1673 3300 1754 Deffoug. On voit que ces innovations lei done le travail ? Rude lab
88 1674 520 1756 #s que, la veille, un
1259 1716 1995 1770 tations que souleva, précisément, la Ron.
1999 1712 3292 1793 sont conformes dum principes de lu so. Ime grince, arrache les oreit
98 1722 519 1796 rendait d sa vigne
1269 1747 1844 1822 de, dans une ville d’Autriche.
2734 1752 3295 1818 Ges mots directs des hommes
104 1766 516 1833 # au lien dit Saint¬
1563 1768 2538 1840 Raymond MILLET. lide et utile maison Payot.
88 1812 519 1878 hmme P#assant age
2773 1802 2951 1887 Weafde fiann
2430 1825 2537 1893 d RSRU
1624 1845 1808 1915 Suiaatuinga ien
77 1844 526 1925 ##g aus. Les constata¬
1256 1840 1404 1929 Puipaiunimgtin
2435 1877 2546 1926 K
79 1898 527 1967 köt pur M. Félicien
517 1892 691 1977 920
876 1913 965 1992 ##
89 1946 529 2014 es papiers trouvés en
99 1993 532 2066 défunt avaient per¬
1305 2007 3286 2089 EN ETBAN F LESREv6.
100 2022 537 2102 corps pour etre ce¬
96 2071 528 2149 WDeubel, o iginaire de
2841 2108 3308 2201 JOACHIN DU BELL
86 2124 514 2192 sau hameau de la Ba
1980 2123 2764 2218 ment d'un désir sexuel. II est, en cé
1402 2149 1876 2243 RIEN DE NOUVEAU
701 2149 1068 2238 Arthur Schnitzler
108 2158 528 2239 à un zuicide. a Lo
2779 2177 3290 2263 Oest un véritable article
2001 2177 2756 2263 cas-lä, avant tout une fiction; l’hom¬
107 2216 524 2286 ePetit Comtois, se¬
1298 2225 2002 2303 O. Brackfeld. Kattache à montrer
2021 2225 2751 2304 me désirerait volontiers avoir accom¬
2754 2229 3292 2304 scomplet et profond, aue E
98 2268 524 2346 seite funeste détermi¬
509 2234 1245 2331 Itraduire sa philosophie par des récits —
2764 2280 3295 2352 riot, dans ie Temps, conso
2018 2290 2753 2355 pli son devoir; redoutant la solution
1263 2284 2007 2333 aur lecteurs de la Revue mondiale que
514 2296 1262 2372 des récits objectifs, malgré la subtilité
2013 2323 2753 2393 réelle, il recourt à une supercherie qui
1247 2331 2003 2404 Ila pensée du docteur Adler (dite l’in¬
2759 2333 3292 2396 chim du Bellay. Voici com
527 2359 794 2430 de T’analyse.
2759 2385 3254 2448 ractérise les Regrets:
2024 2380 2676 2441 ne sert qu'á le tromper lui.méme.
1257 2372 2013 2431 Idividualpsychologie), en réaction, dans
132 2373 522 2465 que Léon Deubel,
1262 2423 2025 2488 Ila nouvelle philosophie allemande, con¬
2043 2411 2765 2503 Après cet exposé M.Brachfeld mon¬
2783 2429 3286 2495 Si les Regrets sont tou
93 2433 531 2506 Ede sa dlume rédigs
600 2432 1194 2526 Déterminisme et libre arbitre
1272 2464 2020 2541 tre le systheme de Freud, a en des
2766 2476 3296 2535 Elégiaque, soupirant ses 7#
2012 2473 2756 2560 Itre que Roussean et ses personnages,
102 2484 539 2550 Stait das étranger à
556 2496 1268 2580 Mademoiselle Else, livre de deux
1283 2515 1738 2586 brécurseurs en France.
2028 2520 2751 2604 en ce qui concerne les reves ont été
2766 2521 3290 2588 me Ovide et qui un jour,
96 2523 537 2594 Bournalistes bisontins
535 2544 1262 2618 cents pages dans lequel l’auteur déroule
1304 2542 2014 2632 Tandis que pour Freud tout réve est
2750 2566 3291 2635 ment, saura faire jaillir
2025 2571 2503 2641 adlerins avant la lettre.
104 2576 530 2653 ### de publier à Penvi,
521 2585 1277 2672 devant nous comme sur un écran, les
1278 2603 2024 2665 la réali#ation de nos désirs sexuels et
2776 2612 3305 2668 sonnet Heureur qui comm#
2064 2602 2757 2695 Cependant le mérite d’Adler n'en est
537 2626 1268 2697 secrétes réflexions d’une Jeune fille, ne
1284 2657 2028 2709 inconscients. Adler, en réagissant con¬
2779 2660 3301 2723 fait un beau voyage, ils r##
532 2663 1271 2738 permet pas aux lecteurs français de pé.
2029 2674 2766 2750 point diminué; il a retrouvé ces idées
124 2666 532 2758 suivant, 3 avril, ie
1288 2701 2035 2764 tre les excès du freudisme, s’est en¬
2767 2706 3308 2772 en Joachim le premier de nc
538 2702 1278 2770 nétrer à fond sinon l’art de Schnitzler,
2030 2722 2767 2793 par ses moyens, indépendamment de ses
107 2735 532 2805 testait dans le Flam¬
1292 2744 2018 2803 gagé dans une autre direction. C’est
536 2744 1283 2808 du molns la conception qu’il s’est faite
2756 2753 3291 2807 lie peintre tour à tour ma
2038 2780 2452 2850 illustres précurseurs.
94 2784 526 2848 Wefüct dar une letire
532 2780 1279 2851 du monde et de la vie. Du reste, il in.
1278 2794 2029 2850 à tort, dit-il, que Freud considère le
2749 2795 3305 2866 ral, indigné, ironique ou ve
538 2820 1283 2896 troduit d’ordinaire, dans ses courts ro.
97 2823 542 2905 ebdomadaire. Le #l1-
1296 2838 2044 2894 réve comme la zia regia qui nous con.
2753 2843 3299 2908 [laideur, de la sottise et d
538 2867 1276 2934 mans, plus d’action et plus de pathéti.
110 2868 537 2948 sa détestable imagina¬
1288 2876 2040 2945 duit à l’inconscient, en lui attribuant
2766 2880 3297 2956 Isie humaine, dont Rome luf
544 2901 1279 2976 que .On en jugera mienx gräce à Theré.
102 2917 541 2987 it #le cruel bénéfice
1291 2927 2042 2990 eine telle importance dans notre vie
2769 2934 3303 3002 chaque jour le spectacle h
541 2942 1278 3010 se qui, par les soins de Mme Clauser,
103 2959 544 3037 Intieipéesn. lI se gaus¬
1293 2965 2040 3049 psychique; en réalité il n’est qu'éga¬
2766 2978 3299 3044 leur et sans cesse renouv
548 2980 1274 3045 doit être publié à Paris au début de
127 3008 539 3080 : M. Cornu, bien in¬
1343 3018 2051 3083 ent un symptöme parmi d'autres
544 3013 1299 3083 l'année prochaine. Thérèse est un de ces
2800 3023 3277 3085 „Eut-i, ce charmant
557 3057 1300 3124 êtres médlocres, un de ces humbles con.
97 3054 544 3130 #ère et de qui 'e nom,
1296 3066 2048 3129 symptömes (auch ein Sympton); sa
2768 3058 3307 3138 quelque consolation en Ita
546 3097 1290 3166 damnés à une existence obscure, sur les.
120 3103 542 3175 wäla quatrième décli¬
1304 3111 2046 3166 valeur du point-de-vue caractérologi.
2766 3114 3296 3182 suppose. II n'e pas mélé
545 3137 1291 3197 quels Schnitzler aime à se pencher. II
106 3147 543 3233 Eculair: eremple de sa
1295 3148 2054 3218 que ne dépasse pas presque toujours
2784 3149 3303 3227 d’amour à ses Regrets
555 3179 1292 3241 nous raconte avec une émouvante 80.
120 3194 549 3266 1 0, donnait à rire par
1296 3204 2055 3257 celle de l’écriture, la mimique, la dé¬
2775 3202 3307 3273 il l’aurait pu, puisqu'il eut
114 3202 1288 3313 #in, d reprochait, de-briété la pauvre vie et les déceptions de
1305 3248 2051 3310 marche, voire celle de la position que
2788 3246 3300 3313 du Tihre une tendre et
556 3254 1291 3319 cette institutrice. Séduite par un homme
124 3278 556 3359 F bien incapables de
1308 3271 2060 3349 nous occupons pendant le sommeil,
553 3293 1300 3362 qui, bien entendu, l’abandonnera au lieu
2779 3282 3305 3365 aventure avec une belle Rd
111 3327 562 3401 bur a pieuses gens de
553 3332 1293 3401 de l’épouser, elle a un fils. Lorsqu'il
1305 3331 2052 3395 tous phénoménes trés significatifs pour
2775 3337 3297 3411 Ia célébrée dans une suite d
557 3375 1299 3424 vient au monde, elle a envie de le tuer.
1308 3375 2064 3442 la Meuschenkenntnis, la connaissance
118 3379 531 3458 vop lu Edgar Poe v.
2765 3385 3300 3468 les Poemata, que certains
554 3409 1294 3474 Mais l’instinct maternel l’emporte. Elle
1308 3426 2059 3496 de l'homme. Le réve dans un nombre
2788 3427 3307 3497 gnent à ses quvres, sans
564 3451 1301 3513 élève l’enfant, espère qu'il la consolera
1312 3468 2063 3540 prépondérant des cas, est un entraine.
2782 3473 3307 3532 probablement rencontré jut
552 3493 1293 3550 de tous ses débolres. Mais II se révèle
1314 3522 2055 3583 ment: c’est la transition d’une situa¬
2777 3514 3301 3593 coup de lecteurs. IIs n'ava
565 3532 1307 3596 sous le plus sinistre jour et devient un
110 3534 552 3609 zu bruit. Pas autant
1313 3551 2074 3630 tion à l'autre, en somme, la préparation
2778 3561 3305 3641 Itraduits avant l'heureuse
568 3567 1295 3624 mauvais sujet; un terrlble eriminel,
103 3592 565 3668 #comptait le meneur de
574 3602 1301 3667 mème, puisqu’ll la tue. Dans la minute
1306 3611 2074 3677 de l’acheminement vers les buts, réols
2779 3610 3303 3686 adonnée, en 1923, M. Thi
109 3630 554 3701 Car, s'i avait cédé, a
579 3647 1309 3704 ou il la frappe, la pauvre femme a l’im.
1311 3633 2070 3714 ou fictifs de l’individu. II est l'anticipa¬
2790 3648 3307 3723 sous le titre les amcurs
563 3693 1312 3752 pression qu'il se venge du mal qu'elle a
128 3682 565 3752 Vpériode électorale qui
1314 3677 2068 3770 tion d’événements futurs, mais dans un
2797 3691 3310 3770 Plus que l’iraginaire Oli
566 3720 1305 3786 voulu luf faire quand il vint au monde.
120 3730 567 3797 Weuse, au désir de mo¬
1315 3737 2058 3797 tout autre sens que Freud le croit;
2786 3745 3308 3812 a existé. Elle avait un man
574 3765 1312 3817 Avant de mourir, elle dit à un témoin
113 3771 565 3843 chinion amusée, un ad¬
1325 3780 2071 3856 quelquefois un individu, tout en étant
2780 3787 3309 3859 l’enferma dans un couvent
572 3803 1307 3857 de son agonie: d Déposez en mon nom,
104 3819 569 3899 die du parti de Vinstt¬
1313 3808 2074 3900 préoccupé de se libérer d'un devoir
2793 3830 3302 3917 kut avisé de sa disgrace.)
572 3840 1311 3892 dites aux Juges qu'ils l’absolvent, car 11
120 3862 576 3932 kpait obéi surtout à la
1313 3865 2077 3944 qui commence à slimposer à lui, voit en
580 3880 1305 3953 ne m'a falt que ce que j'ai voulu lui
2810 3880 3310 3945 ra sa maitresse. A la fin
2098 3895 2803 3968 André Berge qui vient de feire porai.
126 3912 573 3982 #e se poser, par cette
576 3930 765 3985 faire. 9
1330 3904 2077 3987 réve sa täche résolue; dans un pareil
2802 3919 3309 3993 rendue, mais peu de jours
2065 3947 2807 4020 trecher Plon un noureau lore, La Jeu.
621 3935 1312 4005 Vous discernez l’idéologie: Ihomme
146 3952 586 4030 bonne fois en bedette
1329 3963 2062 4034 cas, sans doute, le réve est la réalisa¬
2782 3959 3305 4045 Ite fixée pour son retour 6
583 3994 1312 4057 ne peut pas échapper à sa destinée et,
118 4006 567 4076 c. Aucun doute 10 des¬
544 4003 2378 4111 au fond, il en est luLmème la cause. Cet Ition d’un désir, mais pas nécessaire. Inesse interdite.
2082 4092 3304 4168 contiennent des ##ges émues, des scé-Idescriptions des pavsages.
1799 4126 1878 4190 IIIC01
