3344 4352
1370 77 1914 143 e
1321 132 2177 173 dieses erste Werk A. Sch.’s als so charak¬
1325 177 2183 221 teristisch für seine dichterische Persönlichkeit
1330 211 2197 263 hinzustellen, als würde sich seine Bedeutung
1324 249 2189 306 in jener geistreich-graziösen Szenenreihe, in
1318 288 2186 335 der Gestaltung des „süßen Mädels“, in der
1324 332 2190 379 weltschmerzlich-dekadenten Liebesphilosophie
1320 365 2189 414 des jugendlichen Helden vollenden! Wie
1331 416 2191 455 wenig nahe kommt man doch der Spannweite
1320 446 2186 494 des dichterischen Schaffens A. Sch.'s, der
1311 481 2182 532 nicht nur „Anatol“, den „Reigen“ und „Lie¬
1318 527 2180 574 belei“, sondern auch „Professor Bernhardi“
1321 564 2185 623 „Der blinde Geronimo und sein Bruder“
1322 606 2191 660 „Frau Beate und ihr Sohn“, „Der junge
1317 648 2180 695 Medardus“, und in jüngster Zeit von reifer
1332 695 2189 733 Weisheit und Reilexion erfüllte Bücher ge¬
1326 717 2193 770 schrieben hat, wenn man versucht, ihn mit
1322 760 2193 807 der Etikette des „Anatol“ zu charakterisieren,
1320 810 2196 850 weil dieser zufällig sein erstes Werk gewesen
1313 842 2188 891 ist. — A. Sch. wurde am 15. Mai 1862 als
1320 885 2181 931 Sohn des bekannten Laryngologen und Uni¬
1322 916 2190 978 versitätsprofessors Dr. Johann Sch. in Wien
1317 962 2188 1009 geboren. Im Hause des Vaters verkehrten viele
1325 998 2198 1048 Theaterleute, und es ist kein Zweifel, daß
1317 1040 2193 1087 dieser Umgang auf das frühzeitig erweckte
1319 1081 2187 1128 Interesse des Knaben für Musik und Literatur
1326 1122 2187 1173 von Einfluß gewesen ist. Er absolvierte das
1319 1173 2191 1224 Akademische Gymnasium in Wien und wandte
1313 1211 2179 1255 sich nach der Matura dem Studium der Medi¬
1321 1241 2190 1297 zin zu. Er promovierte 1885 und war bis 1888
1323 1290 2189 1341 als Sekundararzt an der Klinik für inierne
1323 1338 2190 1375 Medizin bei Professor Standhartner, dann
1318 1361 2191 1423 auf der psychiatrischen Abteilung bei Meynert
1316 1410 2192 1463 und schließlich auf der Klinik für Hautkrank¬
1320 1446 2183 1511 heiten und Syphilis bei Professor Isidor Neu¬
1312 1483 2195 1546 mann tätig. Dann unternahm er eine Studien¬
1313 1527 2181 1576 reise nach Berlin und London, über die er in
1315 1556 2190 1612 der Wiener Medizinischen Wochenschrift“
1316 1609 2187 1659 anschaulich berichtete. Bis 1893 war er als
1326 1640 2188 1699 Assistent seines Vaters an der Allgemeinen
1322 1683 2192 1736 Polyklinik tätig und wandte in dieser Zeit
1319 1721 2197 1783 der Hypnose und Suggestion, die in seinem
1319 1768 2189 1817 Werke wiederholt eine Rolle spielen, großes
1326 1803 2190 1864 Interesse zu. Er schrieb damais schon kleine
1318 1849 2177 1894 Gedichte und Novellen, die vorwiegend in der
1311 1900 2191 1936 Zeitschrift „An der schönen blauen Donau“
1314 1921 2191 1986 erschienen. Wesentlich ist aber erst die
1314 1962 2201 2012 Szenenreihe „Anatol“, die 1890 in Buchform
1313 2001 2185 2060 herauskam, und zunächst mehr Entrüstung als
1327 2055 2187 2099 Anerkennung erregte. Es folgte die echt¬
1324 2080 2182 2132 wienerische und vielleicht populärste Dich¬
1313 2122 2189 2183 tung „Liebelei“, kennzeichnendermaßen als
1332 2155 2193 2220 einziges Werk Sch.'s verfilmt. In der Novelle
1328 2217 2201 2268 „Sterben“ kam nicht nur der Dichter, sondern
1326 2244 2195 2296 auch der Arzt zum Wort, der Sch. immer
1329 2301 2206 2347 geblieben ist; er hat auch seine Praxis, tat¬
1325 2323 2202 2382 sächlich auf ein Minimum reduziert, in der
1334 2365 2200 2425 Folge nie offiziell aufgegeben. Sein nächstes
1323 2405 2198 2463 Drama, „Freiwild“, war ein Antiduellstück,
1332 2451 2206 2492 das sich in starken Widerspruch zur Zeit¬
1331 2484 2189 2536 strömung setzte. Es entstanden Novellen, wie
1333 2523 2183 2596 „Die Frau des Weisen“, „Der Ehrentag“,
1335 2562 2198 2627 „Die Toten schweigen“, die meisterhafte
1329 2609 2205 2672 Seelenschilderung mit höchster Sprachkunst
1790 2647 2201 2702 Sch.’s umstrittenstes
1336 2654 1786 2712 vereinen, und dann —
1336 2694 2196 2744 Werk — „Der Reigen“, meisterhaft in der
1338 2726 2200 2779 Geschlossenheit der in sich selbst zu¬
1335 2761 2196 2833 rückkehrenden Handlung. „Paracelsus“, „Der
1324 2805 2207 2865 grüne Kakadu“, „Der Schleier der Beatrice“
1337 2843 2204 2903 folgten. 1901 entstanden die „Lebendigen Stun¬
1335 2879 2207 2941 den“, dann „Literatur“ und die unerreichte
1329 2928 2201 2997 Monolognovelle „Leutnant Gustl“ mit ihrer
1330 2967 2198 3038 eigenartigen Ausdrucksform, zu der der
1325 3014 2210 3061 Dichter in „Fräulein Else“ zurückgekehrt ist.
1336 3053 2204 3105 Die 1900 erschienene Novelle „Der blinde
1330 3092 2206 3137 Geronimo“ wird von vielen als seine beste
1335 3138 2196 3190 Erzählung bezeichnet. Es folgten „Der ein¬
1338 3171 2212 3237 same Weg“, „Zwischenspiel“, „Der Ruf des
1327 3218 2205 3275 Lebens“ „Marionetten“, die Novelle „Frau
1331 3247 2204 3307 Bertha Garlan“, Sch.’s einziger Roman „Der
1341 3292 2203 3362 Weg ins Freie“, „Komtesse Mizzi“ und es
1336 3335 2198 3393 schien, als ob mit „Der junge Medardus“ ein
1331 3378 2198 3439 Höhepunkt erreicht wäre. Aber „Professor
1338 3407 2197 3467 Bernhardi“ lange Zeit von der österreichi¬
1329 3460 2204 3519 schen Zensur verboten, ist meisterhaft in der
1337 3491 2196 3551 Gestaltung und bewunderungswert in der
1343 3527 2204 3591 Kühnheit der Gesinnung, zeigte neue, starke
1336 3567 2204 3635 Kräfte der künstlerischen Begabung Sch.'s.
1335 3605 2205 3667 1913 erschien die Erzählung „Frau Beate und
1343 3648 2205 3713 ihr Sohn“, 1915 der Einakterzyklus Komö¬
1337 3688 2203 3751 die der Worte“ der sein größter Theater¬
1336 3726 2207 3798 erfolg in Deutschland geworden ist. Im Kriege
1347 3766 2203 3827 wurden „Doktor Gräsler, Badearzt“, „Fink
1352 3810 2207 3867 und Fliederbusch“ und „Casanovas Heim¬
1347 3847 2204 3904 kehr“ veröffentlicht. Als einer der ganz weni¬
1343 3883 2213 3955 gen in deutschen Landen hat A. Sch. mit
1338 3927 2204 3979 beinem Wort dem Kriegsgedanken gedient.
1351 3966 2219 4040 In den letzten Jahren erschienen die vollende¬
1343 4008 2215 4066 ten Novellen „Fräulein Else“, „Spiel im
1355 4044 2222 4121 Morgengrauen“ eine Weltanschanungsschrift
1359 4086 2209 4154 Der Geist im Wort und der Geist in der
1359 4125 2222 4183 Taté und ein Band „Sprüche und Bedenben“
3061 4144 3110 4183 7211
3212 3885 3283 3950 8
3188 3996 3276 4054 S
