3392 4320
195 196 793 326 2. Guttings
2134 118 2411 199 —.—
943 186 1400 308 box 30/4
1483 854 1825 934 Bühne und Welt.
797 849 939 943 556
798 960 2493 1042 lustigen Elemente und allenfalls die wehmütige Heiterkeit des Wieners bemerken,
802 1035 2493 1086 für die tieferliegende Tragik aber kein Gefühl haben. Und doch ist Arthur Schnitzler
805 1075 2508 1126 hier schon, wie überall — überall! auch da, wo er sich ganz ausgelassen lustig, ganz
806 1130 2459 1196 frivol gibt, auch im „Reigen“ und selbst in dem köstlichen Schwank „Literatur“ —
802 1187 2508 1244 im Innersten ein Tragiker. Ich will damit nicht sagen, daß der lachende Schnitzler
806 1241 2501 1304 immer ein Satiriker sei, nein, auch ein Humorist steckt in diesem Dichter. Doch man
806 1289 2499 1354 pflegt gewöhnlich zwischen Humor und Satire auf eine Weise zu unterscheiden, die
809 1356 2500 1416 ich für unzutreffend halte. Man macht einen Unterschied der Weltanschauung
804 1408 2501 1464 daraus, hört aus Humor das versöhnliche Lachen des Optimisten, aus Satire das
798 1467 2500 1523 Bittere des Pessimisten heraus. Aber es gibt sehr pessimistische Humoristen, sehr
804 1507 2501 1558 optimistische Satiriker. Ich glaube, Satire ist das Lachen des Willens, Humor das
812 1565 2494 1630 Lachen der bloßen Anschauung. Wer satirisch schreibt, will durch das Mittel der
804 1634 2506 1683 Verhöhnung etwas bessern; wer humorvoll schreibt, will gar nichts, sein Lachen
814 1682 2507 1736 entspringt ruhiger Betrachtung, einer Ruhe, die ebensogut auf Zufriedenheit mit dem
807 1726 2509 1802 gegenwärtigen Zustand oder auf dem Erhoffen eines besseren künftigen basieren
814 1798 2504 1842 kann, wie auf Resignation. Auf solchem Sichbescheiden, auf Kapitulieren also vor
806 1832 2501 1901 der Erbärm'ichkeit der Dinge, scheinen mir die seltenen, rein humoristischen Schöpfungen
802 1902 2503 1951 Arthur Schnitzlers zu beruhen. Ich schließe das aus dem in der Gesamtheit seiner
809 1955 2516 2020 Schöpfungen sich offenbarenden Charakter des Dichters. Ihm ist alles fröhliche
802 1999 1962 2073 Genießen, alle harmlos ungetrübte Freude ganz versagt.
928 2038 2500 2112 Denn immer steht ja einer hinter ihm, bald als Heitschenschwinger, bald als
810 2109 2497 2173 Fackelsenker, aber immer der Eine, der Tod. Alan kann den Todesgedanken geradezu
804 2158 2480 2221 die Zentrale in Schnitzlers Wesen nennen. „Warum reden Sie denn vom Sterben?“
812 2214 2507 2278 heißt es einmal im „Einsamen Weg“. Und die Antwort lautet: „Gibt es einen an¬
813 2277 2510 2337 ständigen Alenschen, der m irgendeiner guten Stunde in tiefster Seele etwas anderes
805 2336 2511 2389 denkt?“ Don früh auf ein Dichter, also auf die Betrachtung des Seelischen gelenkt
807 2397 2500 2428 und von der Buntheit des Lebens beglückt, wird Schnitzler Arzt. In einem Kranken¬
804 2443 2514 2497 hause angestellt, sieht er viele Menschen sterben, und ob sie nun in Qualen enden
816 2493 2509 2551 oder sanft einschlafen, so bleibt ihm doch immer der gleiche Eindruck, das Schauern
805 2535 2511 2604 vor dem Unbekannten des letzten Augenblicks und des dahinter Befindlichen. Denn
803 2590 2505 2642 in diesen Dingen vermag er seiner Wissenschaft genau so wenig zu trauen, wie
813 2649 2510 2716 irgendeiner religiösen Tröstung, da ist alles ganz unsicher und verhüllt. Solches
822 2713 2523 2766 Schauern vor dem Nätselvollen wird ihm im „Schleier der Beatrice“ schöne Derse
815 2756 2018 2838 eingeben. Dort grübelt der zum Selbstmord Entschlossene:
1665 2816 2392 2890 Das abgelebte Dasein neu durchfliegen,
874 2821 1651 2894 Nur mit den armen Worten der Gewohnheit
1671 2873 2424 2939 00b nicht ein neues kommt, einungeahntes —
864 2881 1658 2930 Kennt unser Mund das ewig Unbegriffne;
1665 2925 2425 2989 Ob uns im frei gewählten Hingang nicht
869 2939 1650 2986 Und so wie jene, die im Glanz des Lebens
1663 2977 2454 3030 So nutzlos schmerzensvolle Sehnsucht anfällt,
875 2978 1549 3046 Aufleuchteten, ist uns der letzte auch,
1660 3020 2415 3081 Ins Licht zurückzukehr'n, daß alle Pein,
873 3020 1649 3087 Bevor er kommt, nichts als ein Augenblick.
1665 3084 2452 3134 Die wir jetzt denken können, uns erscheint
871 3076 1647 3144 Doch was er birgt an ungeheuren Schrecken,
1662 3128 2457 3195 Wie Hauch der Lüfte — niemand hat's erzählt.
878 3122 1651 3200 Ob wir in tausendfacher Kraft und Qual
935 3199 2516 3267 „Niemand hat's erzählt ...“ Wer so vom Todesrätsel ewig bedrängt ist
808 3245 2512 3300 und es als Qual empfindet, der ist von allem friedlichen Lebensgenuß ausgeschlossen.
810 3307 2513 3369 Er wird je nach seiner Anlage zum völligen Entsagen oder zum leidenschaftlichen
819 3352 2510 3416 Erfassen des einzig sicheren Besitzes, des Lebens, gelangen. Der Dichter Schnitzler
819 3404 2510 3476 wählt mit Naturnotwendigkeit das wilde Auskosten des Lebens und sieht sich durch
811 3460 1821 3530 eben seine Natur in solchem Genießen gehemmt.
933 3516 2511 3582 Doppeltes hindert ihn daran. Einmal ist dem modernen Arzt und Seelenforscher
808 3580 2513 3634 auch dieser scheinbar ganz sichere Besitz, das Leben, das bewußt erlebende Ich, nichts
820 3622 2507 3702 so überaus Sicheres. Die Seltsamkeiten der Hypnose, die die Persönsichkeit eines
804 3694 2521 3764 Menschen ganz verändern kann, haben für Schnitzler etwas sehr Beunruhigendes.
2163 3889 2220 3999 920
