3392 4352
155 236 1365 357 2. Cuttings box 38/4
2112 1161 2245 1243 369
1406 1176 1733 1251 Schauspielerin.
898 1252 2232 1349 schweige denn Frucht. Ein embryonales Zwittergewächs von einer
902 1317 2237 1395 schwermüthigen Blässe und einem schwachen, halb bitteren, halb süßen
903 1367 2248 1435 Geschmack. Kosten wir dankbar auch ihn aus und lassen wir Heinrich
902 1422 2247 1482 Mann nicht einmal Das entgelten, daß er viel weniger bescheiden ist
904 1481 2245 1534 als wir und mit seinem ersten größeren Drama gleich eine neue Gat¬
901 1523 1826 1593 tung Dramatik heraufgeführt zu haben glaubt.
1008 1562 2250 1634 Was für eine Gattung? Mann sagt, daß es jetzt nöthig, wenn
904 1615 2244 1674 auch nicht eben bequem sei, die vorgeschrittenen Seelen dieser Zeit dra¬
907 1660 2244 1737 matisch zu gestalten: ihren schwankenden Willen, ihre Doppelrassigkeit,
899 1729 2243 1783 die Klarsichtigkeit ihres Gefühls. Ja, um des Himmels willen, hat
902 1761 2244 1837 Ibsen in seinem ziemlich „zielbewußten“ Leben Anderes gethan?
917 1836 2262 1881 Thut Schnitzler seit zwanzig Jahren Anderes? Daß aber dem zeitlichen
909 1876 2253 1921 Abstand zwischen diesen Beiden und Heinrich Mann nicht eine fort¬
912 1913 2253 1983 schreitende Komplizirung der menschlichen Seele entspricht, ist neben¬
904 1960 2265 2031 bei vielleicht auch daraus zu schließen, daß es bei Kleist und Hebbel
911 2008 2255 2074 psychische Verkettungen, Windungen, Zwischenstufen und Lichtbrech¬
918 2059 2258 2132 ungen giebt, gegen die alle späteren Subjekte und Objekte einer drama¬
918 2109 2258 2178 tischen Analyse grob anmuthen. Nein, Manns Absicht ist wahrhaftig
909 2158 2258 2243 alt. Immerhin könnten seine Mittel neu sein. Dazu gesteht er, daß er
922 2211 2264 2285 seine neue innere Welt (von der wir also wissen, daß sie längst entdeckt
925 2260 2264 2330 ist) durch starke alte Situationen sichtbar machen wolle. Aber wieder
917 2318 2273 2387 muß man ihn darüber belehren, daß nicht er dieses Mittel gefunden
923 2393 2265 2471 Wärs aber nicht abscheuliche Wesensvollendung, wenn ein Dreißig¬
921 2468 2259 2525 jähriger schon am Ziel stünde? „Ich glaube, daß es ein Segen
930 2515 2271 2581 wäre, wenn alle Kritiker das Theater so wichtig nähmen wie ich. Denn
923 2552 2266 2616 ich nehme es ja nicht als Selbstzweck wichtig, sondern als Mittel zum
930 2603 2265 2668 Zweck. Ich weiß, daß es das Leben spiegelt, aber ich weiß auch, daß
928 2649 2272 2738 es ins Leben zurückwirkt.“ Diese Sätze (aus dem Vorwort zur Chro¬
933 2699 2276 2770 nik) illuminiren die Stelle, an der erkennbar werden kann, worin
926 2781 2276 2822 Herr Jacobsohn sich von den meisten Berufsgenossen wesentlich unter¬
935 2800 2263 2878 scheidet. Er nimmt das Theater so ungeheuer ernst wie die Mehrheit
929 2865 2275 2910 der Menschen den Gelderwerb und einzelne die Liebe. Ein reinlicher,
940 2915 2280 2969 tüchtig gebildeter, ungemein begabter Mann, der sich einer Sache ver¬
936 2948 2275 3017 pflichtet fühlt, in ihrem Dienst, dem er sein Leben gern giebt, nie gie¬
941 3008 2270 3074 rig nach Pripatvortheil oder Budenapplaus umherspäht, seinem Em¬
930 3054 2268 3118 pfinden knappen und wirksamen Ausdruck zu ertasten weiß und ernst¬
931 3097 2277 3166 lich entschlossen ist, immer tiefer sich in die Erkenntniß seines Gegen¬
948 3147 2282 3222 standes einzubohren. Von dem Menschenrecht, zu irren, von der Tu¬
939 3199 2278 3267 gendpflicht zu blinder Uebertreibung macht er reichlichen Gebrauch.
945 3275 2288 3321 Doch er will stets das ihm gut, also nöthig Scheinende und sein Wille
936 3300 2287 3372 wird von ansehnlichem Können bedient. Leset, nicht gläubig, sondern
940 3350 2289 3415 recht kritisch gestimmt, sein Buch: dann werdet auch Ihr fragen, wa¬
947 3408 2290 3464 rum unsere Massenzeitungverleger nicht längst einen ihrer Richter¬
942 3447 2292 3531 stühle diesem Rezensenten anvertraut haben, der so ernst und so froh,
941 3508 1571 3587 mit so grimmer Liebe judizirt.
