3392 4320
157 241 748 337 2. Cuttings
812 1699 993 1756 Für 50
890 1745 989 1790 100
899 1786 990 1831 200
831 1860 993 1924 „ 1000
812 1954 992 2012 Abonnen
810 1997 997 2067 Abonnen
906 226 1357 318 box 38/4
1141 662 2203 755 (Vortrag Hermann Bahr.) Ein überaus zahlreiches
1020 716 2212 800 Publicum hatte sich gestern im Kaufmännischen Vereinshaussaale
1031 778 2199 847 eingefunden, um Hermann Bahr zu hören, Hermann Bahr,
1020 817 2198 884 das Linzer Kind, das sich in aller Welt herumgetrieben, viel
1026 869 2206 931 von sich reden, aber schließlich sich auch einen Namen gemacht
1026 898 2199 974 hat. Es ist schon viele Jahre her, dass Hermann Bahr nicht
1034 942 2202 1017 in Linz spuach, ja viele Jahre, dass er nicht länger in seiner
1016 986 2189 1062 Vaterstadt geweilt. Er begann auch selbst den Vortrag mit einer
1012 1032 2195 1102 persönlichen Erinnerung an seine Jugendzeit, mit Worten, aus
1016 1076 2191 1122 denen ein tiefes und echtes Heimatsgefühl sprach, und er be¬
1024 1113 2200 1186 zeichnete sich schließlich als den verlerenen Sohn, der nunmehr
1021 1163 2193 1230 wieder einmal zur Heimat zurückgekehrt sei. Als Thema seines
1020 1201 2206 1275 Vortrages hatte Bahr über „moderne Literatur“ bezeichnet,
1021 1252 2205 1305 einen Vortrag aber im strengen Sinne des Wortes kann man¬
1029 1287 2200 1340 es nicht nennen, was er hielt, wohl aber eine reizende geistreiche
1030 1331 2205 1403 Plauderei, eine Causerie, wie der Franzose sagt, durchtränkt von
1030 1373 2202 1449 feinem Humor, voll von treffenden Bemerkungen, aber auch nicht
1027 1425 2192 1494 ohne einen stellenweisen Hang zur Bizarrie und Persiflage.
1026 1463 2190 1538 Von einem akademischen Vortrage hatte das Ding nichts an
1026 1506 2191 1581 sich, aber es gab niemanden im Publicum, der sich dabei nicht
1026 1556 2190 1624 unterhalten hätte, und stellenweise wusste der Redner das
1022 1594 2182 1659 Publicum auch mit sich fort zu reißen und ihm geradezu seine
1013 1640 2184 1713 Ansichten förmlich aufzuzwingen. Auch über moderne Literatur
1011 1683 2190 1765 sprach eigentlich Hermann Bahr nicht, er schränkte sofort sein
1018 1728 2189 1802 Thema ein und sagte, er wolle erzählen, wie die Gruppe
1012 1772 1724 1833 der Wiener Literaten, die man
1727 1782 2184 1852 Jungwien zu nennen
1014 1812 1734 1868 pflegt, entstanden sei, und was
1732 1821 2039 1881 sie anstrebe.
2096 1834 2185 1887 An
1010 1866 2182 1929 zwei Beispielen aus dem Leben charakterisierte Bahr den
1015 1910 2182 1976 Zustand, den dieses Jungwien vorgefunden, den Zustand, in dem
1013 1949 2221 2014 man das Dichten als eine höchst unfruchtbare Beschäftigung as
1013 1991 2260 2074 ansah, das Dichten nicht mehr modern war. Da kamen denn sen
1003 2036 2188 2100 die jungen Leute im Café Griensteidl zusammen und sagten:
1005 2072 2186 2153 da muss etwas geschehen, und endlich fanden sie, was geschehen
1001 2134 2186 2182 müsse, man müsse nämlich aus dem heimatlichen Boden heraus,
1001 2175 2198 2246 man müsse eine Wiener Literatur, Wiener Stücke und Wiener
1005 2212 2190 2272 Geschichten schreiben. Und sie giengen hin und thaten es, das
998 2264 2178 2314 literarische Jung=Wien war da. Diese Darlegungen des Redners
998 2298 2181 2374 erhielten ihren eigenen Reiz dadurch, dass er schilderte, was er
997 2352 2185 2392 miterlebt, einen Kreis, dessen Mittelpunkt er gewesen, dass er
999 2389 2183 2459 schilderte wie er und die anderen rangen, strebten, erreichten,
996 2440 2184 2507 wobei manch scharfer Hieb nach allen Seiten flog, auf das
999 2476 2175 2546 Publicum, auf die Kritik und auf die Herren von Jung=Wien
997 2514 2187 2583 selber. Bahr führte dann aus, wie schließlich auch Jung=Wien in
996 2565 2171 2634 die Gefahr kommen muss, sich in bloße Routine und Manier
987 2617 2176 2681 aufzulösen, und wie diese Gefahr hoffentlich dadurch beseitigt
999 2652 2188 2721 wird, dass jetzt auch die Provinz sich regt, und neben der
996 2700 2175 2767 Wiener Literatur die provinziale ihre Stimme erhebt. Sie
997 2739 2177 2798 beide, so hofft er, die Wiener und die Provinz=Literatur
984 2791 2180 2853 würden sich ergänzen und in ihren Händen liege die Zukunft
985 2836 2178 2899 und die Entscheidung darüber, ob Jung=Wien nichts sein wird
991 2872 2168 2934 als eine bloße literarische Episode oder das erste Capitel eines
983 2919 2182 2969 neuen Literaturabschnittes. Ueberdies scheint Bahr selbst die
994 2959 2174 3026 Absicht zu haben, auch seinerseits sich an die Provinz zu erinnern,
989 3001 2182 3070 denn sein jüngst aufgeführtes Stück „Der Athlet“ spielt auf ober¬
986 3045 2171 3110 österreichischem Boden und sein nächstes, das binnen kurzem voll¬
993 3098 2181 3164 endet sein wird, „Der Frazl“, behandelt das Leben des ober¬
979 3139 2169 3200 österreichischen Dialeetdichtels Franz Stelzhamer. Wir müssen
980 3175 2168 3224 es uns natürlich versagen, hier auch nur in flüchtigen Umrissen
984 3215 2161 3285 den Vortrag selbst wiederzugeben, wir könnten die Hauptsache
981 3264 2163 3337 nicht erreichen, die Wirkung, welche Hermann Bahr, der glänzende
981 3308 2174 3363 Redner, der so leicht und graziös vom Podium herab spricht, als
981 3351 2175 3407 säße er bei einer ungezwungenen Unterhaltung in einem Sal####
978 3405 2157 3472 der dabei doch die Wirkung jeder Pointe abzumessen versteht,
982 3459 2164 3517 unmittelbar auf den Hörer ausübt, sogar mit einem Thema, das
982 3493 2169 3554 in seinen Voraussetzungen nur einem Theile des Publicums ver¬
977 3521 2166 3591 ständlich sein kann. Wir beispielsweise bekamen von den
977 3581 2180 3636 Wiener Dramen nur sehr wenige in Linz bisher zu sehen und
982 3630 2180 3692 zu hören, Schnitzlers Liebelei“ und Bahrs „Tschapperl“, vielleicht
981 3648 2162 3736 können wir noch Burckhardts „'s Katherl“ hinzurechnen, das sind
979 3711 2165 3780 unseres Erinnerns die einzigen Erzeugnisse Jungwiens, denen
989 3748 2162 3820 sich bisher die Linzer Bühne geöffnet hat. Es wäre eine Ehren¬
979 3800 1900 3866 pflicht der Linzer Bühne, insbesondere die Kenn“
1927 3802 2166 3861 der Werke
980 3836 1676 3905 Bahrs seinen Landsleuten eifriger zu
2021 3849 2174 3900 Inter¬
986 3878 1633 3944 esse Hermann Bahr bei dem L##
982 3920 1627 3984 bewies gestern der starte Besuch
978 3969 1549 4045 Beifall am Schlasse dosselk“
2896 4135 3177 4193 M
