3344 4320
189 224 783 333 2. Cuttings
1664 141 2377 209 —
939 220 1392 308 box 38/4
1459 884 1634 968 — 211
895 1004 2359 1065 Die Dinge sollen den Weg zur Schönheit wandeln, also sich bewegen, nicht
779 1056 2364 1111 verharren. Die Treue, die Rast sind die Feinde der Schönheit. Ruhe, Verharren
781 1091 2368 1146 ist Untergang; Bewegung, Werden, Entwicklung ist alles! Das ist die Erhabenheit
777 1142 2370 1202 der beweglichen Natur, daß sie nicht ruht, das sei die Erhabenheit der Menschen,
780 1193 1122 1253 daß sie werden.
894 1223 2371 1286 In allen diesen, nun sehr breit auseinandergelegten Ansichten, die dort ganz
775 1280 2365 1330 leise, verstreut, nur selten ein wenig pathetisch gesagt werden, kann man den
786 1316 2365 1367 stärksten Trieb zu einer künftigen Cultur finden. Dieser Sonderling Peter Alten¬
774 1364 2365 1410 berg spürt das Wesen einer künftigen Erde in sich: die neuen Menschen, die neuen
783 1401 2366 1452 Gesetze, die neue Schönheit, das neue Leben. Das ist die große Revolution in
780 1453 1221 1520 diesem kleinen Buche.
908 1487 2364 1545 Vielleicht bin ich Ihnen sehr überschwänglich vorgekommen, deshalb brauche
785 1536 2366 1592 ich mich ja nicht zu entschuldigen, aber ich mußte den neuen Menschen gestalten,
775 1587 2372 1641 den dieses Buch verheißt und da habe ich freilich vergessen, es bloß auf seine er¬
784 1622 2373 1690 müdende und etwas monotone Kunst zu prüfen, was man bisher allzueinseitig
783 1672 2372 1729 gethan hat. An der Kunst aber liegt dem Peter Altenberg gar nicht sehr viel,
778 1729 2369 1773 das Leben und die Weise des Lebens ist ihm unendlich wichtiger; seine Ideen,
787 1762 2365 1817 sein Erzieherwille, seine Prophetie. Vielleicht haben ihn die am meisten gekränkt,
779 1805 2374 1857 die ihn bloß für einen Künstler nahmen. Das betrachtet er als ein zweifelhaftes
788 1855 2371 1907 Glück, daß er seine strömenden Ideen gestalten kann, so daß man über der Zier
779 1902 2382 1935 der Parabeln und über der Lust der Gegenstände seine ganzen Weisheiten vergißt.
778 1950 2361 2009 Ich möchte aber auch das niemandem übelnehmen. Seine Manier hat für Nach¬
786 1993 2373 2039 ahmer etwas sehr gefährliches und solchen, die vom Künstler absichtslose Kunstwerke
781 2030 2374 2070 wollen, wird sie gar nicht genügen. Man darf aber vom Apfelbaume nicht ver¬
772 2078 1393 2144 langen, daß er Kirschen trage.
899 2104 2367 2164 Diesen Künstlermenschen Peter Altenberg wird nichts mehr ändern und be¬
777 2159 2366 2211 stimmen. Er ist fertig, ohne Entwicklung. Diese wunderlichen Skizzen, die immer
780 2208 2369 2263 kleine Theilchen der Welt zeigen, einer neuen Welt und zugleich das Leben eines
775 2261 2029 2306 neuen Menschen, werden eine Bedeutung für die Zukunft haben.
917 2291 2368 2354 Er sagt einmal von der Kunst der Japaner: „sie malen einen Blütenzweig
775 2342 1432 2412 und es ist der ganze Frühling.“
900 2385 2132 2439 In seinen Skizzen ist der seltsame Frühling einer neuen Erde.
902 2444 1979 2483 Oder ist das vielleicht nur ein Traum und Irrthum?.
901 2457 2356 2521 Weil dieses Buch solche Zweifel und Ungewißheit, weil es Liebe und Haß,
769 2528 2362 2573 Uebersättigung und Begierde erzeugt hat, und weil es vielleicht einigen Menschen
774 2571 2367 2623 etwas Tiefes sagte, gehört das Auftreten des sonderbaren Autors Peter Altenberg
770 2600 1999 2675 zu den hervorragenden Ereignissen des Jahres 1896 in Wien.
2661 144 2873 205 —W
2958 3787 3050 3863 150
2930 3839 3042 3897 r 4
2983 3853 3144 3931 S
3087 3910 3158 3983 00
3119 3957 3158 4008 300
2851 4003 2893 4062 5
2969 4092 3106 4174 D
