3436 4352
994 234 1461 327 box 38/4
239 256 970 360 2. Cuttings
802 821 2852 912 EGEE Wendriner, Die Dichter von 1900. Seasls8800SS8 721
802 890 1855 971 Geschwisterpaares, die Prozessionen langstieliger Vergiß¬
1873 891 2853 965 Auch Ricarda Huch begann in den neunziger Jahren
808 955 1826 1007 meinnicht suchen mit ihrem blauen Abglanz des Himmels
1824 959 2857 1018 als Naturalistin, wurde aber bald die erwählte Führerin
800 997 1826 1060 das Tor zu erobern, und die Frau, die Sünderin, die
1822 993 2868 1053 der Neuromantik. Von ihren wundervollen geschichtlichen
814 1047 1824 1100 Mutter, die Göttin steigt aus der Tiefe der Welt empor
1824 1046 2860 1119 Romanen kam sie zu historischen Charakterbildern, zu
805 1092 1827 1150 und steigt und steigt in die Ewigkeit als die, in deren
1832 1085 2865 1140 religionsphilosophischen Studien. Sie versucht, einem
811 1138 1829 1204 gnadenlose Hände Himmel und Hölle überantwortet sind.
1837 1138 2855 1193 Freunde in Briefen Luthers Glauben verständlich zu machen,
872 1178 1826 1231 Niemals hat Hauptmann eine Sprache geschrieben wie
1840 1178 2870 1242 sie schreitet von den Ideen des großen Reformators weiter
816 1209 1826 1270 in diesem Buche. Niemals hat er die Natur gesehen wie
1837 1224 2862 1279 zur Deutung des Sinnes der Heiligen Schrift. „Ich habe
812 1258 1822 1322 in jenen Tagen, da er die Liebesgeschichte des Priesters
1831 1266 2861 1324 es für die vielen geschrieben,“ sagt sie in der Vorrede zu
808 1312 1826 1368 Francesco erlebte. Man kennt die Gestalt des Mannes,
1831 1318 2869 1373 ihrem letzten Buch, „die sagen, daß sie glauben möchten,
808 1351 1823 1423 der Frau aus Hauptmanns Dramen. Aber in „Elga“,
1835 1352 2862 1424 daß ihnen aber viele religiöse Voraussetzungen im Wege
805 1392 1830 1449 in „Kaiser Karls Geisel“, bleibt die Frau die Verführerin,
1838 1399 2859 1461 seien, zum Beispiel der persönliche Gott, persönliche Un¬
799 1432 1824 1491 die Dirne, das vernichtende Prinzip. Selbst in der „Ver¬
1836 1446 2858 1493 sterblichkeit, die Wunder, die Gottheit Christi und manches
806 1490 2852 1546 sunkenen Glocke“ scheint es fast ein Zufall, daß Rautende= andere.“ Ricarda Huch will beweisen, daß all das, was
803 1535 2859 1607 lein die Geliebte des Glockengießers wird, ehe sie zu dem diese kritischen Frommen für Absurditäten halten, die der
809 1576 1299 1627 Wassermann in den Brun¬
2368 1578 2861 1635 Vernunft widersprechen,
798 1625 1278 1675 neu hinabsteigt. Im „Ketzer
2367 1620 2857 1681 vielmehr höchste Vernunft
806 1661 1260 1712 von Soana“ findet die Frau
2362 1665 2853 1719 ist, von den Menschen un¬
798 1709 1096 1762 findet die irdisch
2365 1713 2858 1768 serer Zeit nur deshalb miß¬
810 1751 980 1807 letzte Ver
2351 1752 2864 1812 verstanden, weil Leben und
812 1792 929 1848 den 2
2363 1801 2858 1857 Denken bei uns nicht mehr
810 1832 918 1893 letzte
2358 1841 2866 1908 eins ist. Sie will zeigen, daß
2367 1886 2865 1950 die Bibel uns nicht fern
2356 1931 2864 1991 liegt als ein Buch voll alter
805 1963 857 2017 1
2363 1973 2853 2040 orientalischer Mythen und
2358 2022 2866 2076 Geschichten, sondern daß
2361 2054 2863 2123 ihre Weisheit heute und
2365 2103 2870 2161 immer auf alle Menschen
2361 2152 2852 2226 angewendet werden kann
2362 2196 2563 2251 und soll.
2406 2226 2851 2297 Die Dichterin gibt eine
2358 2270 2861 2345 künstlerische Religionsphi¬
2365 2321 2863 2387 losophie, die sich zur Sozio¬
2362 2365 2860 2425 logie, zur Geschichts= und
2365 2408 2865 2475 Lebensphilosophie weitet.
2365 2453 2870 2510 Sie geht von den Worten
2364 2499 2867 2562 der Bibel aus. „Und Gott
2354 2535 2857 2604 der Herr spricht: Es ist
2362 2580 2862 2643 nicht gut, daß der Mensch
2359 2639 2862 2689 allein sei.“ Und spricht,
2360 2669 2857 2735 daran anknüpfend, von der
2355 2713 2853 2779 Liebe zwischen Mann und
810 2761 884 2824 Tem
2367 2766 2860 2829 Weib, von der Familie als
812 2805 958 2860 einen 9
2368 2806 2863 2866 Ausgangspunkt mensch¬
802 2846 973 2905 Zeit,sie
2365 2848 2862 2915 licher Gemeinschaft. Sie zi¬
1211 2896 1263 2949 ah
811 2895 1067 2953 sal der Frauer
2361 2898 2849 2954 tiert das Bibelwort: „Ar¬
2090 2889 2347 2978 M. Schuster.
1370 2921 2071 2992 Erinnerungen. Nach einem Gemälde von Karl
795 2936 1290 3001 ren des großen Krieges.
2363 2947 2861 3000 mut und Reichtum gib mir
1594 2953 2069 3012 Phot. Verlag Franz Hansstaengl, München.
799 2983 1292 3041 Alle Frauen sind ihr Töch¬
2368 2979 2854 3044 nicht, laß mich aber mein
798 3027 1298 3085 #ter der Hekuba. Sie erzählt
2352 3033 2860 3086 bescheiden Teil Speise da¬
801 3061 1829 3135 von den Sorgen der Mütter um ihre Söhne draußen im
1838 3050 2861 3138 hinnehmen“, und kritisiert in seiner Ausdeutung die Welt¬
810 3117 1825 3156 Schützengraben, von dem Warten und Warten Tag und
1831 3122 2849 3176 und Geldwirtschaft im kapitalistischen Zeitalter, die unchrist¬
797 3151 1825 3205 Nacht auf eine Nachricht, das die Frauen auf den Weg des
1842 3168 2865 3204 liche Armenfürsorge in einem ungöttlichen Grundzustand.
795 3200 1828 3265 Leichtsinns, zur Verzweiflung, ins Irrenhaus bringt. Clara
1836 3204 2864 3257 Von dem Verhältnis Gottes zu den Menschen geht sie über
799 3247 1830 3305 Viebigs Roman spielt in einem Vorort von Berlin, man
1843 3257 2855 3313 zu dem Verhältnis der Eltern zu den Kindern, aus dem
802 3291 1830 3351 glaubt, das alte Zehlendorf zu erkennen. Mit der großen
1831 3290 2864 3353 jenes abgeleitet ist. Sie spricht von alten isländischen
800 3331 1831 3397 Kraft ihrer Menschenschilderung stellt sie die Generalin und
1839 3344 2852 3401 Sagen und Shakespeareschen Dramenkonflikten, von Kirche
798 3382 1821 3440 die Bürgersfrau, die Fabrikarbeiterin und die Telephonistin,
1833 3385 2866 3449 und Staat, von mittelalterlichen Kaisern und von Friedrich
799 3427 1817 3478 die Waschfrau und die uneheliche Mutter vor uns hin,
1836 3427 2854 3493 dem Großen, von Wallenstein und Napoleon. Sie ver¬
810 3465 1820 3521 schildert sie den Hunger und die Verzweiflung der Men¬
1832 3471 2860 3526 gleicht den modernen Psychiater mit dem katholischen
802 3501 1825 3573 schen, die nach Kartoffeln und Brot schreien und mit
1833 3515 2854 3574 Beichtvater und prägt das bedeutsame Wort: „Der erb¬
806 3550 1819 3609 Siegesnachrichten gesüttert werden. Das Buch klingt mit
1823 3557 2856 3618 liche König ist nicht aus Gottes Gnaden, vielmehr wider
796 3600 1828 3655 dem Friedensangebot vom Dezember 1916 aus. Ohne
1835 3603 2853 3654 Gottes Willen.“ Merkwürdige Bücher, überfließend vom
808 3646 1818 3703 Ende. Wir hören nichts von dem Schicksal der Männer,
1838 3641 2850 3696 Reichtum der Gedanken, immer anregend und immer zum
1842 3696 2852 3747 Widerspruch herausfordernd. Aber man würde sich freuen,
808 3691 1831 3744 die noch jahrelang draußen kämpfen müssen. Aber wir
1836 3742 2827 3793 wenn Ricarda Huch den Weg zur Kunst zurückfände.
806 3735 1831 3794 spüren, wie der Tod wieder und wieder durch das kleine
1892 3774 2844 3837 Wie Ricarda Huch sind auch der aus dem Württem¬
797 3780 1823 3829 Dorf schreiten wird, erbarmungslos, ohne Mitleid mit der
1820 3821 2856 3881 bergischen stammende Hermann Hesse und der Badenser
806 3821 1829 3872 einsamen Mutter, mit der jungen Frau,die auf dem feind¬
1827 3864 2862 3937 Emil Strauß, die um 1900 als Schüler des Naturalis¬
795 3868 1823 3929 lichen Boden Italiens ihren ersten Geliebten begraben hat.
