3344 4352
142 182 1365 327 2. Cuttings box 38/4
385 941 1264 1034 Erzeugnisse Besterreichs nuch den. W##...—.
384 992 3312 1072 auch der inländische Markt für landwirtschaftliche Erzeugtusse noch  rischen in neue Verhandtungen einzalteten. Die Bostemnei inr An Pooimaneut!
1724 993 3308 1077 1 garischen Abgeordnetenhause hat aber jede Verhandlung unmöglich' Bord eines
386 1025 1735 1104 mehr als bisher bedroht erscheint; daß uns die wirtschaftliche Gemein¬
1732 1022 3325 1131 gemacht, in Oesterreich kan man mit der Beratung des Tarifentwurfs daselbst wir
401 1066 1742 1140 samkeit Oesterreichs und Ungarns übermäßige Lasten auferlegt, welche
1744 1088 3086 1169 nicht weiter kommen, und man hat auch keine Lust, sich mit ihm zu:
393 1107 1731 1180 durch einseitige wirtschaftliche Maßnahmen Ungarns von Jahr zu
3071 1126 3288 1195 eine durch
1735 1127 3084 1224 befassen, weil man nicht weiß, was aus den Wirren in Ungarn heraus¬
389 1145 1731 1226 Jahr in ungerechtfertigter Weise vermehrt werden; daß sich die öster¬
392 1175 1734 1262 reichischen Volkswirte der Erkenntnis nicht länger verschließen können,
1725 1184 3316 1278 kommen wird. Die Folge davon ist, daß die handelspolitische Zukunft! Teil des Da
395 1222 1736 1324 wie alle Versuche, die ausländische agrarische Konkurrenz durch Zoll¬
1350 1274 1486 1353 W
3073 1237 3314 1342 selten 2e
1731 1277 3080 1372 deutsch=österreichischen Dichtung, sondern auch die feine, innerlich vor¬
3079 1323 3304 1393 schiedenen
1741 1315 3086 1410 nehme Poetennatur verehrt, ist ein Mann von leiser literarischer
3078 1366 3310 1424 trachtung d
1749 1365 3084 1450 Stimmung. Man muß auf ihn hinhorchen, um sich an ihm zu er¬
3074 1413 3342 1478 poetischen
887 1398 1408 1488 eutketon.
1743 1402 3089 1496 freuen. Fast schien es eine Weile, als sollte der Thron mit einer
774 1424 875 1507 6
3075 1454 3278 1531 stimmt.
1738 1453 3088 1545 Frau besetzt werden: man hat die Erzählerin Marie v. Ebner¬
3179 1490 3320 1555 Apfei
1750 1512 3095 1582 Eschenbach — die erst in hohen Jahren zur Anerkennung gelangt
810 1507 1700 1617 deutsche Dichtergestalten.
3084 1532 3326 1601 repräsentier
440 1459 804 1632 Moderne
1749 1550 3095 1635 ist — eine Klassikerin genannt, und die Geschlossenheit und Ruhe, die
3084 1583 3313 1648 ist: die sa
931 1595 1228 1675 (Neue Folge.)
1751 1588 3089 1667 Plastik und der sanfte Humor ihrer feinen Erzählungen sind in der
3085 1631 3303 1694 fassung ges
1015 1648 1143 1704 Von
1749 1634 3091 1714 Tat von mustergültiger Gediegenheit; aber zur lebendigen Führung
407 1637 813 1744 (Nachdruck verboten.)
3082 1673 3311 1739 in solchen
1743 1670 3099 1757 der Geister, auf die sie wohl niemals Anspruch erhob, fehlt ihr der
779 1683 1387 1782 Prof. Dr. Alfred Kkaar.
3086 1710 3297 1777 man trotz
1756 1720 3101 1802 Atem der Leidenschaft und der Mut, den Rätseln des Lebens ins
3093 1762 3290 1821 zisten höh
1759 1764 3100 1847 starre Auge zu blicken. Dann ist noch einer da, der auf hoher Stufe
836 1779 1344 1874 Artur Schuitzler.
3089 1808 3274 1865 einzuscha
1751 1799 3097 1893 steht, ein Oesterreicher, der als deutscher Poet tiefernst genommen
3089 1845 3262 1906 Einfälle
1749 1853 3094 1932 sein will, der eigenartige, scheue, vom lauten Markte abgewandte
3088 1894 3279 1948 neller Bi
494 1869 1753 1960 Als Grillparzer, ermüdet von dem Lärm später Anerkennung, der
1746 1889 3103 1972 J. J. David. Er ist ein ganzer Mann, aber keiner für die Menge,
3097 1943 3307 1992 Gegenwar
416 1934 1758 2001 in das Heim des Greises eindrang, zu Beginn des Jahres 1872 die
1748 1947 3105 2029 mehr ein Nischenheiliger, um an ein Hebbelsches Wort zu erinnern,
3086 1983 3300 2048 Dialektibe
408 1968 1754 2076 Augen schloß, war ein Thron erledigt. Seit der zweiten Renaissance
1747 1990 3107 2072 ein feingestimmter Lyriker, ein Erzähler von stimmungsvoller Eigenart,
3089 2028 3313 2080 wenn er #
405 1993 1748 2124 unserer deutschen Dichtung, die in der Zeit der Freiheitskriege begann,
1763 2026 3104 2114 auch in seinen Dramen starker Accente fähig, aber keine mitsichfort¬
407 2065 1762 2141 gab es immer einen Fürsten deutscher Literatur, der in Wien residierte.
1764 2063 3312 2150 reißende Kraft und kein typischer Oesterreicher. Mit dem Landschaft= J.des eigene
411 2110 1754 2195 Raimund, Grillparzer, — dann, als der große Dramatiker
1752 2114 3307 2185 lichen seiner Heimat, der mährischen Hanna, der er als Mann von menz er d
3086 2154 3304 2212 und in di
418 2147 1763 2241 schwieg, Nikolaus Lenau — das waren etwa die deutschen
1766 2155 3101 2240 halbbäuerlicher Abstammung angehört, mischt sich in ihm das national¬
3102 2196 3309 2255 wern man
423 2198 1768 2274 Literaturfürsten an der Donau, an der man immer deutsch gesagt und
1757 2204 3102 2286 deutsche Element, das er aus dem großen allgemeinen Literaturzuge
3105 2249 3293 2303 Wort auc
424 2235 1766 2331 gesungen. Die denkbar verschiedensten Naturen, aber alle mitsamt
1754 2251 3112 2326 empfangen. Was dazwischen liegt und wodurch er äußerlich hindurch
3097 2290 3271 2341 der Fort
427 2281 1766 2360 ihren Vafallen, den Nestroh, Bauernfeld, Anastasius
1765 2291 3107 2374 gegangen: das österreichisch=wienerische Element, hat auf ihn wenig
3092 2330 3298 2399 art bis
426 2329 1765 2422 Grünusw., verbunden durch spezifisch österreichische für den deutschen
1762 2330 3111 2413 tiefen Eindruck gemacht „trotzdem er sich dramatisch auch in dieser
3098 2373 3294 2431 Schatten
428 2369 1766 2457 Süden überaus charakteristische Züge. Damals, im Jahre 1872, war
1773 2382 2998 2470 Sphäre versucht hat; seine Stärke liegt in anderen Regionen.
3095 2423 3294 2479 Welt her
419 2412 1772 2497 die Thronfolge nicht lange zweifelhaft. Ein Jahr vorher hatte
1861 2417 3104 2498 Eigenartig und doch typisch, ein Mann für sich, und doch ganz
3099 2459 3291 2533 Wesen u
417 2449 1766 2547 Ludwig Anzengruber mit seinem „Pfarrer von Kirchfeld“
1773 2468 3119 2545 Oesterreicher und Wiener, formsicher und scharf beobachtend, und dabei
420 2499 1773 2580 nicht nur die Bühne, wie der abgeschmackte Ausdruck lautet, sondern
1768 2512 3117 2594 doch leidenschaftlich und tief, und bei alledem ein Naturell, das nicht
3097 2531 3296 2614 sein eigen
434 2531 1775 2627 die Menschen, die sich in der Bühne bespiegeln, erobert — der schlicht¬
1775 2573 3117 2637 nur anzuregen, sondern auch aufzuregen weiß, ist im Gegensatz zu
3112 2590 3300 2648 Elementa
427 2581 1773 2663 Mann, der nur wirken, nicht gelten wollte, war mit einem Schlage
1773 2597 3118 2675 all den Genannten Artur Schnitzler. Hört man freilich auf
3104 2641 3311 2704 Menschenh
434 2624 1772 2715 der Souverän der deutsch=österreichischen Literatur; der Norden, der
1771 2642 3120 2726 die Wiener selbst hin, ich meine nicht auf das Publikum, sondern auf!
3105 2682 3330 2744 erzeügt,
433 2661 1778 2769 den Süden immer als Gegensatz und Ergänzung auf dem gemeinsamen
1772 2678 3121 2766 eine literarische Koterie, die nach langen Koffeehausübungen in die
3101 2720 3301 2784 etwa auf
438 2717 1771 2808 Boden geliebt hat, bestätigte ohne Zögern die Ernennung. Aber
1780 2728 3115 2807 Presse vorgedrungen ist, so wäre Schnitzler nur einer der literarischen
3110 2771 3298 2830 Oben ist
436 2767 1771 2844 Anzengrubers großer, angespannter Wirksamkeit waren nur noch sieb¬
1767 2771 3116 2862 Triumvirn von Wien, die dem großen Rale der „Jungen“ vor¬
3100 2807 3305 2875 so ohne
441 2799 1775 2905 zehn Jahre beschieden; ein Fünfziger, ging er im November 1889
1782 2811 3113 2904 stehen. Ich mag mich auf das Literaturgeschichtsmärchen von den
3112 2850 3328 2913 und Anzen
441 2863 1783 2937 dahin. Geister wie er und Grillparzer werden nicht entthront, aber
1780 2859 3114 2941 geaichten „Jungen“ hier nicht einlassen; über das, was jung im
3109 2895 3325 2961 ganzen die
441 2890 1783 2974 die Lebendigen brauchen den Impuls des unmittelbar schaffenden
1779 2893 3114 2978 Sinne des starken, begeisternden und befruchtenden poetischen Lebens
3118 2944 3326 3001 umspannen
437 2937 1780 3035 Lebens und werden, so radikal die Welt werden mag, im Kunstbereiche
1774 2951 3116 3033 ist, entscheidet kein Kaffeehaus, kein Feuilleton und kein Vortrag in
3105 2991 3334 3050 Melancholi
445 2983 1777 3088 immer zu Geistern emporschauen, die sichtbar vor ihnen einhergehen.
1775 2993 3117 3077 einem Literaturverein, sondern die Empfänglichkeit des Volkes in
3103 3036 3324 3092 handelt,
548 3028 1779 3108 Seit Anzengrubers Tode gibt es in Wien nur Prätendenten,
1790 3043 3110 3114 seinen poesiefreudigen Vertretern, das Leben selbst, das sich an solchen
3118 3072 3339 3132 und Selbsth
438 3083 1783 3147 keinen titerarischen Fürsten. Wenn ich mich aber frage, wer den
1788 3079 3116 3156 Erscheinungen verjüngt. Diejenigen, die sich heiser schreien, um zu
3121 3121 3360 3176 nur ein Bil
450 3112 1785 3212 Stufen dieses literarischen Thrones am nächsten steht, so nenne ich
1793 3111 3121 3202 beweisen, daß sie „Junge“ sind, sind entweder alt, als unfruchtbare
3115 3160 3351 3222 Tiefen hin
444 3150 1791 3241 Artur Schnitzler. Dabei #l es mir fern, die Ansprüche der
1781 3162 3122 3242 Pedanten auf die Welt gekommen, oder mitten in ihrer Jugend an
3113 3202 3360 3267 Neigungen
449 3201 1781 3290 Männer, die nehen ihm die deutsch=österreichische Literatur vertreten,
1795 3208 3119 3291 ihrer Agitation und an ihrer Eigensucht verwelkt und verdorrt. Dabon
3120 3236 3334 3308 Menschent
450 3239 1793 3341 zu verkennen. Rosegger, dem eben jetzt aus voller Empfindung
1787 3255 3122 3332 also kein Wort mehr. Die beiden Literaten, die man als angebliche
3117 3292 3350 3353 geschminkte
452 3291 1794 3373 heraus so viel Ruhmeskränze gereicht werden, ist auch in Deutschlan.d
1792 3298 3120 3379 Schulhäupler in engen Kreisen neben Schnitzler zu nennen pflegt,
3117 3338 3352 3392 fast nur der
453 3324 1795 3431 volkstümlicher als er. Aber dieser große Bauernpoet hat seine be¬
1788 3325 3112 3419 Hermann Bahr und Hugo v. Hoffmannsthal, haben
3116 3377 3359 3436 heimem We
447 3377 1794 3468 sondere Welt, er ist der literarische Föderalist der Alpenländer, man
1789 3385 3113 3466 übrigens in der Tat manchen Zug mit ihm gemein, nicht etwa aus
448 3415 1805 3521 liebt und feiert ihn in Wien, aber er wurzelt in der Steiermark.
463 3484 3352 3581 Ferdinand v. Saar, in dem man nicht nur den Senior der  irgend einem Programm oder Pringp heraus, sondern weil sie in der= ist noch kei
