<?xml version="1.0" encoding="UTF-8" standalone="yes"?>
<PcGts xmlns="http://schema.primaresearch.org/PAGE/gts/pagecontent/2013-07-15" xmlns:xsi="http://www.w3.org/2001/XMLSchema-instance" xsi:schemaLocation="http://schema.primaresearch.org/PAGE/gts/pagecontent/2013-07-15 http://schema.primaresearch.org/PAGE/gts/pagecontent/2013-07-15/pagecontent.xsd">
    <Metadata>
        <Creator>prov=University of Rostock/Institute of Mathematics/CITlab/Gundram Leifert/gundram.leifert@uni-rostock.de:name=ONB_Newseye_GT_M1+(htr_id=10810)::::v=2.4.2
prov=University of Rostock/Institute of Mathematics/CITlab/Tobias Gruening/tobias.gruening@uni-rostock.de:name=de.uros.citlab.module.baseline2polygon.B2PSeamMultiOriented:v=2.4.2
prov=University of Rostock/Institute of Mathematics/CITlab/Tobias Gruening/tobias.gruening@uni-rostock.de:name=/net_tf/LA73_249_0mod360.pb:de.uros.citlab.segmentation.CITlab_LA_ML:v=2.4.2
Transkribus</Creator>
        <Created>2019-10-07T10:28:45.315+02:00</Created>
        <LastChange>2019-10-07T11:03:11.782+02:00</LastChange>
        <TranskribusMetadata docId="223913" pageId="9492391" pageNr="20" tsid="16350167" status="IN_PROGRESS" userId="40391" imgUrl="https://files.transkribus.eu/Get?id=UOTJSKVEYGUBVINXPDRKBAFQ&amp;fileType=view" xmlUrl="https://files.transkribus.eu/Get?id=YUYNLNIWXIVYONOCTODVUSKZ" imageId="6182679"/>
    </Metadata>
    <Page imageFilename="223913_0020.jpeg" imageWidth="3180" imageHeight="4068">
        <ReadingOrder>
            <OrderedGroup id="ro_1711444358353" caption="Regions reading order">
                <RegionRefIndexed index="0" regionRef="r1"/>
                <RegionRefIndexed index="1" regionRef="r2"/>
                <RegionRefIndexed index="2" regionRef="r3"/>
            </OrderedGroup>
        </ReadingOrder>
        <TextRegion orientation="0.0" id="r1" custom="readingOrder {index:0;}">
            <Coords points="213,309 213,2538 1486,2538 1486,309"/>
            <TextLine id="r1l1" custom="readingOrder {index:0;}">
                <Coords points="206,341 1256,342 1256,287 1209,281 369,273 325,306 207,267"/>
                <Baseline points="213,329 264,330 316,330 368,330 420,330 472,331 523,331 575,331 627,331 679,332 731,332 782,332 834,332 886,333 938,333 990,333 1041,333 1093,334 1145,334 1197,334 1249,335"/>
                <TextEquiv>
                    <Unicode>8. Die Toten schweigen</Unicode>
                </TextEquiv>
            </TextLine>
            <TextLine id="r1l2" custom="readingOrder {index:1;}">
                <Coords points="1093,358 1114,362 1122,357 1132,361 1153,358 1175,365 1185,357 1204,357 1211,364 1243,358 1243,336 1206,338 1201,332 1197,336 1166,336 1156,331 1147,335 1120,331 1094,334"/>
                <Baseline points="1100,350 1127,350 1154,351 1181,351 1208,353 1236,351"/>
                <TextEquiv>
                    <Unicode> S </Unicode>
                </TextEquiv>
            </TextLine>
            <TextLine id="r1l3" custom="readingOrder {index:2;}">
                <Coords points="842,365 849,364 857,368 879,361 889,363 895,360 907,361 911,365 916,360 924,360 924,335 887,337 883,334 877,337 871,333 868,336 842,337"/>
                <Baseline points="848,354 883,354 918,352"/>
                <TextEquiv>
                    <Unicode>—</Unicode>
                </TextEquiv>
            </TextLine>
            <TextLine id="r1l4" custom="readingOrder {index:3;}">
                <Coords points="489,1371 1440,1368 1483,1361 1483,1290 1395,1316 1330,1292 1165,1320 489,1311"/>
                <Baseline points="495,1351 544,1351 593,1351 642,1351 691,1351 740,1350 789,1350 838,1350 887,1350 936,1349 986,1349 1035,1348 1084,1348 1133,1347 1182,1347 1231,1346 1280,1346 1329,1345 1378,1345 1427,1344 1477,1343"/>
                <TextEquiv>
                    <Unicode>Eine Probe von Bahrs glänzender Porträtierungs¬</Unicode>
                </TextEquiv>
            </TextLine>
            <TextLine id="r1l5" custom="readingOrder {index:4;}">
                <Coords points="420,1418 1483,1414 1483,1373 1420,1358 596,1383 420,1347"/>
                <Baseline points="427,1405 479,1405 531,1405 584,1405 636,1405 689,1405 741,1405 794,1404 846,1404 899,1404 951,1403 1003,1403 1056,1402 1108,1401 1161,1401 1213,1400 1266,1400 1318,1399 1371,1399 1423,1398 1476,1398"/>
                <TextEquiv>
                    <Unicode>kunst ist der nachfolgende kleine Aufsatz über Goethes</Unicode>
                </TextEquiv>
            </TextLine>
            <TextLine id="r1l6" custom="readingOrder {index:5;}">
                <Coords points="421,1478 1479,1461 1478,1415 421,1425"/>
                <Baseline points="428,1459 480,1459 532,1459 584,1459 636,1458 689,1458 741,1458 793,1457 845,1457 897,1456 950,1456 1002,1455 1054,1455 1106,1454 1158,1454 1211,1453 1263,1453 1315,1452 1367,1452 1419,1452 1472,1452"/>
                <TextEquiv>
                    <Unicode>Mutter. Wer Bahr als Dichter kennen lernen will, der</Unicode>
                </TextEquiv>
            </TextLine>
            <TextLine id="r1l7" custom="readingOrder {index:6;}">
                <Coords points="412,1520 1316,1526 1475,1512 1475,1471 412,1490"/>
                <Baseline points="419,1515 471,1514 523,1514 576,1513 628,1512 681,1512 733,1511 786,1510 838,1510 891,1509 943,1509 995,1508 1048,1508 1100,1507 1153,1507 1205,1507 1258,1507 1310,1506 1363,1506 1415,1506 1468,1506"/>
                <TextEquiv>
                    <Unicode>greife zu den beiden köstlichen Milieuschilderungen „Der</Unicode>
                </TextEquiv>
            </TextLine>
            <TextLine id="r1l8" custom="readingOrder {index:7;}">
                <Coords points="414,1578 1475,1574 1474,1529 1342,1515 414,1523"/>
                <Baseline points="421,1567 473,1567 525,1566 578,1565 630,1565 682,1564 735,1564 787,1563 839,1563 892,1562 944,1562 996,1561 1049,1561 1101,1561 1153,1560 1206,1560 1258,1560 1310,1559 1363,1559 1415,1559 1468,1558"/>
                <TextEquiv>
                    <Unicode>Franzl, fünf Bilder eines guten Mannes“ (1900) und</Unicode>
                </TextEquiv>
            </TextLine>
            <TextLine id="r1l9" custom="readingOrder {index:8;}">
                <Coords points="431,1636 1411,1631 1475,1588 430,1589"/>
                <Baseline points="437,1622 488,1621 540,1619 591,1619 643,1618 694,1617 746,1616 797,1616 849,1615 900,1615 952,1615 1004,1614 1055,1614 1107,1614 1158,1614 1210,1613 1261,1613 1313,1612 1364,1612 1416,1611 1468,1610"/>
                <TextEquiv>
                    <Unicode>„Der Krampus“ (1901). Die erste hat den oberöster¬</Unicode>
                </TextEquiv>
            </TextLine>
            <TextLine id="r1l10" custom="readingOrder {index:9;}">
                <Coords points="424,1678 1431,1680 1488,1664 1488,1626 423,1642"/>
                <Baseline points="430,1674 482,1673 535,1672 587,1671 640,1671 692,1670 745,1670 797,1669 850,1669 902,1669 955,1668 1008,1668 1060,1668 1113,1667 1165,1667 1218,1667 1270,1667 1323,1666 1375,1666 1428,1666 1481,1665"/>
                <TextEquiv>
                    <Unicode>reichischen Volisdichter Franz Stelzhamer, die „Innviertler</Unicode>
                </TextEquiv>
            </TextLine>
            <TextLine id="r1l11" custom="readingOrder {index:10;}">
                <Coords points="418,1743 1371,1738 1480,1728 1480,1695 417,1675"/>
                <Baseline points="424,1726 476,1726 529,1726 581,1725 634,1725 686,1724 739,1724 791,1723 844,1723 896,1723 949,1722 1001,1722 1054,1721 1106,1721 1159,1720 1211,1720 1264,1720 1316,1719 1369,1719 1421,1719 1474,1718"/>
                <TextEquiv>
                    <Unicode>Nachtigall“, zum Gegenstand, die zweite ist ein entzücken¬</Unicode>
                </TextEquiv>
            </TextLine>
            <TextLine id="r1l12" custom="readingOrder {index:11;}">
                <Coords points="421,1801 1469,1788 1477,1735 421,1746"/>
                <Baseline points="428,1780 480,1779 532,1778 584,1777 636,1777 688,1776 740,1776 792,1775 844,1775 896,1775 949,1775 1001,1774 1053,1774 1105,1774 1157,1774 1209,1773 1261,1773 1313,1772 1365,1772 1417,1771 1470,1770"/>
                <TextEquiv>
                    <Unicode>des Idyll aus dem Wien der Wertherzeit. Beiden Stücken*)</Unicode>
                </TextEquiv>
            </TextLine>
            <TextLine id="r1l13" custom="readingOrder {index:12;}">
                <Coords points="423,1838 1388,1846 1488,1831 1488,1795 423,1803"/>
                <Baseline points="430,1834 482,1833 535,1833 587,1832 640,1831 693,1831 745,1830 798,1830 850,1829 903,1829 956,1828 1008,1828 1061,1827 1113,1827 1166,1826 1219,1826 1271,1826 1324,1825 1376,1825 1429,1825 1482,1825"/>
                <TextEquiv>
                    <Unicode>einmal auf der intimen Bühne des Pfauentheaters zu be¬</Unicode>
                </TextEquiv>
            </TextLine>
            <TextLine id="r1l14" custom="readingOrder {index:13;}">
                <Coords points="426,1901 1443,1897 1481,1889 1481,1841 426,1859"/>
                <Baseline points="433,1890 485,1889 537,1887 589,1886 641,1885 693,1885 745,1884 797,1883 849,1882 901,1882 953,1881 1005,1881 1057,1881 1109,1880 1161,1880 1213,1880 1265,1880 1317,1880 1369,1880 1421,1880 1474,1880"/>
                <TextEquiv>
                    <Unicode>gegnen, müßte ein ganz besonderer Genuß, nicht bloß für</Unicode>
                </TextEquiv>
            </TextLine>
            <TextLine id="r1l15" custom="readingOrder {index:14;}">
                <Coords points="418,1955 1456,1956 1476,1896 418,1904"/>
                <Baseline points="425,1940 477,1940 529,1939 581,1939 633,1938 686,1938 738,1937 790,1936 842,1936 894,1935 947,1935 999,1935 1051,1934 1103,1934 1155,1934 1208,1934 1260,1934 1312,1934 1364,1934 1416,1935 1469,1935"/>
                <TextEquiv>
                    <Unicode>literarische Feinschmecker sein. Der novellistischen Skizze</Unicode>
                </TextEquiv>
            </TextLine>
            <TextLine id="r1l16" custom="readingOrder {index:15;}">
                <Coords points="423,2001 1487,2002 1487,1963 1401,1944 423,1955"/>
                <Baseline points="429,1994 481,1993 534,1993 586,1993 639,1992 691,1991 744,1991 796,1990 849,1990 901,1989 954,1988 1007,1988 1059,1988 1112,1987 1164,1987 1217,1987 1269,1987 1322,1987 1374,1987 1427,1988 1480,1988"/>
                <TextEquiv>
                    <Unicode>Bahrs „Die schöne Frau“ wird man von der Vorlesung</Unicode>
                </TextEquiv>
            </TextLine>
            <TextLine id="r1l17" custom="readingOrder {index:16;}">
                <Coords points="418,2063 1479,2054 1490,2010 417,2012"/>
                <Baseline points="425,2046 477,2046 530,2046 583,2046 636,2046 689,2045 742,2045 795,2044 848,2044 901,2043 954,2043 1006,2042 1059,2042 1112,2041 1165,2041 1218,2040 1271,2040 1324,2040 1377,2040 1430,2040 1483,2040"/>
                <TextEquiv>
                    <Unicode>Marcell Salzers her an unserem Jung=Wien=Abend (1899)</Unicode>
                </TextEquiv>
            </TextLine>
            <TextLine id="r1l18" custom="readingOrder {index:17;}">
                <Coords points="433,2109 1415,2112 1485,2103 1485,2068 433,2073"/>
                <Baseline points="439,2099 491,2099 543,2099 595,2099 647,2099 699,2098 751,2098 803,2098 855,2097 907,2097 959,2097 1011,2096 1063,2096 1115,2095 1167,2095 1219,2095 1271,2094 1323,2094 1375,2094 1427,2094 1479,2093"/>
                <TextEquiv>
                    <Unicode>mit Vergnügen sich erinnern. Unter den neueren drama¬</Unicode>
                </TextEquiv>
            </TextLine>
            <TextLine id="r1l19" custom="readingOrder {index:18;}">
                <Coords points="428,2167 1482,2165 1461,2108 1297,2100 1095,2130 428,2118"/>
                <Baseline points="435,2153 487,2153 539,2153 591,2153 643,2153 695,2152 747,2152 799,2152 851,2151 903,2151 955,2150 1007,2150 1059,2150 1111,2149 1163,2149 1215,2148 1267,2148 1319,2148 1371,2147 1423,2147 1475,2147"/>
                <TextEquiv>
                    <Unicode>tischen Werken Bahrs seien genannt „Der Meister“ (1903),</Unicode>
                </TextEquiv>
            </TextLine>
            <TextLine id="r1l20" custom="readingOrder {index:19;}">
                <Coords points="436,2225 1488,2218 1488,2167 436,2188"/>
                <Baseline points="443,2208 494,2208 546,2208 598,2208 650,2207 702,2207 754,2207 806,2206 858,2206 910,2205 962,2205 1013,2204 1065,2204 1117,2203 1169,2203 1221,2203 1273,2202 1325,2202 1377,2202 1429,2202 1481,2202"/>
                <TextEquiv>
                    <Unicode>„Der arme Narr“ (1905), „Die gelbe Nachtigall“ (1908),</Unicode>
                </TextEquiv>
            </TextLine>
            <TextLine id="r1l21" custom="readingOrder {index:20;}">
                <Coords points="435,2274 1465,2272 1492,2219 434,2230"/>
                <Baseline points="442,2261 494,2260 546,2260 598,2259 650,2259 703,2259 755,2258 807,2258 859,2258 911,2258 964,2257 1016,2257 1068,2257 1120,2256 1172,2256 1225,2255 1277,2255 1329,2254 1381,2253 1433,2252 1486,2251"/>
                <TextEquiv>
                    <Unicode>unter den kritischen die Sammlungen „Bildung“ (1900)</Unicode>
                </TextEquiv>
            </TextLine>
            <TextLine id="r1l22" custom="readingOrder {index:21;}">
                <Coords points="436,2331 916,2309 1402,2335 1473,2313 1473,2277 435,2290"/>
                <Baseline points="442,2316 493,2315 544,2314 595,2314 647,2313 698,2313 749,2313 800,2312 852,2312 903,2312 954,2312 1005,2312 1057,2312 1108,2311 1159,2311 1210,2311 1262,2310 1313,2309 1364,2309 1415,2307 1467,2306"/>
                <TextEquiv>
                    <Unicode>und „Premièren“ (1901), der „Dialog vom Tragischen“</Unicode>
                </TextEquiv>
            </TextLine>
            <TextLine id="r1l23" custom="readingOrder {index:22;}">
                <Coords points="427,2372 1032,2388 1046,2323 863,2337 733,2320 654,2347 600,2329 426,2336"/>
                <Baseline points="433,2369 463,2370 493,2369 523,2369 554,2369 584,2369 614,2369 645,2368 675,2368 705,2368 736,2367 766,2367 796,2366 826,2366 857,2366 887,2365 917,2365 948,2365 978,2365 1008,2364 1039,2364"/>
                <TextEquiv>
                    <Unicode>(1903) und „Josef Kainz“ (1905).</Unicode>
                </TextEquiv>
            </TextLine>
            <TextLine id="r1l24" custom="readingOrder {index:23;}">
                <Coords points="525,2497 1489,2492 1488,2439 1223,2426 525,2460"/>
                <Baseline points="532,2485 579,2486 627,2486 674,2486 722,2486 769,2486 817,2486 864,2486 912,2486 959,2485 1007,2485 1054,2485 1102,2484 1149,2484 1197,2483 1244,2483 1292,2482 1339,2482 1387,2481 1434,2481 1482,2481"/>
                <TextEquiv>
                    <Unicode>*) Den „Franzl“ hat vor einigen Jahren Herr Spyridon Sar¬</Unicode>
                </TextEquiv>
            </TextLine>
            <TextLine id="r1l25" custom="readingOrder {index:24;}">
                <Coords points="430,2538 857,2546 1000,2525 1116,2547 1167,2500 429,2490"/>
                <Baseline points="437,2527 473,2528 509,2528 545,2527 581,2527 617,2527 653,2527 690,2527 726,2526 762,2526 798,2525 834,2525 870,2525 906,2524 943,2524 979,2523 1015,2523 1051,2523 1087,2522 1123,2522 1160,2522"/>
                <TextEquiv>
                    <Unicode>toris in unserem Literarischen Klub vorgelesen.</Unicode>
                </TextEquiv>
            </TextLine>
            <TextEquiv>
                <Unicode>8. Die Toten schweigen
 S 
—
Eine Probe von Bahrs glänzender Porträtierungs¬
kunst ist der nachfolgende kleine Aufsatz über Goethes
Mutter. Wer Bahr als Dichter kennen lernen will, der
greife zu den beiden köstlichen Milieuschilderungen „Der
Franzl, fünf Bilder eines guten Mannes“ (1900) und
„Der Krampus“ (1901). Die erste hat den oberöster¬
reichischen Volisdichter Franz Stelzhamer, die „Innviertler
Nachtigall“, zum Gegenstand, die zweite ist ein entzücken¬
des Idyll aus dem Wien der Wertherzeit. Beiden Stücken*)
einmal auf der intimen Bühne des Pfauentheaters zu be¬
gegnen, müßte ein ganz besonderer Genuß, nicht bloß für
literarische Feinschmecker sein. Der novellistischen Skizze
Bahrs „Die schöne Frau“ wird man von der Vorlesung
Marcell Salzers her an unserem Jung=Wien=Abend (1899)
mit Vergnügen sich erinnern. Unter den neueren drama¬
tischen Werken Bahrs seien genannt „Der Meister“ (1903),
„Der arme Narr“ (1905), „Die gelbe Nachtigall“ (1908),
unter den kritischen die Sammlungen „Bildung“ (1900)
und „Premièren“ (1901), der „Dialog vom Tragischen“
(1903) und „Josef Kainz“ (1905).
*) Den „Franzl“ hat vor einigen Jahren Herr Spyridon Sar¬
toris in unserem Literarischen Klub vorgelesen.</Unicode>
            </TextEquiv>
        </TextRegion>
        <TextRegion orientation="0.0" id="r2" custom="readingOrder {index:1;}">
            <Coords points="1433,230 1433,391 1775,391 1775,230"/>
            <TextLine id="r2l1" custom="readingOrder {index:0;}">
                <Coords points="1426,335 1457,353 1516,357 1551,339 1614,334 1672,366 1781,335 1781,274 1685,287 1653,272 1595,305 1525,278 1478,287 1427,277"/>
                <Baseline points="1433,331 1459,333 1485,335 1511,337 1538,339 1564,340 1590,341 1617,341 1643,341 1669,341 1696,339 1722,337 1748,335 1775,330"/>
                <TextEquiv>
                    <Unicode>box 1/6</Unicode>
                </TextEquiv>
            </TextLine>
            <TextEquiv>
                <Unicode>box 1/6</Unicode>
            </TextEquiv>
        </TextRegion>
        <TextRegion orientation="0.0" id="r3" custom="readingOrder {index:2;}">
            <Coords points="1983,1472 1983,3121 3044,3121 3044,1472"/>
            <TextLine id="r3l1" custom="readingOrder {index:0;}">
                <Coords points="2317,1520 2435,1516 2459,1499 2503,1521 2628,1526 2708,1513 2707,1453 2667,1455 2644,1439 2562,1454 2520,1437 2461,1466 2439,1466 2410,1438 2316,1455"/>
                <Baseline points="2324,1506 2349,1506 2374,1506 2399,1506 2424,1506 2449,1506 2474,1505 2499,1505 2525,1505 2550,1505 2575,1504 2600,1504 2625,1503 2650,1502 2675,1500 2701,1499"/>
                <TextEquiv>
                    <Unicode>Die Mutter</Unicode>
                </TextEquiv>
            </TextLine>
            <TextLine id="r3l2" custom="readingOrder {index:1;}">
                <Coords points="2095,1586 2913,1579 2920,1524 2750,1509 2715,1531 2343,1521 2094,1548"/>
                <Baseline points="2101,1574 2141,1572 2182,1571 2222,1569 2263,1568 2304,1567 2344,1567 2385,1566 2426,1565 2466,1565 2507,1564 2548,1564 2588,1564 2629,1563 2670,1563 2710,1563 2751,1562 2792,1562 2832,1561 2873,1560 2914,1560"/>
                <TextEquiv>
                    <Unicode>(Zum hundertsten Todestage der Frau Rat)</Unicode>
                </TextEquiv>
            </TextLine>
            <TextLine id="r3l3" custom="readingOrder {index:2;}">
                <Coords points="2264,1644 2307,1663 2362,1648 2390,1668 2608,1638 2716,1663 2762,1643 2761,1607 2715,1594 2687,1608 2631,1592 2597,1609 2561,1588 2534,1609 2466,1590 2436,1606 2388,1583 2318,1612 2263,1595"/>
                <Baseline points="2270,1642 2295,1641 2321,1641 2346,1641 2372,1640 2397,1640 2423,1640 2448,1639 2474,1639 2499,1639 2525,1638 2550,1638 2576,1638 2601,1638 2627,1637 2652,1637 2678,1637 2703,1637 2729,1637 2755,1637"/>
                <TextEquiv>
                    <Unicode>Von Hermann Bahr</Unicode>
                </TextEquiv>
            </TextLine>
            <TextLine id="r3l4" custom="readingOrder {index:3;}">
                <Coords points="2061,1737 3041,1718 3040,1652 2688,1696 2599,1663 2506,1693 2061,1680"/>
                <Baseline points="2068,1724 2116,1723 2164,1723 2212,1722 2261,1721 2309,1721 2357,1720 2406,1720 2454,1719 2502,1718 2551,1718 2599,1717 2647,1717 2695,1716 2744,1716 2792,1715 2840,1715 2889,1714 2937,1713 2985,1712 3034,1712"/>
                <TextEquiv>
                    <Unicode>Goethe war fünfundzwanzig Jahre alt, als Fritz Jakobi</Unicode>
                </TextEquiv>
            </TextLine>
            <TextLine id="r3l5" custom="readingOrder {index:4;}">
                <Coords points="1976,1793 3043,1774 3024,1719 1976,1748"/>
                <Baseline points="1983,1778 2035,1778 2088,1777 2140,1777 2193,1776 2246,1776 2298,1775 2351,1774 2404,1773 2456,1772 2509,1772 2562,1771 2614,1770 2667,1769 2720,1768 2772,1767 2825,1767 2878,1766 2930,1765 2983,1764 3036,1764"/>
                <TextEquiv>
                    <Unicode>von ihm schrieb: „Goethe ist ein Besessener, dem fast in</Unicode>
                </TextEquiv>
            </TextLine>
            <TextLine id="r3l6" custom="readingOrder {index:5;}">
                <Coords points="1988,1841 2974,1841 3048,1829 3047,1773 2882,1806 2628,1775 1987,1800"/>
                <Baseline points="1994,1832 2046,1831 2098,1830 2151,1830 2203,1829 2256,1828 2308,1827 2360,1826 2413,1826 2465,1825 2518,1824 2570,1823 2622,1822 2675,1821 2727,1821 2780,1820 2832,1820 2884,1819 2937,1819 2989,1818 3042,1818"/>
                <TextEquiv>
                    <Unicode>keinem Falle gestattet ist, willkürlich zu handeln... Hie¬</Unicode>
                </TextEquiv>
            </TextLine>
            <TextLine id="r3l7" custom="readingOrder {index:6;}">
                <Coords points="1989,1892 2960,1892 3038,1878 3038,1830 1988,1849"/>
                <Baseline points="1995,1883 2046,1883 2098,1882 2150,1882 2202,1881 2254,1880 2306,1880 2357,1879 2409,1878 2461,1878 2513,1877 2565,1876 2617,1876 2669,1875 2720,1875 2772,1874 2824,1873 2876,1873 2928,1872 2980,1872 3032,1871"/>
                <TextEquiv>
                    <Unicode>mit will ich nicht andeuten, daß keine Veränderung und</Unicode>
                </TextEquiv>
            </TextLine>
            <TextLine id="r3l8" custom="readingOrder {index:7;}">
                <Coords points="1986,1940 3048,1943 3047,1898 3007,1886 1986,1905"/>
                <Baseline points="1992,1935 2044,1935 2096,1934 2149,1934 2201,1934 2254,1933 2306,1932 2359,1932 2411,1931 2464,1931 2516,1930 2568,1929 2621,1929 2673,1928 2726,1927 2778,1927 2831,1926 2883,1926 2936,1925 2988,1925 3041,1924"/>
                <TextEquiv>
                    <Unicode>Besserung in ihm möglich ist. Aber nicht anders ist sie</Unicode>
                </TextEquiv>
            </TextLine>
            <TextLine id="r3l9" custom="readingOrder {index:8;}">
                <Coords points="1992,1998 3045,1991 3028,1936 2821,1955 2778,1925 2700,1957 1992,1951"/>
                <Baseline points="1999,1989 2053,1988 2108,1988 2163,1987 2217,1987 2272,1986 2327,1986 2381,1985 2436,1984 2491,1984 2545,1983 2600,1982 2655,1981 2709,1981 2764,1980 2819,1980 2873,1979 2928,1979 2983,1978 3038,1978"/>
                <TextEquiv>
                    <Unicode>ihm möglich, als so wie die Blume sich entfaltet, die</Unicode>
                </TextEquiv>
            </TextLine>
            <TextLine id="r3l10" custom="readingOrder {index:9;}">
                <Coords points="1992,2055 2862,2061 3039,2048 3039,1992 1992,2005"/>
                <Baseline points="1999,2041 2050,2041 2102,2041 2153,2040 2205,2040 2257,2039 2308,2039 2360,2038 2412,2037 2463,2037 2515,2036 2567,2035 2618,2034 2670,2034 2722,2033 2773,2033 2825,2032 2877,2032 2928,2032 2980,2032 3032,2032"/>
                <TextEquiv>
                    <Unicode>Saat reift, Eie der Baum in die Höhe wächst und sich</Unicode>
                </TextEquiv>
            </TextLine>
            <TextLine id="r3l11" custom="readingOrder {index:10;}">
                <Coords points="1984,2094 3044,2106 3044,2047 1984,2055"/>
                <Baseline points="1991,2094 2043,2094 2095,2093 2148,2093 2200,2092 2252,2092 2305,2091 2357,2091 2409,2090 2462,2090 2514,2089 2566,2089 2619,2088 2671,2088 2723,2088 2776,2087 2828,2087 2880,2086 2933,2086 2985,2086 3038,2085"/>
                <TextEquiv>
                    <Unicode>krönt.“ Und als Goethe achtundvierzig Jahre alt war,</Unicode>
                </TextEquiv>
            </TextLine>
            <TextLine id="r3l12" custom="readingOrder {index:11;}">
                <Coords points="1997,2168 3040,2162 3040,2105 1997,2114"/>
                <Baseline points="2004,2148 2055,2147 2106,2147 2158,2146 2209,2146 2261,2145 2312,2145 2364,2144 2415,2144 2467,2143 2518,2143 2569,2142 2621,2141 2672,2141 2724,2140 2775,2140 2827,2140 2878,2139 2930,2139 2981,2139 3033,2139"/>
                <TextEquiv>
                    <Unicode>schrieb Schiller über ihn: „Während wir anderen mühselig</Unicode>
                </TextEquiv>
            </TextLine>
            <TextLine id="r3l13" custom="readingOrder {index:12;}">
                <Coords points="1991,2222 3045,2197 3044,2164 2985,2152 1991,2169"/>
                <Baseline points="1998,2202 2050,2201 2102,2200 2154,2200 2206,2199 2258,2198 2310,2198 2362,2197 2414,2197 2466,2196 2518,2196 2570,2195 2622,2195 2674,2194 2726,2194 2778,2193 2830,2193 2882,2192 2934,2192 2986,2191 3038,2191"/>
                <TextEquiv>
                    <Unicode>sammeln und prüfen müssen, um etwas Leidliches lang¬</Unicode>
                </TextEquiv>
            </TextLine>
            <TextLine id="r3l14" custom="readingOrder {index:13;}">
                <Coords points="1990,2269 3044,2256 3043,2215 2928,2202 1990,2220"/>
                <Baseline points="1997,2254 2049,2254 2101,2253 2153,2253 2205,2252 2257,2252 2309,2251 2361,2251 2413,2250 2465,2250 2517,2249 2569,2249 2621,2248 2673,2247 2725,2247 2777,2246 2829,2246 2881,2245 2933,2244 2985,2244 3037,2243"/>
                <TextEquiv>
                    <Unicode>sam hervorzubringen, darf er nur leise an dem Baume</Unicode>
                </TextEquiv>
            </TextLine>
            <TextLine id="r3l15" custom="readingOrder {index:14;}">
                <Coords points="1989,2322 3043,2298 2960,2257 1989,2270"/>
                <Baseline points="1995,2308 2047,2307 2099,2306 2151,2306 2203,2305 2255,2304 2307,2304 2359,2303 2411,2303 2463,2302 2515,2302 2567,2301 2619,2301 2671,2300 2723,2300 2775,2299 2827,2299 2879,2299 2931,2298 2983,2297 3036,2297"/>
                <TextEquiv>
                    <Unicode>schütteln, um sich die schönsten Früchte reif und schwer zu¬</Unicode>
                </TextEquiv>
            </TextLine>
            <TextLine id="r3l16" custom="readingOrder {index:15;}">
                <Coords points="1994,2379 3038,2370 3038,2316 1993,2325"/>
                <Baseline points="2001,2361 2052,2360 2104,2359 2155,2358 2207,2357 2258,2356 2310,2356 2361,2355 2413,2355 2464,2354 2516,2354 2568,2353 2619,2353 2671,2353 2722,2352 2774,2352 2825,2352 2877,2352 2928,2352 2980,2352 3032,2352"/>
                <TextEquiv>
                    <Unicode>fallen zu lassen.“ Immer ist es derselbe Vergleich, der sich</Unicode>
                </TextEquiv>
            </TextLine>
            <TextLine id="r3l17" custom="readingOrder {index:16;}">
                <Coords points="1997,2446 2063,2419 3005,2423 3039,2415 3039,2370 1996,2380"/>
                <Baseline points="2003,2412 2054,2412 2106,2412 2157,2411 2209,2411 2260,2410 2312,2410 2363,2409 2415,2409 2466,2408 2518,2408 2569,2407 2621,2406 2672,2406 2724,2406 2775,2405 2827,2405 2878,2405 2930,2405 2981,2405 3033,2406"/>
                <TextEquiv>
                    <Unicode>den erstaunten, halb erschrockenen Freunden aufdrängt,</Unicode>
                </TextEquiv>
            </TextLine>
            <TextLine id="r3l18" custom="readingOrder {index:17;}">
                <Coords points="1998,2477 2927,2457 3047,2483 3046,2430 2991,2410 2929,2438 1998,2442"/>
                <Baseline points="2005,2466 2056,2466 2108,2465 2160,2464 2212,2464 2263,2463 2315,2462 2367,2462 2419,2461 2470,2461 2522,2460 2574,2460 2626,2459 2677,2459 2729,2459 2781,2458 2833,2458 2884,2458 2936,2457 2988,2457 3040,2456"/>
                <TextEquiv>
                    <Unicode>immer ist es dasselbe Bild, von einem, an dem nichts</Unicode>
                </TextEquiv>
            </TextLine>
            <TextLine id="r3l19" custom="readingOrder {index:18;}">
                <Coords points="1994,2533 2901,2531 3038,2519 3038,2482 1994,2485"/>
                <Baseline points="2000,2520 2051,2519 2103,2518 2154,2518 2206,2517 2258,2516 2309,2515 2361,2515 2412,2515 2464,2514 2516,2514 2567,2513 2619,2513 2670,2513 2722,2512 2774,2512 2825,2511 2877,2510 2928,2510 2980,2509 3032,2508"/>
                <TextEquiv>
                    <Unicode>menschliche Mühe oder die Anstrengung des Willens, alles</Unicode>
                </TextEquiv>
            </TextLine>
            <TextLine id="r3l20" custom="readingOrder {index:19;}">
                <Coords points="1992,2579 2445,2591 2616,2557 3047,2589 3046,2519 1991,2534"/>
                <Baseline points="1998,2572 2050,2571 2102,2571 2154,2571 2206,2570 2258,2570 2310,2569 2362,2568 2414,2568 2466,2567 2519,2567 2571,2566 2623,2565 2675,2565 2727,2564 2779,2564 2831,2563 2883,2563 2935,2562 2987,2562 3040,2562"/>
                <TextEquiv>
                    <Unicode>das unabänderliche Walten einer tief verborgenen Kraft</Unicode>
                </TextEquiv>
            </TextLine>
            <TextLine id="r3l21" custom="readingOrder {index:20;}">
                <Coords points="2000,2641 2635,2616 2941,2641 3041,2628 3041,2583 1999,2579"/>
                <Baseline points="2006,2624 2057,2624 2108,2623 2160,2623 2211,2622 2263,2622 2314,2621 2366,2621 2417,2620 2469,2620 2520,2619 2571,2619 2623,2618 2674,2618 2726,2618 2777,2617 2829,2617 2880,2617 2932,2617 2983,2617 3035,2617"/>
                <TextEquiv>
                    <Unicode>hat, der den Elementen mehr als uns Menschen gleicht,</Unicode>
                </TextEquiv>
            </TextLine>
            <TextLine id="r3l22" custom="readingOrder {index:21;}">
                <Coords points="1989,2681 3043,2675 3042,2624 1989,2643"/>
                <Baseline points="1996,2676 2048,2675 2100,2675 2152,2675 2204,2675 2256,2675 2308,2674 2360,2674 2412,2673 2464,2673 2516,2672 2568,2672 2620,2671 2672,2671 2724,2671 2776,2670 2828,2670 2880,2669 2932,2669 2984,2669 3036,2668"/>
                <TextEquiv>
                    <Unicode>der außerhalb der Menschheit zu stehen scheint, näher an</Unicode>
                </TextEquiv>
            </TextLine>
            <TextLine id="r3l23" custom="readingOrder {index:22;}">
                <Coords points="1994,2738 2887,2740 3045,2731 3045,2690 2250,2685 2195,2716 1993,2691"/>
                <Baseline points="2000,2728 2051,2728 2103,2728 2155,2728 2207,2727 2259,2727 2311,2727 2363,2726 2415,2726 2467,2726 2519,2725 2570,2724 2622,2724 2674,2723 2726,2723 2778,2722 2830,2721 2882,2721 2934,2720 2986,2720 3038,2719"/>
                <TextEquiv>
                    <Unicode>der Natur, mit ihr durch ein geheimnisvolles Band ver¬</Unicode>
                </TextEquiv>
            </TextLine>
            <TextLine id="r3l24" custom="readingOrder {index:23;}">
                <Coords points="1995,2790 3037,2782 3037,2745 2925,2731 1995,2745"/>
                <Baseline points="2001,2780 2052,2780 2103,2780 2155,2780 2206,2780 2258,2780 2309,2780 2361,2779 2412,2779 2464,2779 2515,2778 2566,2778 2618,2777 2669,2777 2721,2776 2772,2776 2824,2776 2875,2775 2927,2775 2978,2774 3030,2774"/>
                <TextEquiv>
                    <Unicode>knüpft, von dem die anderen sich losgerissen haben. Immer</Unicode>
                </TextEquiv>
            </TextLine>
            <TextLine id="r3l25" custom="readingOrder {index:24;}">
                <Coords points="1993,2853 3045,2846 3045,2802 2996,2788 1993,2788"/>
                <Baseline points="1999,2833 2053,2833 2108,2833 2163,2833 2217,2833 2272,2832 2327,2832 2381,2832 2436,2832 2491,2831 2545,2831 2600,2831 2655,2830 2709,2830 2764,2830 2819,2829 2873,2829 2928,2829 2983,2828 3038,2828"/>
                <TextEquiv>
                    <Unicode>hören wir die Freunde in Angst über ihn klagen, sein Wesen</Unicode>
                </TextEquiv>
            </TextLine>
            <TextLine id="r3l26" custom="readingOrder {index:25;}">
                <Coords points="2003,2902 3042,2886 3042,2850 2953,2840 2003,2850"/>
                <Baseline points="2009,2887 2060,2887 2111,2887 2163,2887 2214,2887 2265,2886 2317,2886 2368,2886 2419,2885 2471,2885 2522,2884 2573,2884 2625,2884 2676,2883 2727,2883 2779,2882 2830,2882 2881,2881 2933,2881 2984,2881 3036,2880"/>
                <TextEquiv>
                    <Unicode>habe keinen Plan. Er aber, in seinem vorstrebend heiteren</Unicode>
                </TextEquiv>
            </TextLine>
            <TextLine id="r3l27" custom="readingOrder {index:26;}">
                <Coords points="1990,2951 2929,2958 3051,2937 3051,2892 1989,2910"/>
                <Baseline points="1996,2939 2048,2939 2100,2940 2153,2940 2205,2940 2258,2940 2310,2940 2362,2940 2415,2940 2467,2939 2520,2939 2572,2938 2624,2938 2677,2937 2729,2937 2782,2936 2834,2935 2886,2934 2939,2934 2991,2933 3044,2933"/>
                <TextEquiv>
                    <Unicode>Sinn, läßt sie schelten, läßt sich gehen, bald feierlich wie</Unicode>
                </TextEquiv>
            </TextLine>
            <TextLine id="r3l28" custom="readingOrder {index:27;}">
                <Coords points="1993,3013 3041,3000 3004,2946 1993,2956"/>
                <Baseline points="1999,2993 2050,2993 2102,2994 2154,2994 2206,2994 2257,2994 2309,2994 2361,2993 2413,2993 2464,2992 2516,2992 2568,2991 2620,2991 2671,2991 2723,2990 2775,2990 2827,2990 2878,2990 2930,2990 2982,2991 3034,2991"/>
                <TextEquiv>
                    <Unicode>ein Licht, bald amüsable wie ein Mädchen von siebzehn,</Unicode>
                </TextEquiv>
            </TextLine>
            <TextLine id="r3l29" custom="readingOrder {index:28;}">
                <Coords points="2490,3122 2497,3122 2501,3117 2508,3117 2513,3112 2523,3114 2533,3105 2553,3104 2550,3070 2543,3070 2537,3065 2529,3071 2495,3063 2486,3066"/>
                <Baseline points="2496,3108 2521,3106 2546,3104"/>
                <TextEquiv>
                    <Unicode>7</Unicode>
                </TextEquiv>
            </TextLine>
            <TextEquiv>
                <Unicode>Die Mutter
(Zum hundertsten Todestage der Frau Rat)
Von Hermann Bahr
Goethe war fünfundzwanzig Jahre alt, als Fritz Jakobi
von ihm schrieb: „Goethe ist ein Besessener, dem fast in
keinem Falle gestattet ist, willkürlich zu handeln... Hie¬
mit will ich nicht andeuten, daß keine Veränderung und
Besserung in ihm möglich ist. Aber nicht anders ist sie
ihm möglich, als so wie die Blume sich entfaltet, die
Saat reift, Eie der Baum in die Höhe wächst und sich
krönt.“ Und als Goethe achtundvierzig Jahre alt war,
schrieb Schiller über ihn: „Während wir anderen mühselig
sammeln und prüfen müssen, um etwas Leidliches lang¬
sam hervorzubringen, darf er nur leise an dem Baume
schütteln, um sich die schönsten Früchte reif und schwer zu¬
fallen zu lassen.“ Immer ist es derselbe Vergleich, der sich
den erstaunten, halb erschrockenen Freunden aufdrängt,
immer ist es dasselbe Bild, von einem, an dem nichts
menschliche Mühe oder die Anstrengung des Willens, alles
das unabänderliche Walten einer tief verborgenen Kraft
hat, der den Elementen mehr als uns Menschen gleicht,
der außerhalb der Menschheit zu stehen scheint, näher an
der Natur, mit ihr durch ein geheimnisvolles Band ver¬
knüpft, von dem die anderen sich losgerissen haben. Immer
hören wir die Freunde in Angst über ihn klagen, sein Wesen
habe keinen Plan. Er aber, in seinem vorstrebend heiteren
Sinn, läßt sie schelten, läßt sich gehen, bald feierlich wie
ein Licht, bald amüsable wie ein Mädchen von siebzehn,
7</Unicode>
            </TextEquiv>
        </TextRegion>
    </Page>
</PcGts>
