3228 4068
2775 309 2871 375 657
1157 301 2092 382 — Schweizer srauenheim. —
419 432 1632 499 Zürich=Hottingen übergegangen; alle bezüglichen Reglemente
1726 433 2863 486 Wenn ich diese Oktobersitzung der Vereinigung weib¬
416 491 1622 547 wurden von der Versammlung ohne Diskussion angenommen.
1659 484 2867 541 licher Bureauangestellter“ einer eingehenden Besprechung ge¬
423 544 1629 597 Es ist nun eher die Möglichkeit geboten, den Ansprüchen
1660 539 2866 593 würdigt habe, so geschah das hauptsächlich, um auch weitere
416 588 1625 647 der Prinzipalschaft und derjenigen der Stellesuchenden ge¬
1661 587 2867 637 Kreise, vor allem aber die Mütter heranwachsender Töchter
1663 637 2868 685 darauf aufmerksam zu machen, daß auch im Stande der
422 648 1621 697 nügen zu können und die Vereinigung hofft, damit einem
1666 685 2857 744 Bureaulistinnen nicht alles eitel Sonnenschein ist und daß
424 694 1018 757 Bedürfnis entgegenzukommen.
1662 732 2857 784 auch hier nur gediegenes Können und tüchtige, gewissenhafte
494 745 1619 812 Ferner wurde einstimmig beschlossen, dem Bunde Schweiz.
1663 783 2859 833 Arbeit zum Erfolge und zu einer gesicherten Existenz führen.
415 782 1368 871 Frauenvereine als Kollektivmitglied beizutreten.
1658 832 2861 882 Hat man allerdings auch im Lager der männlichen Kollegen
500 862 1618 920 Mit allgemeiner Aufmerksamkeit wurden die Worte von
1657 880 2859 941 fast dieselben Klagen, speziell über Untüchtigkeit mangels
416 911 1620 977 Frl. Erni, welche über „Berufswahl“ sprach, ausgenommen
1661 932 2864 989 nötiger Begabung und Freude am Beruf zu hören, so darf
416 958 1616 1020 und es wird vor allem die Leserinnen des „Frauenheim
1660 975 2866 1027 das kein Grund sein, nicht an der Abhülfe zu arbeiten, um
426 1011 1623 1063 interessieren, näheres über die Erfahrungen einer Dame zu
1653 1028 2856 1082 den Stand der weiblichen Bureauangestellten damit zu heben.
421 1056 1624 1117 hören, welche schon lange praktisch im kaufmännischen Ge¬
1730 1073 2864 1152 Der Vereinigung können jederzeit neue Mitglieder bei¬
426 1104 1620 1167 werbe tätig ist. Allerdings richtete die Referentin ihre Worte
1651 1112 1784 1191 treten.
2747 1124 2821 1187 Sp.
419 1153 1622 1211 in erster Linie an ihre Kolleginnen, wünschte aber dringend,
421 1203 1621 1258 diese möchten vor allem von den Müttern heranwachsender
423 1252 1626 1308 Töchter gehört und beherzigt werden. So viele Eltern lassen
424 1295 1618 1362 heutzutage ihre Mädchen den Beruf einer Bureaulistin er¬
1860 1303 2662 1415 S Arthur Schnitzler. #
427 1357 1623 1413 greifen, ohne sich darüber klar zu sein, was für Anforder¬
421 1409 1627 1455 ungen an eine kaufmännische Angestellte gerichtet werden.
2542 1374 2844 1477 (Nachdruck verboten.)
422 1452 1625 1506 Wie wenigen wird die nötige Ausbildung gegeben und wie
1724 1483 2870 1548 Konnten wir am I. Abend des Lesezirkels Hottingen
1659 1537 2861 1595 die glänzende Rezitationskunst von Emil Milan bewundern,
420 1552 1625 1605 nicht, einen leidlich stilisierten Brief mit einer einigermaßen
1664 1590 2861 1641 uns in die Tiefgründigkeit Jacobsens versenken, so bot uns
420 1593 1623 1642 leserlichen Schrift zu schreiben, um auf einem Bureau einen
1664 1630 2871 1684 der II. Abend einen Genuß anderer Art. Hermann Bahr
427 1640 1631 1702 Posten ausfüllen zu können. Gewiß haben wir hunderte, die
1659 1681 2870 1744 sprach über Arthur Schnitzler — ein Wiener über den
426 1692 1625 1744 nur mit wenig Kenntnissen eine Stelle bekommen haben und
1664 1722 2865 1784 Wiener, ein Schriftsteller über den Schriftsteller. Nicht eine
424 1736 1629 1788 ihre Pflichten vielleicht auch jahrelang zur Zufriedenheit ihrer
1661 1770 2867 1836 Kritik bekamen wir von Bahr, dem geistvollen Kritiker zu
432 1781 1625 1838 Chefs erfüllten. Aber zu welchen Löhnen? Da viele Töchter
1664 1830 2861 1884 hören, wohl aber eine von Geist sprühende Charakteristik des
428 1836 1622 1902 zu Hause schlafen und essen können, so reicht ihr Gehalt,
1661 1871 2862 1932 Freundes Schnitzler und der Atmosphäre, der er entstammt.
430 1879 1630 1942 aber wie manche müßte mit Bangen daran denken, auf eigene
1664 1923 2864 1982 Um Schnitzlers Muse richtig zu würdigen, um den Geist ihrer
417 1940 1631 1992 Füße gestellt zu werden? Kann eine Tochter mit einem Mo¬
1669 1976 2869 2030 Richtung voll erfassen zu können, gewährte uns Bahr einen
423 1982 1623 2035 natsgehalt von 80 und 100 Franken auskommen, wenn sie
1668 2021 2867 2078 Überblick über den Werdegang der österreichischen intellek¬
421 2030 1626 2084 alles bezahlen muß und noch etwas auf die Seite legen soll?
1662 2067 2642 2126 tuellen Entwicklung. War es eine Entwicklung?
423 2074 1633 2132 Ich möchte das verneinen. Die Erfahrung lehrt, daß eine
1732 2120 2865 2178 Das geistige Leben Österreichs stand seit dem dreißig¬
429 2124 1632 2182 Frau mit kaufmännischer Begabung ebenso tüchtige Arbeit
1673 2162 2861 2220 jährigen Krieg wie unter einem Bann, auch sein Herrscher,
424 2173 1630 2225 leistet wie ihr männlicher Kollege, warum soll sie denn we¬
1664 2204 2870 2264 Kaiser Josef, hoffte immer zu sehr auf Einflüsse von außen,
432 2217 1634 2279 niger Gehalt beziehen, als der letztere? Wäre eine Gleich¬
1671 2260 2864 2315 als daß er eine geistige Entwicklung befürwortete und ermög¬
424 2269 1632 2327 stellung überall durchgeführt, dann würden auch die Klagen
1670 2305 2864 2367 lichte und mit dem Traditionellen gebrochen hätte. Als ob
424 2317 1627 2377 über Frauenkonkurrenz allmählich verstummen. Aber dazu
1669 2353 2864 2416 es nicht die Volksseele wäre, die die Kunst der eigenen Nation
423 2376 1630 2429 gehören vor allem Bureaulistinnen, die Freude an ihrem Be¬
1667 2411 2864 2474 gebärt! Was auf geistigem Gebiet geboten wurde, entsprang
429 2417 1631 2473 rufe haben, welcher allerdings interessant ist, aber ebensoviel
1661 2464 2867 2509 ausländischen Einflüssen, ohne sich jedoch mit dem eigenen
432 2463 1632 2518 Schatten als Licht aufweist. Er darf nicht als Lückenbüßer,
1668 2511 2868 2560 Empfinden ganz assimilieren zu können. Die Architektur
432 2510 1623 2564 als Ausfüllung einer Wartezeit bis zur Ehe betrachtet wer¬
1666 2551 2873 2604 einer Ringstraße, der vielbewunderten, mustergültigen, atmete
425 2560 1354 2619 den, wenn Ersprießliches geleistet werden soll.
1667 2598 2866 2657 Frankreich, alle möglichen Länder überhaupt, und auf dem
507 2620 1632 2679 Wie vielen Eltern ist eine Bureaustelle für ihre Kinder
1673 2645 2867 2709 Burgtheater bewegten sich die Kopien der „Comédie française“,
435 2674 1632 2731 nur deshalb wünschenswerl, weil Dutzendmenschen solche als
1667 2692 2866 2754 der deutschen Bühnen. Da entstaud der Architektur ein Olbrich,
431 2711 1628 2777 vornehmer betrachten, als einen anderen Beruf. Und doch
1671 2743 2871 2801 der Musik ein Hugo Wolff, als Regeneratoren und auch in
435 2775 1633 2825 gibt es Berufe, die viel besser bezahlt sind, als eine Komptoir¬
1673 2793 2873 2863 die Sphäre des Burgtheaters schien ein neuer Luftzug zu
435 2820 1631 2876 stelle. Betrachten Sie einmal die Löhne der Krankenpfleger
1669 2846 1803 2904 wehen.
441 2862 1629 2925 innen, Köchinnen, Zimmermädchen, Schneiderinnen &c. und
1738 2881 2872 2944 Arthur Schnitzlers Vater war ein sehr beliebter Arzt;
428 2912 1632 2964 vergleichen Sie dann die Ansätze in kaufmännischen Be¬
1671 2933 2865 2996 bedeutende Künstler und vor allem aus Künstler des Burg¬
1553 2962 1635 3025 ge¬
434 2960 1559 3014 trieben! Dabei ist nicht zu vergessen, daß die letzteren
1674 2989 2874 3043 theaters zählten zu seinen Patienten und Freunden. In
438 3010 1258 3068 sucht sind und Ansprüche machen dürfen.
1675 3035 2872 3089 dieser Umgebung wuchs Schnitzler heran. Auch er wurde
508 3069 1632 3136 Wir wollen damit nicht etwa solchen, die wirklich Freude
1676 3081 2872 3134 Arzt, doch sein Wartezimmer füllte sich keineswegs mit Pa¬
440 3128 1640 3179 am kaufmännischen Berufe haben, den Mut nehmen, im
1676 3129 2870 3188 tienten, sondern durchwegs mit Literaten. Und was in den
432 3175 1634 3227 Gegenteil, sie sollen tüchtig lernen und dann wird der Stand
1677 3185 2874 3238 jungen Köpfen gärte, was in dem Innern tobte, das wurde
433 3226 1639 3283 auch sie ernähren und ihnen Befriedigung verschaffen. Aber
1681 3230 2869 3283 n langen Abenden ausgesprochen. Aller Augen wandten
438 3272 1058 3325 Begabung muß dazu gehören!
1667 3279 2870 3334 sich nach „Europa“, wo sich in Literatur, Schauspielkunst eine
1671 3326 2865 3386 neue Richtung Bahn brach und nur das schöne Wien stand
500 3327 1637 3388 In der dem vorzüglichen Referate, welches ich allerdings
1670 3370 2876 3437 gleich einer isolierten Insel unberührt da. Der Geschmack der
439 3377 1630 3438 noch ein wenig ausbaute, folgenden Diskussion wurde auch
1669 3420 2874 3482 neuen Architektur und Musik schien auch bei der Literatur
437 3429 1630 3482 die Frage aufgeworfen, ob eine praktische Bureaulehre oder
1673 3473 2867 3522 Boden fassen zu wollen. Und ein Umschwung sollte, mußte
428 3475 1636 3533 die Handelsschule vorzuziehen sei. Die Meinungen gingen
1672 3527 2872 3576 geschehen, der einen Bruch mit dem Traditionellen herbei¬
441 3529 1641 3584 stark auseinander; zu Gunsten der Handelsschule konnte aller¬
1679 3573 2873 3633 führte. Ein neues Wien, ein neues Österreich — auf nach
434 3580 1637 3635 dings gesagt werden, daß sie denn doch auch für eine all¬
1671 3618 1876 3678 „Europa“.
432 3628 1634 3682 gemeine Bildung der weiblichen „Lehrlinge“ sorge. Immer¬
1744 3653 2875 3722 Und von Stufe zu Stufe gab Schnitzler dieser Gesinn¬
428 3668 1634 3723 hin will man später an verschiedene Geschäfte mit der An¬
1677 3714 2874 3773 ung verstärkten Ausdruck, zuerst Verwunderung, sodann Kritik
432 3717 1631 3783 frage gelangen, wo eventuell junge Mädchen zu einer regel¬
1675 3760 2875 3837 hervorrufend, bis er sich plötzlich von Spott und Anfeind¬
428 3766 1072 3836 rechten Lehre eintreten dürften.
