3228 4068
1463 210 1823 300 box 1/6
250 218 1305 291 8. Die Toten schweigen
1163 438 1432 525 D4 —
736 408 1144 550 OBSERV
469 554 1523 627 I. österr. behördl. konz. Unternehmen für Koltungs-Ausscheitte
599 607 1398 697 Wien, I., Concordiaplatz 4.
800 677 1194 754 Vertretungen
464 744 1523 797 in Berlin, Budapest, Chicago, Christiania, Genf, Kopen¬
467 787 1519 846 hagen, London, Madrid, Mailand, Minneapolis, New-York,
511 833 1480 872 Paris, Rom, San Francisco, Stockholm, St. Peterzburg.
797 860 1193 916 (Quellenangabe ohns Gewühr).
465 914 821 989 Ausschnitt aus:
679 956 1524 1075 Haun iegte Hamburger Zeitung
470 1020 591 1074 vom:
1365 1051 1443 1100 L.
477 1101 1469 1146 — Schnitzler und Falke in der Musikhalle. Eine
417 1138 1472 1182 Montor=Vorlesung huldigte gestern dem fünfzignen Ge¬
421 1174 1474 1233 burtstage Arthur Schnitzlers und dem sechzigsten
419 1213 1472 1263 Wiegenfeste Gustav Falkes. Der Wiener und der
424 1248 1475 1292 Hamburger Dichter standen auf dem Programm. — Als
422 1288 1475 1336 Schnitzler=Interpret hat Max Montor seine besondere und
419 1327 1475 1375 oftbewährte Qualifikation. Da kommt ihm ein eigentüm¬
419 1364 1466 1415 lich enträtselnder Ton, eine findig und unerbittlich ent¬
418 1440 1476 1482 vielseitiges und vielschneidiges Instrument, das alle Seelen¬
413 1477 1481 1528 schichten und Nervenhüllen mit rücksichtsloser Geschicklichkeit
387 1644 1446 1710 bloßlegt. Solch eine Operation konnte man unter dem
399 1680 1438 1752 Eindrucke der psychologischen Skizze „Die Toten schweigen“
395 1715 1444 1787 aufs neue erleben. Eine verheiratete Frau läßt heimlich
397 1761 1419 1819 und feig die Leiche ihres jäh verunglückten Geliehten¬
400 1794 1442 1859 Slich, um —sich—fetber—voreerkompromittierenden
391 1822 1429 1888 Situation zu bewahren. Langsam und zwingend gibt sich
395 1855 1441 1936 die stille Tragik ihres unwahren und unsicheren Lebens
395 1894 490 1945 kund.
502 1904 1345 1969 In ihren Gewissensbissen offenbart sich
1342 1920 1439 1967 ihr
391 1938 1440 2002 Charakter, vollzieht sich ihr Schicksal, läutert sich
389 1972 484 2020 ihr
504 1976 615 2028 Sein.
609 1986 1150 2047 Die Gewissensbisse, die
1147 1991 1434 2044 als innere
384 2010 1435 2089 Probleme und äußere Behelfe der ganzen Novelle fun¬
390 2058 1431 2124 gieren, bringt Montor mit ansteigender Energie zu peinlich
385 2095 1434 2165 ergreifender Wirkung. — Die Falke=Rezitation, die sich an¬
391 2128 1431 2196 schloß, bot einen launigen Abschnitt aus dem „Gestiefelten¬
383 2171 1434 2237 Kater“, zehn ernste und heitere Gedichte aus den lyrischen
381 2205 1433 2290 Büchern und den innigen Schlußakkord aus der autobio¬
391 2251 1435 2316 graphischen „Stadt mit den goldenen Türmen“. Die
388 2277 1431 2352 Harfen= und Trommel=Musik des heimischen Poeten kam
378 2326 1429 2395 zu hinreißender Geltung. — Schnitzler, Falke und Montor
378 2362 958 2426 wurden in gleicher Weise gefeiert.
1209 2376 1397 2447 —Ant. L.
428 2405 1061 2481 sloh. Das Hehhelbann.
1336 2457 1420 2516 —
727 2472 1491 2564 aania, Mialland, Minneapolis, New-Vorh.
510 2530 1442 2605 aris, Rom, San Francisco, Stockholm, St. Petersburg.
767 2571 1160 2629 ((nellenangabe ohne Gewähz).
438 2610 671 2685 Ausschnitt
725 2634 1553 2777 Misshburger Correspenden
780 2829 1140 2909 Max Monter.
494 2891 1559 2972 war von Max Montor ein guter Gedanke, an der
373 2927 1553 3013 eiet von Gustav Falkes 60. Geburtstag auch an seinem
363 2992 1554 3053 Leil durch den Vortrag aus des Dichters Werken beizutragen.
342 3011 1555 3089 Da es in durchdachter, jede Nüance liebevoll herausarbeitender
351 3055 1546 3132 Weise geschah, zugleich belebt von jenem dichterischen Nachemp¬
340 3094 1544 3171 finden, das unbedingt not tut, wenn ein Gedicht im Vortrag
343 3138 1552 3212 nicht zerpflückt werden, sondern all seinen Zauber entfalten soll,
350 3171 1468 3240 so war es auch die beste Ehrung, die Montor dem Dichter
1475 3199 1542 3243 an¬
343 3207 571 3266 tun konnte.
566 3217 1559 3293 Zur vollsten Geltung kamen besonders das tief.
304 3292 1492 3344 empfundene Gedicht Falkes: Die feinen Ohren und sein
814 3330 1493 3396 Gebet. Der Gestiefelte Kater, aus
309 3342 798 3391 prächtiges Lebenstrutzlied:
297 3375 1500 3433 dem Montor den neunten Gesang las, kam in seiner ganzen,
298 3412 1503 3472 urwüchsigen niederdeutschen Art voll zur Geltung, und tief be¬
1204 3440 1503 3508 adt mit den
289 3455 1207 3511 ührte das wunderschöne Schlußtapitel auf ver¬
295 3484 645 3539 goldenen Türmen.
380 3504 1499 3574 Arthur Schnitzler zu Ehren, dem zehn Jahre jünge¬
296 3560 1510 3614 ren =Geourrsräsfsrinld, läs Montor dessen Novelle: Die
294 3604 1503 3654 Toten schweigen. Schnitzlers wunderbare Gestaltungs¬
304 3636 1513 3696 kraft, seine unheimlich scharfe, dichterische Sehkraft, die an
309 3676 1508 3728 Zolas unbarmherziges Beobachten und an Maupassants fein
306 3722 1511 3773 gefeilten Stil erinnert, sie kommen in diesem packenden, er¬
318 3753 1506 3822 schütternd wahren Stück Leben außerordentlich deutlich zum Be¬
304 3798 1501 3845 wußtsein. Montor verstand es auch #ier Leben noch
312 3839 1510 3905 lebendiger durch das gesprochene Wor## machen und erntete,
317 3873 896 3940 vie immer, lebhaften Beifaek.
1383 3877 1466 3936 mg.
1916 496 2326 577 vom: 220K1 19|0.
2506 525 2961 612 TAGBLAT
1904 624 3040 701 8 Einen österreichischen Dichterabend veranstaltete Miete
1905 671 3040 740 öller im Klindworth=Scharwenka=Saal Die Künstle¬
1881 710 3028 792 n, deren Meisterschaft in der Vortragskunst sattsam bekannt ist, fand
1864 754 3042 848 viederum eine überaus große Zuhörerschar, die ihr mit Interesse
1862 790 3041 872 nauschte und sie mit reichem Beifall auszeichnete. Die von ihr getroffene
1854 840 3032 910 Auswahl unter den zeitgenössischen Dichtern Oesterreichs wir recht ge¬
1872 876 3037 951 schickt. Drei Gedichte des jungen, kürzlich preisgekrönten Wiener Poeten
1868 926 3028 991 Anton Wildgans zeigen von starkem Cmpfinden und seinem Ge¬
1876 966 3033 1035 fuhl für dichterische Wirkung. Arthur Schpitlers Erzählung „Die
1861 998 3036 1082 Toten schweigen“, deren seine Pfichologie der ### Hören
1861 1043 3039 1118 und Lesen verblüffend wirkt, gelang der Vortragenden besonders gut.
1866 1084 3044 1159 Das Entsetzen, mit dem die junge Frau den mit ihr bei einem Wagen¬
1871 1114 3053 1198 unfall verunglückten Geliebten tot an ihrer Seite liegend findet, das
1869 1167 3048 1241 in ihr erwachende Lebensgefühl, das sie zur Flucht und zum inneren
1862 1210 3055 1286 Verrat an ihrer Liebe treibt, das alles brachte Miete Möller packend
1862 1250 3056 1332 zum Ausdruck. Ergreifend gestaltete sie dann Rilkes Zwie
1868 1293 2932 1372 gespräch mit einer Blinden und fand auch für die leichteren
1864 1334 2929 1412 tungen von Salus und Felix Salten die richtigen
2594 1382 2845 1447 m
2687 1554 2848 1629 — — — —
2330 1647 2698 1731 Rezitationen.
2042 1706 2098 1787 uf
2234 1710 2795 1799 Riemanns Schnitzler=Abend.
2049 1768 2985 1834 * Die in Berlin ganz besonders farbenreiche Saison
2042 1818 2985 1884 ner Rezitationsabende setzt lebhaft ein. Johannes
2059 1867 2983 1912 stiemann, einer der geschmackpellen und sicherlich
2048 1911 2981 1959 er fleißigste Sprechkünstler Berlins, ist als einer
2043 1941 2977 1990 Der ersten auf dem Plan und plaudert dem zahl¬
2053 1983 2978 2032 reichen, unangenehm kunstverständnislosen, doch
2057 2014 2985 2068 sehr riemannliebenden Publikum seinen Schnitzler
2042 2048 2978 2098 vor. Seinen Schnitztler, denn der wahre Schnitzler
2037 2100 2979 2148 ist doch wohl etwas graziöser, wienerischer als die
2046 2136 2975 2184 zwar feurige, doch sehr schwerblütige Art dieses
2051 2177 2990 2222 klassischen Heldendarstellers. Ueberdies war Riemann
2050 2214 2983 2258 nicht recht in Stimmung; auch ihn schien die Schwüle
2047 2251 2977 2298 des Sommertages geistig und körperlich zu lähmen;
2055 2293 2978 2337 sicher ist, daß er im vorigen Jahre seinen Schnitzler
2050 2329 2971 2379 frischer und anmutiger geplaudert hat. Freilich ver¬
2046 2367 2978 2415 zichtete er diesmal, Schnitzlers telegraphisch ausgé¬
2055 2400 2976 2452 sprochenem Wunsche und zugleich seiner etwas trägen
2047 2446 2977 2491 Stimmung Rechnung tragend, auf die echte Schnitzler¬
2057 2475 2983 2529 Pikanterie und seinen witzigen, tiefsinnig frisierten
2043 2522 2979 2573 Zynismus; er wählte Tragisches und brachte dann
2045 2547 2977 2607 Tragikomisches, das noch unendlich viel tragischer war.
2052 2594 2979 2644 „Der Ehrentag“, in Riemanns Prägung schon bekannt,
2052 2634 2973 2682 wurde vom Künstler diesmal nur grobplastisch nach¬
2050 2672 2983 2723 geformt. Kleine Striche, Fältchen, Nuancen wurden
2049 2712 2978 2760 nachlässig verwischt, das Kinodrama nur aufdringlich
2047 2748 2974 2796 herausgeschält. Was um so befremdender schien nach dem
2062 2787 2983 2829 starken, tiefen Cindruck, den der merkwürdige Abschieds¬
2048 2831 2977 2882 Brief jenes Selbstmörders hinterlassen hatte, den
2049 2868 2974 2916 Riemann durch sein bestes Können, sein reinstes
2055 2897 2976 2957 Sein, durch die wärmste und innigste Gestaltung jeder
2050 2940 2735 2987 kleinsten Charakter=Schattiering beseelte.
2087 2959 2980 3031 Anatol, der allbeliebte Anatol, belebte mit seiner
2059 3016 2979 3064 fein geschliffenen, doch urnatürlichen Aphorismen¬
2051 3054 2980 3119 sprache die schlaffen Gesichter der beifallsfreudiger Hörer.
2370 3101 2662 3173 Hilda Wegner.
2083 3145 2983 3215 Hilda Wegner: Diesen Namen wird man sich von
2048 3202 2981 3250 nun an merken müssen, wenn man auch noch so wenig
2047 3237 2972 3288 Luft und Zeit und Interesse hat, sein künstlernamen¬
2052 3280 2980 3335 beschwertes Gedächtnis damit zu belasten. Man wird
2057 3319 2978 3367 ihn einfach behalten müssen, er wird einem
2051 3351 2985 3403 unauslöschlich eingeprägt sein seit jenem Anton
2056 3388 2991 3438 Wildgans=Abend vor einigen Tagen, und
2054 3433 2984 3478 wenn man sich auch noch so wohlbegründet da¬
2935 3473 2988 3523 ja
2054 3477 2885 3527 gegen wehren wollte, einen unberühmten,
2056 3505 2998 3558 in Berlin wohl sogar kaum gekannten Schauspieler¬
2050 3548 2988 3599 namen zu behalten. Der Klang, die ganz merkwürdig
2051 3597 2978 3640 einprägsame Lebensmelodie dieser Wildgans=Töne
2058 3626 2985 3678 Hilda Wegners wird einem wohl doch nicht so leicht
2056 3666 2986 3712 aus dem Ohre gehen, und wiederholte man sich auch
2054 3701 2985 3751 noch so oft, daß man bisher nie von ihr hörte, daß
2053 3743 2990 3805 ihr Hörerpublikum klein und kleingeistig war, daß nur
