3228 4068
251 221 482 288 8. D.
593 223 847 297 Toten
859 230 1854 310 schweigen box 1/6
397 248 1326 341 16  nenee. W
724 686 1213 777 — Burean u
794 754 1312 856 Zeitungsausschnitte
549 816 1565 903 verbunden mit direktem Nachrichtendienst durch
798 879 1314 957 eigene Korrespondenten.
584 923 982 1001 Berlin N. 24.
1086 947 1490 1030 Teisphon: III, 3051.
534 969 1569 1071 —
828 1052 1266 1139 Ausschnift aus
1645 1226 2665 1280 Geliehte, blutend aus einer Wunde an der Schlafe,
2703 1246 2773 1285 —
1650 1264 2973 1317 entnüchterte Kutscher leuchtet ihm mit der Laterne ins Antlitz. „Gnä
1645 1315 2932 1363 Frau, i glaub', hier ist a groß' Unglück g’scheh'n“. „Schnell, nur
1650 1343 2928 1390 schnell, holen Sie einen Arzt, holen Sie Menschen, die den Unglück¬
517 1336 1316 1463 Breslauer Morgen-Zeitung
1647 1389 2936 1443 lichen bergen!“ Sie ist allein mit dem Todten. Furcht, Entsetzen, Angst
1645 1429 2930 1467 bemächtigen sich ihrer Seele. Man darf sie hier nicht finden, ihr
1643 1463 2940 1511 Leben ware vernichtet. Wanderer kommen die Straße daher, sie stößt
1649 1499 2938 1555 die Laterne um, damit man sie nicht erblicke. Was kann sie dem Todten
1060 1482 1346 1574 S 00f. 903
1652 1527 1921 1587 denn helfen,
1916 1544 2936 1594 er würde selbst sie wegschicken, könnte er sprechen.
943 1550 1117 1605 —
1653 1575 1765 1617 Sie
1777 1576 1938 1636 erhebt.
2185 1578 2322 1624 das
2319 1578 2589 1625 Haupt des
1933 1573 2175 1633 sich, läßt
2583 1571 2948 1631 Geliebten vom
387 1592 1608 1649 Freie litterarische Vereinigung. Freitag, den 23. October. — Zum
1651 1616 2958 1666 Schoße gleiten, macht einige Schritte, die Füße gehor#en.
323 1614 1613 1692 isten Male in dieser nun anhebenden Wintersaisen hatte sich die Gemeinde
1654 1650 2931 1697 Der Bann des Schreckens, der Lähmung ist gebrochen. Sie hastet der
322 1663 1607 1713 der sa#i#n litterarischen Vereinigung im Saale der Gesellschaft der
1663 1689 2931 1730 Stadt entgegen, schneller und immer schneller, doch klug jedes Aufsehen,
320 1708 1602 1759 Freunde zu einem Vortragsabend zusammengefunden. Man sah nur
1648 1732 2929 1780 jeden Verdacht meidend. Ohne bemerkt zu sein, gelangt sie nach Haus,
314 1745 1603 1807 ppohlbekannte Gesichter, denn die litterarische Vereinigung ist kein Tauben¬
1653 1757 2931 1820 wechselt das Kleid und empfängt ruhig lächelnd den Gatten, der in
1652 1792 1683 1823 *
442 1784 1605 1828 das seine flüchtigen Bewohner kommen und gehen sieht in
1654 1800 2928 1853 später Stunde aus einer Amtssitzung heimkehrt. Wie ein Traum ist ihr
525 1814 1603 1875 Wechsel, sondern ein würdevolles und gemüthliches Heim,
1651 1838 2932 1898 Alles, was dieser Abend an Ungeheuerlichem ihr brachte Es kann ja,
310 1852 503 1905 Mrzunen
576 1860 1602 1900 gkeit herrscht und wohliges Behagen. Die Mitglieder
1646 1882 2924 1933 es darf ja nicht wahr sein! Aber es ist wahr, und während der Gatte ihr
313 1896 433 1940 der
428 1896 547 1942 freien
626 1896 1604 1954 #rarischen bilden mehr als eine geschlossene'
1650 1913 2931 1968 erzählt von seinen schlichten Berufserlebnissen, arbeitet in ihrem Gehirn
315 1918 637 1979 Gesellschaft, sie
827 1928 1600 1985 Familie. Gern und deshalb oft gesehene
1640 1944 2924 1999 die Erinnerung an das Entsetzliche, dem sie entronnen, steht vor ihrem
313 1966 655 2018 Gäste in den Fest¬
707 1969 1603 2022 #beitungen dieser Familie sind die Wiener Herr¬
1702 1988 2924 2036 iste das bleiche, blutberieselte Antlitz des Todten. „Die Tödten
703 2009 791 2054 #
316 2004 707 2053 schaften. Man hat
941 2002 1599 2066 üblichen Donaurssidenzler in Nord¬
1646 2021 1864 2079 schweigen“.
1868 2034 2924 2084 Ihr Mund hat es gesprochen, die sie quälende Traumwelt
316 2040 940 2091 deutschland überhaupt viel übri
1042 2040 1603 2103 Eigenart ihres Wesens, ihrer
1647 2070 2916 2120 offenbarte sich in einem Angstschrei. Der Gatte richtet sein
313 2080 969 2137 Sprache ist uns von jeher sympali
1052 2083 1595 2134 Und wenn sie dann gar mit
1656 2102 1812 2150 ernstes,
1813 2103 2927 2164 #ndes Auge auf die gegen die Entdeckung vergebens an¬
313 2116 1602 2177 liebenswürdigen Spenden uns nahen und uns e## freundlichen Genuß
1651 2143 2922 2196 kampfende Frau. „Geh, bring den Knaben zu Bett und komm wieder,
309 2156 1609 2202 darbieten, so sind sie doppelt willkommen. Der eeste Vortragsabend der
1645 2179 2922 2221 Du hast###r wohl etwas Ernstes mitzutheilen.“ Und sie geht still, ge¬
317 2196 1354 2247 freien litterarischen Vereinigung stand gänzlich im Zeichen
1500 2197 1602 2246 Der
1645 2215 2924 2267 saßt, von Alp erlöst, der sie gefangen hielt. Durch ihr Herz aber
310 2229 1542 2287 Vorleser, Herr Hermann Bahr, ist ein Wiener, die Iternue
1646 2256 2928 2313 ziebt ein Hoffen: Es kann doch noch Alles sich zum Guten wenden.
307 2269 1584 2315 Erzeugnisse, welche er zum Besten gab, sind Schöpfungen Wiener Autoren,
1660 2300 1704 2332 ——
1700 2297 2925 2331 Dem##enden Seelenbilde Schnitzlers folgte Dörmanns liebens¬
311 2311 1597 2344 und selbst das Milieu dieser Darbietungen versetzte uns in die Reichs¬
1640 2333 2924 2380 würdige 1 „Wi man Minister sängt“ eine frisch ge¬
313 2344 1613 2385 kapitale der österreichischen Staaten. Herr Bahr ist den Mitgliedern
1643 2356 2930 2414 zeichnete ### aus dem Wiener Gesellschaftsleben, als deren hauptsäch¬
315 2383 1599 2435 der freien litterarischen Vereinigung kein Unbekannter, vor längeren
1649 2405 2930 2458 lichster Vorzng die stilistische Sauberkeit angesprochen werden darf, mit
309 2426 1611 2470 Jahren hat er ihnen bereits einen interessanten litterarisch=tritischen
1649 2449 2936 2498 der sie durchgeführt ist. Hermann Bahrs eigene Schöpfungen „Das
317 2457 1607 2512 Vortrag gehalten. Am Freitag begegnete er ihnen zunächst als Intervrei
1652 2483 2920 2528 Talent“ und „Das Käferl“ bildeten den Schluß der Vorlesung
316 2492 1596 2539 zweier Landsleute, Arthur Schnitzlers und Felix Dör¬
1646 2525 2923 2573 In der ersten verspottet der sein beobachtende und mit philosophischen
315 2529 1592 2573 nanns, sodann las ereigeneSchöpfungen. Hermann Bahr meistert,
1645 2540 2923 2611 Tiefe in die Erscheinmn der Sageswelt eindringende Autor das
318 2568 1593 2611 obschon kein Vortragsmeister von Beruf, das Wort mit vollendeter Kunst,
1648 2599 2919 2645 thörichte, reklamenhafte Streben nach Erfolgen auf dem Gebiete de
320 2597 1604 2654 chlicht und natürlich, wo die Erzählung in rihigem Flusse dahingleitet,
1650 2633 2931 2688 künstlerischen Schaffens eine Eitelleit, der wir ja auch in Breslau nich¬
321 2646 1598 2700 ebendig charakterisirend und scharf individualisirend, doch von Ueber¬
1646 2660 2928 2725 gar selten begegnen.. Die zweite Spende des Vortragenden athmete die
321 2677 1597 2715 reibungen sich fern haltend, wo die Handlung einsetzt und dramatische
1641 2707 2936 2754 Lebensweisheit eines correcten jungen Mannes der sogenannten guten
319 2712 1606 2780 Bewegung heischt. Ein klangvolles, modulationsfähiges Organ steht dem
1644 2735 2926 2796 Gesellschaft. Alles zu seiner Zeit und Alles in gehörigem Maße; nur
310 2755 1603 2820 Vortragenden als gehorsames Instrument zur Verfügung. Die erste Gabe
1637 2787 2926 2833 keine Scenen, keine Aufregungen, keine Extravaganzen. Vor Allem soll
309 2789 1598 2854 des Abends, Arthur Schnitzlers „Die Todten schweigen“ war
1641 2810 2923 2862 man in der Liebe stets Herr der Situation bleiben und, wo eine Widtig¬
316 2831 1592 2877 von packender Wirkung. Schnitzler ist ein Anatom der Seele, dem
1641 2850 2938 2915 keit des Schicksals Höffnungen zu Schanden macht, nicht allsogleich die
318 2863 1602 2921 sich die leisesten Regungen der Psyche enthüllen. Mit intnitivem=Hell¬
1636 2885 2928 2942 böse Weltordnung anklagen und den lieben Herrgott für solch Mißgeschick
307 2899 1609 2947 dick durchdringt er das geheimnißvolle Dunkel, aus dem des Menschen
1643 2927 2927 2977 verantwortlich machen. All diese schöne Weisheit exemplificirt der Held
317 2939 1598 2978 Schicksalsfäden sich hervorspinnen und zum Gewebe zusammenfließen.
1640 2971 2931 3025 unserer Novellette an einem kleinen Käfer, der ver seinen und seiner
309 2976 1595 3020 Ein junges Weib sehen wir, das ihrem Gatten die Treue bricht; an'
1643 3008 2934 3065 Geliebten Augen sich in häuslichen Geschäften abplagt, ohne die Geduld
306 3010 1602 3074 einem stürmischen Herbstabende giebt sie dem Geliebten ein Stelldichein.
1641 3038 2926 3096 und auch ohne den Humor zu verlieren. Es will uns zwar scheinen, als
305 3051 1602 3115 In einem Fiaker, dessen Kutscher aus einer nahen Weinkneipe erst herbei¬
1637 3083 2934 3142 ob Herr Bahr den kleinen Käfer ein wenig gar zu schwer mit philo¬
299 3092 1601 3152 gerufen werden muß, fahren sie hinaus in die ungastliche Nacht. Der,
1649 3113 2924 3160 sophischer Bürde belastete, aber wir zürnen ihm darob nicht, denn die
310 3126 1602 3180 angetrunkene Kutscher peitscht die Pferde zu rasender Gangart, der
1648 3152 2917 3198 Art, wie es geschieht, ist überaus reizooll und zierlich. Jedenfalls er¬
307 3159 1599 3209 Wagen schleudert hin und her. Man läßt halten, steigt aus und setzt
1634 3195 2905 3251 reichte Herr Paul mit der von Herrn Bahr verzapften Käferweisheit
299 3203 1599 3239 zu Fuß die abenteuerliche Zusammenkunft fort. Hinter ihnen liegt
1644 3237 2859 3293 seinen Zweck. Mademoiselle Jeannette, die kleine Französin, mit
301 3231 1590 3296 die laute Stadt, vor ihnen das tiefe Nichts der schwarzen Dunkelheit;
1635 3258 2873 3330 ihn durch etliche Jahre Amors Liebesketten verbanden, findet sich ruh
302 3278 1597 3337 das Ohr vernimmt das grollende Rauschen der Donau. In hastiger
1636 3308 2897 3371 und ohne Groll in die Trennung von ihrem Schatz, den die Pflicht abruft
300 3307 1591 3369 Zwiesprache, durch den Sturm zerrissen, springt Rede und Gegenrede
1636 3345 2447 3386 von der Stätte seines bisherigen Wirkens.
2447 3352 2902 3406 Herr Bahr erntete für
311 3348 1591 3402 von den Lippen der einsam Wandernden. Er will Klarheit, will ganzen,
1642 3386 2908 3460 Alles, was er der Freien litterarischen Vereinigung am Freitag bot
300 3392 1592 3428 will offenen Besitz der Geliebten, sie aber weigert ihm das ehrliche
1629 3428 2285 3479 reichen und wohlverdienten Beifall.
296 3428 1598 3462 Bekenntniß vor dem Gatten, denn sie fürchtet den Skandal, sie fürchtet¬
296 3460 1583 3517 die Trennung von ihrem Kinde. Wiederum steigt man in den Wagen,
305 3499 1590 3538 wieder beginnt die tolle Fahrt. Dal ein jäher Prall, ein Krach. Der
300 3532 1598 3599 Wagen ist umgestürzt, seine Insassen weithin auf die Straße schleudernd.
301 3576 1590 3630 Das junge Weib erholt sich zuerst von dem Schrecken des Sturzes, sie
289 3608 1592 3679 Wieh unverwundet: etliche Schritte von ihr entfernt aber liegt der
1127 3642 1296 3697 — LVu
1325 3644 1604 3705 toht Der
