3228 4164
332 186 568 273 8. D.
638 188 1420 272 Toten schweigen
473 210 1403 309 K  S  e eeeen enee en S 1
337 969 1069 1054 seine Ruhe zu bekommen, mietet der
349 1031 1057 1089 Mann in Schliersee den Meßner zum
344 1069 1059 1139 Bewunderer seiner Frau für drei
343 1108 1062 1167 Mark täglich und freie Verpflegung.
335 1142 1060 1208 Braucht es mehr als diese Inhalts¬
342 1192 1063 1243 angabe zum Beweise dafür, daß sich's
336 1229 1056 1294 nur um einen Feuilletonspaß handelt?
336 1264 1055 1318 Alle Gewächse des Witzes und der
339 1309 1058 1364 Komik, die an dieser von den Herren
336 1343 1066 1401 „Humoristen" häufig begangenen Land¬
337 1382 1065 1431 straße blühen, sammelt dabei Herr
343 1420 1056 1473 Bahr gewissenhaft ab, ohne das be¬
334 1460 1057 1519 scheidenste Blümchen zu verschmähen.
334 1500 1056 1552 Anspruchsvollere Leute dürften sich
344 1538 1051 1590 doch ein wenig gewundert haben, daß
339 1581 1051 1630 Bahr mit „Werken“, wie den geschil¬
331 1622 1055 1667 derten, einen neuen wienerischen Lite¬
332 1655 1056 1716 teraten=Cafétisch gleich als „Jung¬
339 1693 903 1755 österreich“ vorstellen wollte.
397 1731 1051 1783 In den Kaimsälen hörte man vor
339 1785 1060 1829 ein paar Tage wieder einmal einen
337 1813 1055 1863 schlichten Mann seine Dialektdichtungen
331 1855 1046 1913 vorlesen, die „Literarische Gesellschaft“
339 1892 1053 1939 hatte ihn hergebeten. Ja, das war
338 1937 1046 1986 ein Vertreter seines Vaterlandes. Ich
328 1969 1063 2026 meine Peter Rosegger. In ihm
330 2006 1047 2062 als Rezitator tritt das Vermögen
334 2044 1053 2088 plastischen Erzählens, das in all un¬
339 2090 1044 2141 sern deutschen Alpenvölkern steckt, ganz
335 2131 1042 2178 auffallend stark hervor. Dabei hat er
337 2164 1057 2211 sich trotz der ärgsten Bewunderungs¬
328 2202 1045 2263 anfälle seitens der Mode die ganze
332 2244 1047 2293 Echtheit und die unbekümmerte Na¬
336 2287 1053 2336 türlichkeit seines Vortrags bewahrt.
328 2323 1054 2374 Das allein schon machte ihn zu einem
325 2356 1057 2421 merkwürdigen Mann. Und grade dar¬
334 2400 832 2454 aufhin sollten ihn sich
912 2403 1050 2457 unsre
335 2442 1043 2491 Theatergrößen mal ansehen. An
331 2475 1041 2531 Gehalt waren die vorgetragenen Sachen
335 2521 746 2586 freilich recht ungleich.
732 2536 997 2611 L. Weber.
314 2622 547 2697 Theater.
397 2704 1050 2765 * Von den Berliner Theatern.
379 2748 1049 2807 Der König der modernen Bühne
333 2785 1058 2844 ist der Schwank. In reichen Falten
333 2827 1053 2878 fließt der Mantel der Macht von seinen
335 2872 1049 2918 Schultern, und das beglückte Volk
331 2904 1044 2947 jubelt, wenn er sich in aller Herrlich¬
323 2945 1045 2999 keit seinen trunknen Blicken offenbart.
323 2980 1044 3043 Das beglückte Volk ist immer dank¬
327 3021 1053 3087 bar, und so zahlt es Seiner Majestät
329 3060 1051 3114 mit Freuden eine Rente, die ihr ein
325 3096 1051 3147 Leben erlaubt, so luxuriös, wie das
320 3142 1045 3180 irgend eines anderen gekrönten Hauptes.
320 3176 1051 3224 Der Schwank hat aber mehr als diese
326 3216 1041 3271 Rente; er hat, was nicht alle Herrscher
327 3258 1044 3300 haben, er hat im ästhetischen Parlament
329 3298 1043 3348 eine sich re Majorität. Wenn er lächelnd
337 3319 1045 3384 die Bühne betritt, verstummt die Kritik
329 3367 1037 3445 und dienert beflissen. Die literarischen
580 3414 1013 3494 1. Novemberheft 1898
1483 198 1946 289 box 1/6
1640 925 3039 1006 „L
2176 1021 2525 1111 Telefon 12801.
1498 1057 1779 1193 Aer
1862 1130 3076 1204 Unternehmen für Zeitungs-Ausschnitte. Ausschnitt
2909 1172 3074 1249 29
2665 1198 2899 1292 Nr.
2030 1179 2621 1309 „OBSERVER
1606 1304 3059 1372 I österr. behördl. concess. Bureau für Zeitungsberichte und Personalnachrichten
1907 1351 2780 1453 Wien, IX/1 Türkenstrasse 17.
1855 1432 2842 1533 — Filiale in Budapest: „Figyelö“. VIII. Josefering 31a. —
1615 1581 2100 1666 Ausschnitt aus:
1622 1707 1914 1794 vom
1825 1709 2067 1800 1.49.
2851 1767 2952 1861 1
2072 1793 2604 1880 Vereinsgachrichten.
1814 1843 2944 1928 —[Grillparzer =Gesellschaft.] Fräulein Hedwig
1733 1893 2923 1967 Bleibtren vom Hofburgtheater — ein seltener Gast am Vor¬
1735 1958 2929 2006 lesetisch — las am 21. d. in der Grillparzer=Gesellschaft mehrere
1737 1985 2937 2053 Dichtungen von österreichischen Dichtern so grundverschiedener Art,
1742 2031 2926 2096 daß sie reichlich Gelegenheit hatte, ihre Kunst zu lesen und ihr
1745 2081 2919 2133 Verständniß der verschiedenen poctischen Style zu bekunden.
1738 2119 2923 2173 Zuerst las Fräulein Bleibtren den ersten Act aus der Tragödie
1752 2171 2920 2214 „Dido“ von Franz Nissel, einem Werke im Epigonenstyl, über
1746 2207 2915 2259 den der Dichter nicht mehr hinausgekommen ist. Die classicistischen
1742 2250 2913 2304 Jamben=Dramen lassen sich auch vom Vorlesetisch aus nicht mehr
1744 2284 2923 2332 recht beleben, ihre Zeit ist endgiltig um. Sodann las Fräulein
1737 2328 2918 2374 Bleibtreu die schwüle, düstere Darstellung einer Katastrophe:
1743 2366 2912 2427 „Die Todten schweigen“ von Arthur Schnitzler im Style der
1741 2412 2914 2459 modernen, decadent gefärbten Seelen=Analyse, worin dieser hoch¬
1745 2453 2908 2496 begabte Dichter bekauntlich sein Bestes als Erzähler leistet. Dies¬
1747 2496 2909 2548 mal ist es eine grimmige, unbarmherzig wühlende Satire auf die
1751 2543 2915 2583 liebelnde Mondaine. Ihre Angst vor dem Scandal übertönt und
1749 2582 2917 2634 verbrängt jedes andere Gefühl, selbst bei der Katastrophe, die
1749 2623 2919 2689 ihren jungen Freund auf einer Spazierfahrt im Prater trifft, als
1749 2670 2917 2715 der Wagen, in dem das Pärchen fährt, umfällt und der junge
1746 2707 2924 2776 Mann dabei getödtet wird. Das Ganze wirkte beim Zuhören noch
1746 2754 2911 2808 viel quälerischer, als man es nach dem eigenen stillen Lesen er¬
1745 2803 2916 2853 wartet hätte. Allein die Leistung des Fräuleins Bleibtren verdient
1742 2843 2919 2900 höchstes Lob; schon im Tempo ihrer Lectüre brachte sie die Ner¬
1737 2881 2919 2939 vosität des Styles und Gefühlsinhaltes der Erzählung meisterlich
1745 2936 2913 2987 zum Ausdrucke, und von dem vielen, theils poctisch, theils realistisch
1746 2972 2919 3029 empfundenen Beiwerk des geschilderten Vorganges ließ sie nicht
1742 3017 2922 3067 das Geringste fallen. Endlich las Fräulein Bleibtreu drei Gedichte
1745 3055 2910 3110 von Peter Rosegger, die mit ihrer frischen Natürlichkeit und
1637 3077 1747 3144 Für
1739 3098 3029 3176 schelmischen Heiterkeit eine kräftige Fröhlichkeit im Saale hervor= Aueive
1728 3131 3012 3198 griefen. Rosegger's Gedichte sollten öfter gelesen werden; man kennt porto.
1726 3182 3014 3252 Isie zu wenig, und sie werden viele seiner Prosaschristen langeahlbar
2642 3186 3045 3301 10—). —
1778 3233 1989 3290 überlehen
1664 3247 1815 3308 " 1000
1767 3259 3073 3337 Im Gegensatze zu anderen Bureaux für Zeilungsausschnitte ist das
2724 3325 3084 3380 auch steht es den
1651 3340 2673 3381 Abonnement durch keine bestimmte Zeitdauer begrenzt;
1637 3365 2978 3421 Abonnenten frei die aufgegebenen Themen zu ergänzen oder zu ändern.
