3276 4164
297 241 1900 322 8. Die Toten schweigen box 1/6
455 296 1367 366 an en enen ere en  e ete eneeene. 4. — a
746 691 1667 789 * (Vorlesung von Hermann Bahr.) Un¬
618 767 1679 831 längst kam aus den Vergen. der Obersteiermark ein
626 803 1670 876 Prophet und köstlicher Waldduft erfüllte das Gemach, in
629 863 1674 916 dem er predigte. Ernste und schalkhafte Worte flossen von
613 909 1674 975 seinen Lippen in ungekünstelter Weise — so ernst und un¬
623 961 1668 1012 gekünstelt wie die hehre Natur der himmelanstrebenden
619 1005 1674 1079 Berge, so schalkhaft und ungekünstelt wie das heitere
610 1055 1677 1136 Gemüth ihrer Bewohner. Die Zuhörer lauschten gespannt
612 1113 1669 1165 und überschütteten den Propheten mit Beifall. Wie Viele
616 1159 1675 1232 aber bekehrt wurden, weiß nur Der, der Herz und
609 1216 1676 1276 Nieren erforscht. Gestern kam ein Prophet aus dem mo¬
623 1916 1684 1993 dernen Babel an der schönen blauen Donau zu un;
633 1984 1680 2048 auch er sprach ernst und lustig zu uns und etwas wie
626 2030 1685 2103 Wiener Luft, wie der Athemn der Großstadt zog durch
632 2072 1689 2148 den Saul. Es war nicht die gesunde, würzige Verglust,
635 2131 1688 2185 es lag in der Luft etwas von den kleinsten Lebewesen,
638 2173 1689 2249 die in unserer modernen Welt eine so große Rolle
627 2236 1686 2295 spielen; sogar der Humor war nicht ganz rein von
631 2275 1678 2336 ihnen. Ob Viele bekehrt wurden? Hoffentlich gab es glän¬
622 2333 1689 2389 bigere Seelen, als den Berichterstatter. „Der „Hamlet“ gefällt
636 2365 1687 2451 mir besser als das „Tschaperl““ sagte ein Freund zu
635 2426 1690 2489 Hermann Bahr. „Mir auch“, erwiderte dieser, „aber das
632 2474 1683 2545 „Tschaperl“ gefällt mir besser als der „Böhm in Amerika“.“
637 2527 1677 2589 In diesen Worten liegt auch ein Programm. Literarische
628 2569 1687 2634 Werke von der Güte des „Böhm in Amerika“ müssen
631 2620 1678 2696 Platz machen Werken von der Güte des „Tschaperl“.
635 2670 1684 2735 Das Publikum muß in die Lage kommen, sich „ästhetisch“
630 2730 1688 2794 zu amüsiren und das kann nur geschehen durch ästhetische
636 2773 1691 2841 Erzeugnisse der Dichtkunst. Aber gleich das Vor¬
628 2817 1687 2879 tragsstück von Arthur Schnitzler hätte den Pro¬
630 2874 1675 2945 pheten fast Lügen gestraft, denn wenn das „Abschieds¬
636 2919 1679 2988 sonper“ auch nicht geradezu unästhelisch war, so wiro
642 2969 1685 3036 doch Niemand behaupten können, daß es asthelisch war.
636 3013 1691 3102 Doch Herr Bahr verbesserte sich schnell. Die übrigen
627 3074 1680 3122 Vortragsstücke schmiegten sich ganz gut in den so be¬
626 3111 1683 3182 stimmt vorgezeichneren Rahmen des jungen literarischen
621 3163 1692 3237 Wien, so die in Tou und Ausdruck vortrefflich gebrachten
629 3219 1686 3288 Wurstelpraterskizzen. Den größten Erfolg erzielte Hermann
623 3268 1677 3344 Bahr mit dem Vortrage der eigenen Erzählung
632 3322 1682 3383 „Die schöne Frau“ einen Erfolg, der umso höher an¬
625 3369 1690 3426 zuschlagen ist, als er von einem literarisch gebildeten
613 3410 939 3498 Publikum kam.
1507 3422 1644 3498 —tt-
1007 3412 1304 3511 ee
2357 86 2937 177 —
2094 96 2927 292 Chienter und zusing.
2076 278 3033 347 (Theater am Stadtpark.) Der Erfolg, den die
2013 325 3030 396 gestrige Aufführung des Anzengruber'schen Volksstückes
2025 373 3034 446 „Alte Wiener“ erzielte, war ein so starker, dass
2027 442 3040 485 man sich billig fragen könnte, weshalb angesichts der
2016 470 3037 540 Sterilität auf dem Gebiete des Volksstückes dieses herz¬
2003 518 3039 581 erfrischende Werk uns nicht schon längst vorgeführt
2005 562 3024 651 wurde. Eine Besprechung folgt. Für heute sei nur er¬
1992 626 3029 682 wähnt, dafs die Darstellung vortrefflich war und der
2000 665 3045 744 Beneficiant Herr Ketnreuter wieverholt lebhaft
2003 712 2414 795 ausgezeichnet wurde.
2073 752 3025 831 (Vorlesung Hermann Bahr.) Es war ganz
2003 810 3030 891 ehrlich, dass Hermann Bahr seine Vorlesung „Con¬
2006 863 3025 926 férence“ nannte. Die Nippes=Poesie, die „Con¬
2016 912 3029 970 férences“ und Hermann Bahr haben einen gemein¬
2017 952 3032 1030 samen Boden: Paris. Dieser französische Oberöster¬
2008 1002 3032 1071 reicher hat an der Seine sich viel angeeignet: vor
2011 1054 3039 1135 allem die Kunst, in scheinbar bequemster, zwanglosester
2019 1110 3036 1162 Haltung an straffer Leine in die kleinen Winkel vor¬
2007 1144 3040 1227 zudringen und von dort her die hübsch zugespitzten
2004 1204 3031 1269 Reize zu holen. Das gilt von Bahr dem Schriftsteller
1994 1235 3041 1306 und von Bahr dem Vortragenden. Paris und Wien
1993 1290 3038 1347 haben viel Verwandtes, das wusste die Pauline Metter¬
2010 1351 3033 1409 ##ich schon lange. Aber es ist wohl das Verhängnis
2001 1395 3032 1443 Wiens, dass es bei so viel fremder Zumischung nicht mehr
2001 1446 3030 1496 zur Kristallisation einer ursprünglichen Wesenheit kommt.
2018 1492 3027 1559 „Das neue Wien“, von dem Bahr zu Beginn seiner
2024 1541 3031 1596 Vorlesung so geistvoll plauderte, hat zu früh gejubelt,
2018 1607 3033 1651 als es Wien literarisch entdeckt zu haben meinte. Die
2005 1644 3040 1699 kleinen Wasserfarden=Bilder von Wiener Typen und
2001 1688 3038 1742 Straßen und Mauerecken haben ja die äußeren Formen
2006 1733 3037 1801 einer Wiener Kunst, aber ihr geistiger Inhalt ist (trotz
2019 1784 3038 1848 des Mundartlichen) wienerisch nur dann, wenn wir
2008 1822 3033 1889 eben zugeben, dass Pariser Copisten in der Donaustadt
2015 1874 3038 1941 den literarischen Heimatschein besipen. Hermann Bahr
2012 1929 3037 1992 ist das beste Beispiel dieser Gattung, weniger Arthur
2008 1966 3041 2044 Schnitzler, dessen „Abschiedssouper“ (aus „Anatol“)
2006 2029 3025 2086 gestern mit meisterhafter Intimität zum Vortrage ge¬
2015 2069 3032 2129 bracht wurde. In der höchst unterhaltlichen Schilde¬
2009 2117 3032 2186 rung, die Bahr vom Entstehen und von den Wand¬
1999 2168 3032 2237 lungen des „jungen Wiens“ entwarf, lag viel Hohn;
2011 2222 3036 2279 man musste sich fragen: ironisiert er sich oder die
2012 2276 3027 2330 jungen Wiener Literaten oder das Publicum? Wahr¬
2011 2305 3035 2362 scheinlich alle insgesammt, — aber so nett, dass man
2012 2365 3028 2420 auf seine Rechnung kam. Wie diese Geistesrevolutionäre
2011 2405 3034 2452 sich der tiefen Decadence erbarmten und im Café Grien¬
2010 2450 3033 2516 steidl in Cognac und Rabulisterei die neue Wiener
2012 2499 3033 2580 Kunst gebaren; wie sie dann, gereift und von Worten
2014 2548 3032 2607 zur That übergehend, beschlossen, anders zu sein als die
2007 2591 3058 2661 anderen (Hermann Bahrs kokette Stirnlocke ist wohl
2013 2636 3038 2697 eine Reliquie dieser Zeit), — das schilderte der frei
2016 2690 3031 2754 Vortragende mit treffsicherem Humor. Schwerer war es,
2005 2743 3040 2812 an den Ernst zu glauben, an die Nothwendig¬:
2002 2786 3034 2861 keit und Bedeutung einer localen Wiener
2013 2851 3038 2896 Kunst. Jede Kunst wurzelt zwar im heimutlichen Eed¬
2005 2882 3038 2943 reich, aber sie überdies mit Ketten, mit den Ketten
2003 2930 3035 2995 eines „Programmes“ an die Scholle binden wollen,
2016 2974 3029 3035 das verträgt die gesunde freie Kunst nicht! Und da
2015 3024 3030 3086 frägt man sich nun abermals bei Bahrs Vor¬
2012 3075 3031 3147 trag: Wozu die ganze Mühe, die neue Wiener
2014 3118 3039 3187 Kunst als Object uns vorzulegen, wenn sie als
2008 3177 3043 3227 Subject noch nicht ihre Rechte geltend gemacht
2008 3214 3031 3287 und uns durch Thaten von ihrem Bestande als
2014 3252 3037 3314 Besonderheit und von der Nothwendigkeit dieses Be¬
2017 3314 3046 3383 standes überzeugt hat? Das soll ja nicht geleugnet
2020 3375 3038 3423 werden, dass auch in Wien in jüngerer Zeit die
2020 3407 3028 3475 schriftstellerischen Talente sprießen. Die köstlichen kleinen
2023 3457 3031 3519 Proben, die Bahr mit unnachahmlicher Geschicklichkeit
2011 3509 3029 3568 zum besten gab, sagten dem größtentheils aus den
2013 3548 3039 3621 literarischen Kreisen unserer Stadt
2019 3600 3035 3666 zusammengesetzten Publicum nichts neues; sie berdäf¬
2012 3655 3037 3719 #tigten nur gute Meinungen. Und Hermann Bahr hatte
2019 3695 3035 3776 ein Recht, sich als Schriftsteller im Programme zu be¬
2026 3739 3041 3820 vorzugen. Denn sowohl seine tragikomischen Skizzen
2027 3815 3046 3853 „Der Wurstelprater“, als die Humoreske „Die schöne
2019 3836 3046 3908 Frau“ sind Proben der feinsten Beobachtungsgabe.
2005 3885 2976 3984 Der Beifall der Höret war lebhaft und einmüthig.
2823 3937 3013 4011 —n K.
