3180 4164
172 2546 291 2641 aurs
175 2615 280 2669 : ge¬
172 2652 285 2715 ffen¬
176 2697 290 2741 ener
197 2731 293 2778 des
179 2839 290 2892 ition
199 2883 298 2932 ver¬
197 2910 294 2964 inete
209 2953 289 3002 fall,
211 2992 293 3041 äfte
209 3028 283 3076 liß¬
204 3067 293 3116 dieg
213 3104 296 3152 He¬
250 3592 310 3647 e.
278 3774 326 3824 i
248 249 718 339 8. Die To
744 249 1153 330 en schwei
1235 273 1305 327 n
391 259 1853 345 box 1/6
1724 557 1848 624 itsche
1985 600 2751 702 Theater, Kunst und Lileratur.
1747 656 1851 718 An
1984 677 2708 758 Conferenee Hermann Bahr.
1728 695 1844 767 iven
1924 733 2858 812 Sonntag Abends, während alle Welt im Banne der
1737 756 1845 818 ach¬
1740 792 2868 853 end politischen Ereignisse stand und in den Gassen sich tur¬
1746 845 2864 900 tei= bulente Szenen ereigneten, hielt Hermann Bahr im
1744 882 2864 946 auf Bösendorfer=Saal vor einem Publikum, dem die Erregung
1744 936 2860 995 zen durch alle Fibern zitterte, eine literarische Conference,
1755 979 2855 1036 im welche ruhige und empfängliche Stimmung braucht. Der
1754 1021 2852 1083 er= Zufall hatte sich gegen ihn gestellt; das machte ihm aber
562 1024 1133 1122 „ mokomel von ihrem Schätzer.“
1762 1062 2865 1123 #n= nichts. Wie er zu sprechen begann und seine sonore Stimme
635 1085 1421 1155 Die Concert=Direction: Albert Gutman.
1762 1106 2857 1193 ag mit dem hellen Tenoreinschlag durch den Raum könte
1316 1143 1413 1202 Par
1847 1165 2859 1230 vergaß man, daß das Interesse heute eigentlich wo anders
1758 1176 1851 1243 ge
1845 1215 2860 1284 hinstrebe, und ließ sich beruhigen und dann fesseln, etwas
378 1193 1343 1318 Theater und Kunst.
1758 1255 2860 1314 ter so Zwingendes geht von Bahr aus. Diese zweite Con¬
1753 1300 2860 1382 99 ference war im Grunde keine, sondern eine Vorlesung.
348 1309 1494 1374 * Gestern Abends fand im Bösendorfer=Saale der zweite
1760 1357 2860 1427 en, Und auch das wieder nicht. Denn er las nicht, er trug
229 1354 1482 1405 [Vortragsabend Hermann Bahr's statt. Während
1759 1408 2855 1462 nd vor, er schauspielerte. Bahr ist ein Meister darin, dass
224 1403 1502 1479 #dieser interessane Mensch als Kritiker und Schriftsteller allgemein
1815 1441 2864 1530 1 Wort plastisch zu formen und finnfällige Wirkungen zu.
235 1443 1480 1520 bekannt ist und sein Werk vielleicht bereits gethan hat, ist es
239 1499 1476 1576 ihm noch vorbehalten, auf einem anderen Wege, durch seine aus.
252 1538 1490 1619 gezeichnete Vortragskunst, als Herold seiner Kunstanschauungen
235 1587 1489 1669 zu wirken. Leider that er dies vorgestern nicht. Die Skizzen und
236 1634 1490 1720 Erzählungen, die er vorlas, überragen den Durchschnitt der
238 1690 1486 1759 üblichen Vortragsliteratur nicht wesentlich. Am Interessantesten
242 1729 1491 1804 war wohl Schnitzler's Novelle „Die Todten schweigen“ mit
249 1786 1492 1839 breiter Seelenaualyse, die über das oftvermuthete Ende immer
244 1818 1489 1875 wieder hinausgeführt wird. Ferdinand Groß Humoreske „Eine
237 1875 1485 1944 neue literarische Schule“ ist mehr Scherz als Satire, aber immer¬
236 1903 1488 1980 hin ein lustiger Scherz. Ferdinand Salten's „Wurstelorater“
234 1960 1483 2034 gab dem Vorleser Gelegenheit, alle Register seiner Kunst auf¬
249 2018 1494 2072 zuziehen, insbesondere seine Meisterschaft in der Beherrschung des
2752 2012 3140 2098 Wien, Dienstag
248 2067 1489 2135 Wiener Dialects, der ins Hochdeutsche strebt — übrigens auch die
250 2095 1492 2160 starke Seite des Autors — zu zeigen. Alfred Gold's Er¬
2160 2110 3152 2191 erzielen. Jedes Mittel, das einem Deklamator zur Ver
244 2156 1491 2228 zählung „Was die Liebe kann“ bot der Recitation eine weniger
2151 2162 3138 2226 fügung steht, wendet er an, selbst Dialektspässe und Kopi
261 2205 608 2275 Inkbare Aufgabe.
2156 2215 3133 2267 scherze, und so berechnet Alles ist, es kommt ganz selb
957 2247 1049 2290 —
2159 2261 3158 2308 verständlich und ungesucht heraus. Mit dem Vortrag der
276 2285 1251 2363 geheimniß, und nicht vor alter Weit und ein
2163 2302 3153 2361 geistreichen Persiflage „Eine neue literarische Schule“ vol
287 2325 1367 2415 ment vor der Burgtheaterkanzlei behandelt worden wäre.
2160 2353 3159 2413 Ferdinand Groß brachte er auf solche Weise ein wahree
377 2355 1425 2446 (Vorlesung Hermann Bahr.) Sonntag Abends hielt
2164 2400 3160 2449 Kabinetsstück zuwege. Nach dieser Nummer, die wie eine
296 2411 1423 2495 Herrnann Bahr im Bösendorfer=Saale die zweite seiner
2157 2443 3161 2502 förmliche „Schlüsseldeklamation“ erschien, war der Beifall
291 2458 1432 2554 Novellisten=Vorlesungen. Den Anfang machte „Die Todten
2157 2499 3187 2550 auch am stät###en. Arthur Schnitzler's schöne Novelle
303 2524 1437 2595 schweigen“ von Arthur Schnitzler. Mit seinem starken,
2159 2534 3185 2582 „Die Todten schweigen“ und die liebenswürdige Variation
300 2557 1429 2640 klaren Organ, das in den Momenten äußerer Handlung hell und
2160 2578 3160 2638 eines alten Themas „Der Roman oder: Was die Liebe
305 2607 1441 2682 hoch einsetzte, über der Schilderung seelischer Vorgänge, den
2155 2639 3142 2689 Alles kann“ von Alfred Gold sagte er in einfacht
301 2666 1436 2737 wechselnden Stimmungen folgsam, in reichen Modulationen
2149 2679 3187 2737 Klarheit her. Sogar die Gedankenstriche spürte man. Felix
305 2683 1442 2778 vibrirte, wußte der Vorleser der fein abgetönten psychologischen
2160 2720 3172 2773 Salten's Skizzen „Aus dem Wurstelprater“ nahmen sich
303 2735 1444 2814 Studie des Dichters die Wirkungen eines mächtigen inneren
2157 2767 3187 2827 in dieser Gesellschaft etwas sonderbar aus. Das sind rasch
305 2789 1445 2877 Dramas zu geben. Dann zeigte er, in einer Satyre auf die
2155 2819 3187 2880 aufgefangene Beobachtungen, für die Zeitung flüchtig hin¬
310 2837 1439 2916 Modernsten in der Literatur von Ferdinand Groß und im
2152 2861 3186 2925 geschrieben, die ihren Zweck erfüllt haben, wenn der Tag
310 2877 1448 2961 „Wurstelprater“ von Felix Salten seine wunderbare
2154 2906 3180 2954 vorüber ist. Diese Konstatirung ist kein Vorwurf gegen den
314 2910 1453 3014 Kunst, komische Gestalten mit ollen ihren lächerlichen Eigenheiten
2149 2954 3177 3018 Autor, der ein ausgezeichneter Journalist ist, sondern
302 2976 1450 3065 des Tonfalles, der Geberde, ja des Gedankenganges im Vorlesen
2150 2999 3174 3060 einer gegen den Conferencier, der versprochen hat, auf
322 3009 1457 3104 ganz greifbar deutlich werden zu lassen. Geradezu ein unerhörtes
2142 3048 3188 3106 merkwürdige Erscheinungen der Literatur hinweisen zu
311 3058 1458 3152 Meisterstück war sein Vortrag der Kasperliade aus Salten's
2153 3088 2325 3157 wollen.
324 3110 1450 3195 „Wurstelprater“. Die ersten, aus Schauer und Neugierde, aus
313 3150 1453 3236 Bangen und Lachen unvermerkt aufsteigenden poctischen Empfin¬
310 3208 1455 3289 dungen von Kindern wußte er mit aller süßen Anmuth und mit
330 3247 1462 3342 aller köstlichen Mystik dieser kleinen Seelen zu geben. Eine liebens¬
2006 3254 2597 3367 Wiener laabtal
2695 3268 3173 3379 3o. Oev 4897
322 3288 1466 3384 würdig humoristische Novellette von Alfred Gold, mit deren
322 3355 1467 3431 etwas ungerechtfertigter Länge die geistvolle Pointirung des Vor¬
321 3384 1469 3484 lesers vollkommen aussöhnte, bildete den Schluß des Abends.
320 3431 1471 3531 Jeder der vorgetragenen Piecen folgte stürmischer Applaus, ja
325 3478 1472 3577 zweimal setzte der Applaus mitten in der Vorlesung ein. Und
331 3530 1469 3618 nicht nur für die Genüsse der Vorlesung muß man Bahr so
335 3574 1468 3655 stürmisch und so warm danken. Auch wie man ganz still und für
340 3612 1474 3709 sich lesen soll, darüber kann man, wenn man nur aufmerksam
331 3667 1470 3756 in die vorgetragenen Sätze hineinhorcht, von diesem einzigen
324 3712 1452 3831 Manne, wie von keinem Anderen unendlich Vieles lernen. w. h.
421 3765 1481 3865 — Aus Paris schreibt man uns: Vergangenen Samstag
