<?xml version="1.0" encoding="UTF-8" standalone="yes"?>
<PcGts xmlns="http://schema.primaresearch.org/PAGE/gts/pagecontent/2013-07-15" xmlns:xsi="http://www.w3.org/2001/XMLSchema-instance" xsi:schemaLocation="http://schema.primaresearch.org/PAGE/gts/pagecontent/2013-07-15 http://schema.primaresearch.org/PAGE/gts/pagecontent/2013-07-15/pagecontent.xsd">
    <Metadata>
        <Creator>prov=University of Rostock/Institute of Mathematics/CITlab/Gundram Leifert/gundram.leifert@uni-rostock.de:name=ONB_Newseye_GT_M1+(htr_id=10810)::::v=2.4.2
prov=University of Rostock/Institute of Mathematics/CITlab/Tobias Gruening/tobias.gruening@uni-rostock.de:name=de.uros.citlab.module.baseline2polygon.B2PSeamMultiOriented:v=2.4.2
prov=University of Rostock/Institute of Mathematics/CITlab/Tobias Gruening/tobias.gruening@uni-rostock.de:name=/mnt/transkribus/LA/DEA/URO/LA_news_onb_att.pb:de.uros.citlab.segmentation.CITlab_LA_ML:v=2.4.2
Transkribus</Creator>
        <Created>2019-10-07T10:28:40.248+02:00</Created>
        <LastChange>2019-10-07T10:47:16.642+02:00</LastChange>
        <TranskribusMetadata docId="223913" pageId="9492300" pageNr="6" tsid="16348668" status="IN_PROGRESS" userId="40391" imgUrl="https://files.transkribus.eu/Get?id=TRBFIMHPEGXCVVSLKXLBHFVZ&amp;fileType=view" xmlUrl="https://files.transkribus.eu/Get?id=CYANSXOPIWWNCZSWYKHSBFZU" imageId="6182588"/>
    </Metadata>
    <Page imageFilename="223913_0006.jpeg" imageWidth="3228" imageHeight="4164">
        <ReadingOrder>
            <OrderedGroup id="ro_1711444334316" caption="Regions reading order">
                <RegionRefIndexed index="0" regionRef="r1"/>
            </OrderedGroup>
        </ReadingOrder>
        <TextRegion orientation="0.0" id="r1" custom="readingOrder {index:0;}">
            <Coords points="310,269 310,3345 3226,3345 3226,269"/>
            <TextLine id="r1l1" custom="readingOrder {index:0;}">
                <Coords points="455,301 490,308 525,304 550,311 568,300 581,311 614,309 612,266 587,260 575,264 521,234 514,240 505,235 477,244 467,238 451,242"/>
                <Baseline points="463,299 491,298 519,298 548,297 576,294 605,289"/>
                <TextEquiv>
                    <Unicode>Die</Unicode>
                </TextEquiv>
            </TextLine>
            <TextLine id="r1l2" custom="readingOrder {index:1;}">
                <Coords points="654,315 1495,290 1801,340 1917,318 1918,272 655,246"/>
                <Baseline points="664,301 726,300 788,300 850,300 912,301 975,301 1037,302 1099,303 1161,304 1223,306 1286,307 1348,308 1410,310 1472,311 1534,312 1597,313 1659,314 1721,315 1783,315 1845,315 1908,315"/>
                <TextEquiv>
                    <Unicode>Toten schweigen box 1/6</Unicode>
                </TextEquiv>
            </TextLine>
            <TextLine id="r1l3" custom="readingOrder {index:2;}">
                <Coords points="301,301 481,347 976,361 1189,332 1301,357 1402,340 1403,311 465,298 356,236 301,266"/>
                <Baseline points="310,291 364,299 418,307 472,313 526,318 580,322 634,325 689,326 743,328 797,328 851,328 905,328 959,327 1013,327 1068,326 1122,326 1176,326 1230,326 1284,326 1338,328 1393,330"/>
                <TextEquiv>
                    <Unicode>B — een eneeee S  </Unicode>
                </TextEquiv>
            </TextLine>
            <TextLine id="r1l4" custom="readingOrder {index:3;}">
                <Coords points="1843,922 3234,896 3221,830 2500,883 2281,838 1842,850"/>
                <Baseline points="1852,902 1920,902 1989,901 2058,900 2126,899 2195,898 2264,897 2332,896 2401,895 2470,895 2539,894 2607,893 2676,892 2745,892 2813,892 2882,891 2951,891 3019,891 3088,891 3157,892 3226,892"/>
                <TextEquiv>
                    <Unicode>—</Unicode>
                </TextEquiv>
            </TextLine>
            <TextLine id="r1l5" custom="readingOrder {index:4;}">
                <Coords points="371,915 981,916 981,867 669,872 550,852 421,872 370,853"/>
                <Baseline points="380,913 409,913 439,913 468,912 498,912 528,912 557,912 587,912 617,912 646,913 676,913 706,913 735,913 765,912 795,912 824,912 854,911 884,911 913,910 943,909 973,908"/>
                <TextEquiv>
                    <Unicode>—</Unicode>
                </TextEquiv>
            </TextLine>
            <TextLine id="r1l6" custom="readingOrder {index:5;}">
                <Coords points="2372,981 2406,981 2417,992 2720,988 2720,968 2562,921 2483,954 2464,940 2447,955 2408,938 2372,946"/>
                <Baseline points="2381,981 2406,982 2431,982 2457,983 2482,983 2507,984 2533,984 2558,984 2584,984 2609,983 2634,983 2660,983 2685,983 2711,983"/>
                <TextEquiv>
                    <Unicode>Telefon 12801.</Unicode>
                </TextEquiv>
            </TextLine>
            <TextLine id="r1l7" custom="readingOrder {index:6;}">
                <Coords points="896,1023 1233,1023 1233,958 1135,963 1107,942 1069,963 982,970 915,945 896,950"/>
                <Baseline points="904,989 930,991 957,992 984,994 1010,994 1037,995 1064,995 1090,995 1117,994 1144,994 1170,993 1197,992 1224,991"/>
                <TextEquiv>
                    <Unicode>Telefon 12801.</Unicode>
                </TextEquiv>
            </TextLine>
            <TextLine id="r1l8" custom="readingOrder {index:7;}">
                <Coords points="1777,1075 1838,1058 1883,1088 1895,1089 1943,1063 1968,1083 1976,1031 1958,1021 1947,1023 1928,1011 1896,1014 1888,1007 1867,1018 1830,1005 1809,1015 1800,1004 1788,1004"/>
                <Baseline points="1790,1043 1818,1050 1847,1056 1875,1061 1904,1064 1932,1067 1961,1070"/>
                <TextEquiv>
                    <Unicode>—</Unicode>
                </TextEquiv>
            </TextLine>
            <TextLine id="r1l9" custom="readingOrder {index:8;}">
                <Coords points="1955,1098 2975,1093 2987,1050 2723,1016 2661,1042 2456,1018 2349,1053 2152,977 1954,976"/>
                <Baseline points="1964,1086 2014,1086 2065,1085 2116,1084 2166,1084 2217,1083 2268,1083 2318,1082 2369,1081 2420,1080 2471,1080 2521,1079 2572,1078 2623,1078 2673,1077 2724,1076 2775,1076 2825,1075 2876,1075 2927,1074 2978,1074"/>
                <TextEquiv>
                    <Unicode>  cternehmen für Zeitungs-Ausschnitte.</Unicode>
                </TextEquiv>
            </TextLine>
            <TextLine id="r1l10" custom="readingOrder {index:9;}">
                <Coords points="3065,1110 3075,1112 3089,1102 3114,1106 3154,1094 3187,1112 3208,1099 3234,1099 3235,1056 3214,1052 3205,1057 3183,1044 3172,1048 3165,1040 3137,1059 3115,1047 3094,1055 3066,1049"/>
                <Baseline points="3074,1085 3099,1086 3124,1087 3150,1087 3175,1088 3200,1088 3226,1087"/>
                <TextEquiv>
                    <Unicode>Ausschnit</Unicode>
                </TextEquiv>
            </TextLine>
            <TextLine id="r1l11" custom="readingOrder {index:10;}">
                <Coords points="529,1108 639,1140 944,1090 1520,1108 1519,1043 1144,1056 990,1026 752,1065 625,985 528,1030"/>
                <Baseline points="538,1111 586,1107 635,1103 683,1099 732,1097 781,1095 829,1094 878,1093 927,1092 975,1092 1024,1092 1073,1092 1121,1092 1170,1093 1219,1093 1267,1093 1316,1092 1365,1091 1413,1091 1462,1089 1511,1086"/>
                <TextEquiv>
                    <Unicode>( Eniternehmen für Zeitungs-Ausschnitte.</Unicode>
                </TextEquiv>
            </TextLine>
            <TextLine id="r1l12" custom="readingOrder {index:11;}">
                <Coords points="1585,1117 1601,1117 1618,1130 1646,1120 1658,1124 1693,1109 1706,1110 1719,1124 1728,1117 1740,1125 1763,1122 1765,1061 1731,1067 1711,1057 1670,1068 1656,1080 1628,1072 1586,1078"/>
                <Baseline points="1595,1098 1621,1100 1648,1101 1675,1102 1701,1102 1728,1103 1755,1103"/>
                <TextEquiv>
                    <Unicode>Ausschi</Unicode>
                </TextEquiv>
            </TextLine>
            <TextLine id="r1l13" custom="readingOrder {index:12;}">
                <Coords points="2995,1177 3021,1191 3081,1181 3093,1192 3122,1184 3172,1200 3225,1198 3229,1097 3213,1095 3190,1112 3174,1104 3149,1120 3101,1103 3061,1112 3018,1091 2999,1094"/>
                <Baseline points="3005,1174 3031,1175 3058,1176 3084,1176 3111,1177 3138,1178 3164,1179 3191,1181 3218,1183"/>
                <TextEquiv>
                    <Unicode>Nr. 39</Unicode>
                </TextEquiv>
            </TextLine>
            <TextLine id="r1l14" custom="readingOrder {index:13;}">
                <Coords points="1518,1200 1551,1198 1561,1205 1586,1195 1608,1211 1622,1204 1641,1212 1666,1202 1702,1206 1723,1192 1744,1195 1744,1126 1687,1125 1640,1164 1600,1127 1518,1134"/>
                <Baseline points="1527,1186 1553,1187 1579,1187 1605,1187 1631,1186 1657,1186 1683,1186 1709,1187 1735,1189"/>
                <TextEquiv>
                    <Unicode>Nr. 3</Unicode>
                </TextEquiv>
            </TextLine>
            <TextLine id="r1l15" custom="readingOrder {index:14;}">
                <Coords points="2226,1206 2781,1213 2824,1197 2822,1090 2735,1116 2632,1092 2590,1117 2324,1119 2225,1166"/>
                <Baseline points="2234,1199 2263,1197 2292,1195 2321,1194 2350,1193 2379,1192 2408,1191 2437,1191 2466,1190 2495,1190 2524,1190 2553,1190 2582,1189 2611,1189 2640,1189 2669,1189 2698,1188 2727,1187 2756,1186 2785,1185 2815,1183"/>
                <TextEquiv>
                    <Unicode>„OBSERVER</Unicode>
                </TextEquiv>
            </TextLine>
            <TextLine id="r1l16" custom="readingOrder {index:15;}">
                <Coords points="767,1219 808,1236 940,1207 989,1235 1149,1209 1310,1220 1364,1206 1365,1178 1253,1145 1182,1177 1096,1161 1044,1191 958,1141 905,1164 873,1142 767,1190"/>
                <Baseline points="776,1206 805,1205 834,1205 863,1205 892,1205 921,1204 950,1205 979,1205 1008,1205 1037,1205 1066,1205 1095,1205 1124,1205 1153,1204 1182,1204 1211,1204 1240,1203 1269,1202 1298,1201 1327,1199 1356,1198"/>
                <TextEquiv>
                    <Unicode>„OBSERVER</Unicode>
                </TextEquiv>
            </TextLine>
            <TextLine id="r1l17" custom="readingOrder {index:16;}">
                <Coords points="1821,1288 3227,1271 3226,1211 3011,1196 1820,1218"/>
                <Baseline points="1829,1264 1898,1263 1967,1262 2037,1261 2106,1260 2176,1259 2245,1259 2315,1258 2384,1258 2454,1257 2523,1257 2592,1256 2662,1256 2731,1255 2801,1255 2870,1254 2940,1253 3009,1252 3079,1250 3148,1249 3218,1248"/>
                <TextEquiv>
                    <Unicode>I. österr. behördl. concess. Bureau für Zeitungsberichte und Personalnachrichten</Unicode>
                </TextEquiv>
            </TextLine>
            <TextLine id="r1l18" custom="readingOrder {index:17;}">
                <Coords points="1758,1267 1773,1263 1774,1260 1780,1262 1789,1260 1770,1198 1762,1200 1761,1203 1754,1206 1752,1205 1741,1209"/>
                <Baseline points="1766,1263 1779,1259"/>
                <TextEquiv>
                    <Unicode>□4</Unicode>
                </TextEquiv>
            </TextLine>
            <TextLine id="r1l19" custom="readingOrder {index:18;}">
                <Coords points="349,1301 1730,1290 1759,1216 348,1244"/>
                <Baseline points="357,1276 426,1276 496,1276 566,1275 635,1275 705,1274 775,1274 844,1273 914,1272 984,1272 1054,1271 1123,1271 1193,1270 1263,1269 1332,1269 1402,1268 1472,1267 1541,1266 1611,1265 1681,1264 1751,1263"/>
                <TextEquiv>
                    <Unicode>I. österr. behördl. concess. Bureau für Zeitungsberichte und Personalnachricht</Unicode>
                </TextEquiv>
            </TextLine>
            <TextLine id="r1l20" custom="readingOrder {index:19;}">
                <Coords points="2123,1349 2911,1355 2965,1341 2964,1273 2890,1298 2787,1269 2684,1300 2508,1275 2332,1277 2283,1307 2122,1295"/>
                <Baseline points="2131,1333 2172,1335 2213,1337 2254,1338 2296,1339 2337,1339 2378,1339 2420,1339 2461,1339 2502,1338 2544,1337 2585,1336 2626,1335 2667,1334 2709,1333 2750,1332 2791,1332 2833,1331 2874,1331 2915,1331 2957,1332"/>
                <TextEquiv>
                    <Unicode>Wien, IX/1 Türkenstrasse 17.</Unicode>
                </TextEquiv>
            </TextLine>
            <TextLine id="r1l21" custom="readingOrder {index:20;}">
                <Coords points="643,1347 748,1380 1514,1349 1487,1288 1332,1320 1114,1287 1065,1310 643,1295"/>
                <Baseline points="653,1346 695,1347 738,1349 780,1350 823,1351 866,1351 908,1352 951,1351 993,1351 1036,1351 1079,1350 1121,1350 1164,1349 1206,1349 1249,1348 1292,1348 1334,1348 1377,1348 1419,1349 1462,1349 1505,1350"/>
                <TextEquiv>
                    <Unicode>Wien, IX/1 Türkenstrasse 17.</Unicode>
                </TextEquiv>
            </TextLine>
            <TextLine id="r1l22" custom="readingOrder {index:21;}">
                <Coords points="2046,1432 2423,1441 2644,1405 2857,1433 3001,1416 3001,1346 2867,1382 2802,1350 2640,1381 2268,1358 2046,1388"/>
                <Baseline points="2054,1415 2103,1414 2152,1414 2202,1414 2251,1414 2301,1414 2350,1414 2399,1414 2449,1414 2498,1414 2548,1413 2597,1413 2647,1412 2696,1412 2745,1411 2795,1409 2844,1408 2894,1407 2943,1405 2993,1402"/>
                <TextEquiv>
                    <Unicode>— Filiale in Budapest: „Figyelö“, VIII. Josefsring 31a</Unicode>
                </TextEquiv>
            </TextLine>
            <TextLine id="r1l23" custom="readingOrder {index:22;}">
                <Coords points="583,1462 738,1430 923,1461 1101,1429 1197,1456 1476,1436 1578,1417 1578,1388 1489,1359 1407,1388 1206,1365 582,1398"/>
                <Baseline points="592,1430 640,1431 689,1431 738,1431 787,1432 836,1432 885,1432 934,1431 983,1431 1032,1431 1081,1430 1129,1430 1178,1429 1227,1428 1276,1427 1325,1425 1374,1424 1423,1422 1472,1420 1521,1419 1570,1416"/>
                <TextEquiv>
                    <Unicode>— Fillale in Budapest: „Figyelö“, VIII. Josefsring 31a —</Unicode>
                </TextEquiv>
            </TextLine>
            <TextLine id="r1l24" custom="readingOrder {index:23;}">
                <Coords points="2639,1547 2709,1563 2761,1553 2778,1562 2795,1551 2826,1562 2842,1550 2879,1571 2899,1559 2927,1565 2950,1545 2987,1548 2988,1513 2892,1461 2844,1474 2783,1465 2743,1484 2694,1474 2662,1490 2642,1481"/>
                <Baseline points="2649,1536 2674,1539 2699,1541 2725,1544 2750,1545 2775,1546 2801,1547 2826,1548 2852,1548 2877,1549 2902,1549 2928,1549 2953,1548 2979,1548"/>
                <TextEquiv>
                    <Unicode>e Nachrichten</Unicode>
                </TextEquiv>
            </TextLine>
            <TextLine id="r1l25" custom="readingOrder {index:24;}">
                <Coords points="1826,1563 1944,1583 2639,1555 2636,1483 2583,1499 2538,1469 2485,1501 2311,1475 2153,1524 1977,1498 1824,1521"/>
                <Baseline points="1834,1557 1873,1557 1913,1557 1953,1557 1993,1557 2032,1557 2072,1557 2112,1557 2152,1556 2191,1555 2231,1555 2271,1553 2311,1552 2350,1550 2390,1547 2430,1544 2470,1541 2509,1536 2549,1532 2589,1527 2629,1522"/>
                <TextEquiv>
                    <Unicode>Ausschnitt aus: Münchrer Pener</Unicode>
                </TextEquiv>
            </TextLine>
            <TextLine id="r1l26" custom="readingOrder {index:25;}">
                <Coords points="346,1582 1553,1577 1530,1496 930,1498 667,1541 602,1506 346,1517"/>
                <Baseline points="354,1564 413,1565 473,1566 532,1567 592,1568 651,1569 711,1569 770,1570 830,1570 889,1570 949,1571 1008,1570 1068,1570 1127,1569 1187,1569 1246,1567 1306,1566 1365,1564 1425,1562 1484,1560 1544,1558"/>
                <TextEquiv>
                    <Unicode>Ausschnitt aus: Münchner allgemeine Zeitung</Unicode>
                </TextEquiv>
            </TextLine>
            <TextLine id="r1l27" custom="readingOrder {index:26;}">
                <Coords points="487,1643 526,1656 562,1686 607,1668 654,1693 677,1695 713,1675 734,1682 739,1616 682,1604 637,1618 589,1583 559,1584 541,1595 492,1572"/>
                <Baseline points="496,1629 521,1642 547,1651 573,1658 598,1662 624,1664 650,1663 675,1660 701,1656 727,1651"/>
                <TextEquiv>
                    <Unicode>2 9/10.00.</Unicode>
                </TextEquiv>
            </TextLine>
            <TextLine id="r1l28" custom="readingOrder {index:27;}">
                <Coords points="369,1713 396,1717 406,1710 427,1710 436,1717 448,1713 455,1720 476,1711 490,1715 505,1711 505,1650 453,1666 420,1647 392,1665 369,1661"/>
                <Baseline points="378,1699 407,1702 437,1701 466,1700 496,1701"/>
                <TextEquiv>
                    <Unicode>vom</Unicode>
                </TextEquiv>
            </TextLine>
            <TextLine id="r1l29" custom="readingOrder {index:28;}">
                <Coords points="1836,1684 1988,1717 2082,1702 2099,1721 2232,1751 2329,1715 2333,1658 2317,1655 2224,1684 2150,1651 2105,1669 2061,1646 1982,1669 1840,1635"/>
                <Baseline points="1845,1688 1870,1689 1895,1690 1920,1692 1945,1694 1970,1696 1995,1699 2020,1702 2045,1705 2070,1708 2095,1710 2120,1712 2145,1714 2170,1715 2195,1717 2220,1717 2245,1716 2270,1716 2295,1713 2321,1710"/>
                <TextEquiv>
                    <Unicode>AN 30 7/8 08</Unicode>
                </TextEquiv>
            </TextLine>
            <TextLine id="r1l30" custom="readingOrder {index:29;}">
                <Coords points="473,1759 1112,1765 1113,1739 933,1704 792,1734 719,1709 672,1731 593,1710 543,1735 473,1714"/>
                <Baseline points="481,1750 512,1750 543,1749 574,1749 605,1749 636,1749 667,1750 698,1750 729,1750 760,1751 792,1751 823,1752 854,1752 885,1753 916,1753 947,1753 978,1754 1009,1754 1040,1754 1071,1754 1103,1754"/>
                <TextEquiv>
                    <Unicode>osjen Pnloltti</Unicode>
                </TextEquiv>
            </TextLine>
            <TextLine id="r1l31" custom="readingOrder {index:30;}">
                <Coords points="567,1795 1602,1818 1637,1763 568,1753"/>
                <Baseline points="575,1780 627,1784 680,1787 732,1790 785,1792 838,1794 890,1796 943,1797 995,1799 1048,1800 1101,1801 1153,1801 1206,1802 1258,1802 1311,1803 1364,1804 1416,1804 1469,1805 1521,1806 1574,1808 1627,1809"/>
                <TextEquiv>
                    <Unicode>* Vortrag Hermann Bahrs. In dem zum Besten</Unicode>
                </TextEquiv>
            </TextLine>
            <TextLine id="r1l32" custom="readingOrder {index:31;}">
                <Coords points="2148,1836 3069,1859 3070,1816 3024,1798 2343,1766 2251,1786 2209,1759 2150,1782"/>
                <Baseline points="2158,1822 2203,1823 2248,1824 2293,1825 2338,1827 2383,1828 2428,1830 2474,1832 2519,1834 2564,1836 2609,1838 2654,1840 2699,1842 2744,1844 2790,1846 2835,1848 2880,1849 2925,1850 2970,1852 3015,1853 3061,1853"/>
                <TextEquiv>
                    <Unicode>2R. Vortrags=Cyklus zum Besten der Peusions¬</Unicode>
                </TextEquiv>
            </TextLine>
            <TextLine id="r1l33" custom="readingOrder {index:32;}">
                <Coords points="478,1818 577,1849 1635,1859 1624,1806 479,1786"/>
                <Baseline points="486,1828 543,1830 600,1832 657,1833 714,1835 771,1836 828,1837 885,1838 942,1839 999,1841 1056,1842 1113,1843 1170,1844 1227,1844 1284,1845 1341,1846 1398,1847 1455,1848 1512,1849 1569,1851 1626,1851"/>
                <TextEquiv>
                    <Unicode>der Pensionsanstalt deutscher Journalisten und Schriftsteller</Unicode>
                </TextEquiv>
            </TextLine>
            <TextLine id="r1l34" custom="readingOrder {index:33;}">
                <Coords points="2127,1873 2739,1875 2937,1901 2963,1898 2965,1855 2129,1823"/>
                <Baseline points="2135,1858 2178,1860 2221,1862 2264,1864 2307,1866 2350,1868 2393,1870 2436,1871 2479,1874 2522,1875 2566,1877 2609,1878 2652,1880 2695,1882 2738,1883 2781,1885 2824,1886 2867,1888 2910,1890 2954,1893"/>
                <TextEquiv>
                    <Unicode>anstalt Deutscher Journalisten und Schrift</Unicode>
                </TextEquiv>
            </TextLine>
            <TextLine id="r1l35" custom="readingOrder {index:34;}">
                <Coords points="488,1877 1577,1902 1643,1858 489,1835"/>
                <Baseline points="496,1873 552,1874 609,1876 666,1877 723,1879 780,1880 837,1882 893,1883 950,1885 1007,1887 1064,1888 1121,1890 1178,1891 1235,1892 1291,1893 1348,1894 1405,1895 1462,1895 1519,1895 1576,1895 1633,1895"/>
                <TextEquiv>
                    <Unicode>inseenirten Vortragscyklus sprach gestern der bekannte Wiener</Unicode>
                </TextEquiv>
            </TextLine>
            <TextLine id="r1l36" custom="readingOrder {index:35;}">
                <Coords points="2135,1897 2973,1931 2974,1901 2928,1891 2136,1869"/>
                <Baseline points="2144,1894 2185,1896 2226,1899 2267,1902 2308,1904 2349,1906 2390,1908 2431,1910 2472,1912 2513,1913 2554,1915 2595,1917 2636,1918 2677,1920 2718,1921 2759,1923 2800,1925 2841,1926 2882,1927 2923,1929 2964,1931"/>
                <TextEquiv>
                    <Unicode>(A. V.) Der gestrige Freitag bot den Besucher</Unicode>
                </TextEquiv>
            </TextLine>
            <TextLine id="r1l37" custom="readingOrder {index:36;}">
                <Coords points="1188,1918 1202,1915 1209,1916 1215,1921 1221,1917 1232,1917 1230,1891 1216,1893 1214,1891 1210,1891 1207,1893 1196,1889 1195,1891 1186,1892"/>
                <Baseline points="1197,1915 1222,1913"/>
                <TextEquiv>
                    <Unicode>117</Unicode>
                </TextEquiv>
            </TextLine>
            <TextLine id="r1l38" custom="readingOrder {index:37;}">
                <Coords points="477,1928 1230,1961 1637,1934 1617,1895 1279,1885 1235,1920 1157,1888 479,1874"/>
                <Baseline points="487,1917 544,1918 601,1919 658,1920 715,1922 772,1924 829,1925 886,1927 943,1929 1000,1930 1057,1932 1114,1934 1171,1935 1228,1936 1285,1937 1342,1937 1399,1937 1456,1937 1513,1936 1570,1935 1628,1933"/>
                <TextEquiv>
                    <Unicode>Schriftsteller und Herausgeber der Zen Hermann Bahr,</Unicode>
                </TextEquiv>
            </TextLine>
            <TextLine id="r1l39" custom="readingOrder {index:38;}">
                <Coords points="2127,1950 2932,1977 2979,1972 2981,1932 2129,1895"/>
                <Baseline points="2137,1936 2178,1937 2220,1938 2261,1939 2303,1941 2345,1943 2386,1944 2428,1946 2470,1948 2511,1951 2553,1952 2595,1955 2636,1957 2678,1959 2720,1961 2761,1963 2803,1965 2845,1967 2886,1969 2928,1970 2970,1971"/>
                <TextEquiv>
                    <Unicode>Mathildensaales einen von der ersten bis zurletzten M</Unicode>
                </TextEquiv>
            </TextLine>
            <TextLine id="r1l40" custom="readingOrder {index:39;}">
                <Coords points="479,1965 1639,1973 1634,1939 480,1923"/>
                <Baseline points="487,1961 544,1962 601,1962 658,1963 715,1964 772,1965 829,1966 886,1967 943,1968 1000,1969 1058,1970 1115,1971 1172,1972 1229,1973 1286,1974 1343,1975 1400,1976 1457,1977 1514,1978 1571,1979 1629,1980"/>
                <TextEquiv>
                    <Unicode>über „Das junge Oesterreich“. In der ihm eigenen</Unicode>
                </TextEquiv>
            </TextLine>
            <TextLine id="r1l41" custom="readingOrder {index:40;}">
                <Coords points="2127,1972 2814,1997 2905,2023 2988,2011 2990,1971 2128,1951"/>
                <Baseline points="2136,1971 2178,1973 2220,1975 2262,1976 2304,1978 2346,1980 2388,1981 2431,1983 2473,1985 2515,1986 2557,1988 2599,1990 2641,1992 2683,1994 2726,1995 2768,1997 2810,1999 2852,2001 2894,2003 2936,2004 2979,2007"/>
                <TextEquiv>
                    <Unicode>genußreichen Abend: Hermann Bahr, der geistr</Unicode>
                </TextEquiv>
            </TextLine>
            <TextLine id="r1l42" custom="readingOrder {index:41;}">
                <Coords points="489,2004 1596,2035 1630,1996 489,1969"/>
                <Baseline points="498,2005 554,2005 610,2006 666,2006 722,2007 778,2008 834,2008 891,2009 947,2010 1003,2010 1059,2011 1115,2012 1171,2013 1227,2014 1284,2015 1340,2016 1396,2017 1452,2018 1508,2020 1564,2021 1621,2022"/>
                <TextEquiv>
                    <Unicode>ironisirenden Weise schilderte er die verschiedenen Phasen der</Unicode>
                </TextEquiv>
            </TextLine>
            <TextLine id="r1l43" custom="readingOrder {index:42;}">
                <Coords points="2496,2028 2993,2043 3011,2058 3027,2015 2928,2006 2904,2024 2815,1998 2718,2007 2695,1993 2654,2009 2497,1991"/>
                <Baseline points="2505,2026 2530,2026 2556,2028 2581,2029 2607,2031 2633,2032 2658,2033 2684,2034 2709,2035 2735,2036 2761,2036 2786,2037 2812,2038 2837,2039 2863,2040 2889,2041 2914,2042 2940,2043 2965,2044 2991,2045 3017,2046"/>
                <TextEquiv>
                    <Unicode>s Wien gekommen, um über de</Unicode>
                </TextEquiv>
            </TextLine>
            <TextLine id="r1l44" custom="readingOrder {index:43;}">
                <Coords points="2154,2056 2170,2051 2182,2057 2238,2054 2264,2062 2283,2057 2291,2064 2302,2063 2303,2016 2254,2018 2236,2027 2198,2015 2181,2020 2172,2011 2155,2018"/>
                <Baseline points="2162,2049 2188,2050 2214,2051 2241,2051 2267,2052 2294,2051"/>
                <TextEquiv>
                    <Unicode>literarisch</Unicode>
                </TextEquiv>
            </TextLine>
            <TextLine id="r1l45" custom="readingOrder {index:44;}">
                <Coords points="488,2050 1622,2090 1644,2028 488,2017"/>
                <Baseline points="497,2048 553,2048 610,2049 667,2049 724,2050 781,2051 838,2052 895,2053 952,2054 1009,2055 1066,2056 1122,2057 1179,2059 1236,2059 1293,2060 1350,2061 1407,2062 1464,2062 1521,2063 1578,2063 1635,2063"/>
                <TextEquiv>
                    <Unicode>literarischen Bewegung Jung=O#sterreichs; mit geistvollem</Unicode>
                </TextEquiv>
            </TextLine>
            <TextLine id="r1l46" custom="readingOrder {index:45;}">
                <Coords points="2526,2069 3057,2096 3059,2052 2527,2029"/>
                <Baseline points="2535,2063 2560,2064 2586,2066 2612,2066 2637,2068 2663,2069 2689,2071 2714,2072 2740,2073 2766,2075 2792,2076 2817,2077 2843,2078 2869,2079 2894,2081 2920,2082 2946,2083 2971,2084 2997,2084 3023,2085 3049,2086"/>
                <TextEquiv>
                    <Unicode>erreich zu sprechen. In seinem</Unicode>
                </TextEquiv>
            </TextLine>
            <TextLine id="r1l47" custom="readingOrder {index:46;}">
                <Coords points="482,2087 1637,2130 1638,2071 482,2047"/>
                <Baseline points="491,2089 547,2090 604,2091 661,2091 718,2092 775,2093 832,2094 889,2094 946,2095 1003,2096 1060,2097 1116,2098 1173,2099 1230,2100 1287,2101 1344,2102 1401,2103 1458,2104 1515,2106 1572,2107 1629,2109"/>
                <TextEquiv>
                    <Unicode>Spott geißelte er die Irrfahrten der jungen Stürmer und</Unicode>
                </TextEquiv>
            </TextLine>
            <TextLine id="r1l48" custom="readingOrder {index:47;}">
                <Coords points="2556,2102 2613,2115 2649,2102 2742,2126 2767,2104 2789,2121 2978,2117 3035,2132 3075,2128 3077,2093 2558,2065"/>
                <Baseline points="2565,2102 2590,2102 2615,2103 2640,2104 2665,2105 2690,2107 2715,2108 2740,2109 2765,2111 2790,2112 2816,2114 2841,2115 2866,2117 2891,2117 2916,2119 2941,2119 2966,2120 2991,2121 3016,2121 3041,2120 3067,2120"/>
                <TextEquiv>
                    <Unicode>Bahr darauf hin, wie die Ver¬</Unicode>
                </TextEquiv>
            </TextLine>
            <TextLine id="r1l49" custom="readingOrder {index:48;}">
                <Coords points="480,2133 1633,2143 1633,2097 481,2087"/>
                <Baseline points="489,2135 545,2134 602,2134 659,2134 716,2134 772,2135 829,2135 886,2136 943,2137 999,2137 1056,2138 1113,2139 1170,2140 1226,2141 1283,2143 1340,2144 1397,2145 1453,2146 1510,2147 1567,2148 1624,2149"/>
                <TextEquiv>
                    <Unicode>Dränger, die „anders sein wollten als die Anderen“ die nach</Unicode>
                </TextEquiv>
            </TextLine>
            <TextLine id="r1l50" custom="readingOrder {index:49;}">
                <Coords points="2583,2145 2758,2161 2922,2153 2945,2166 2992,2154 3014,2168 3076,2146 3077,2132 3049,2119 3035,2131 2788,2121 2767,2104 2742,2128 2695,2110 2584,2108"/>
                <Baseline points="2591,2142 2616,2142 2641,2142 2666,2143 2691,2143 2716,2145 2741,2146 2766,2147 2791,2148 2816,2150 2841,2152 2866,2153 2891,2154 2916,2155 2941,2155 2966,2156 2991,2155 3016,2155 3041,2153 3067,2152"/>
                <TextEquiv>
                    <Unicode>erarischen Oesterreich sich be¬</Unicode>
                </TextEquiv>
            </TextLine>
            <TextLine id="r1l51" custom="readingOrder {index:50;}">
                <Coords points="487,2184 1549,2206 1631,2187 1632,2141 1483,2163 1449,2133 1357,2168 488,2144"/>
                <Baseline points="496,2174 552,2175 608,2176 665,2177 721,2178 777,2178 834,2179 890,2180 946,2181 1003,2182 1059,2183 1115,2184 1172,2185 1228,2186 1284,2187 1341,2187 1397,2188 1453,2189 1510,2190 1566,2191 1623,2192"/>
                <TextEquiv>
                    <Unicode>unerhörten Sensationen, nach neuen Nuancen haschten, um</Unicode>
                </TextEquiv>
            </TextLine>
            <TextLine id="r1l52" custom="readingOrder {index:51;}">
                <Coords points="2527,2180 3063,2202 3064,2176 2994,2156 2759,2163 2566,2148 2529,2129"/>
                <Baseline points="2535,2177 2561,2178 2587,2178 2613,2178 2639,2180 2665,2181 2691,2182 2717,2183 2743,2185 2769,2186 2795,2188 2821,2189 2847,2190 2873,2191 2899,2192 2925,2193 2951,2194 2977,2194 3003,2194 3029,2194 3055,2193"/>
                <TextEquiv>
                    <Unicode>vie die Andern, und dabei in Nach¬</Unicode>
                </TextEquiv>
            </TextLine>
            <TextLine id="r1l53" custom="readingOrder {index:52;}">
                <Coords points="485,2215 1620,2246 1631,2186 485,2180"/>
                <Baseline points="493,2220 549,2220 605,2220 662,2220 718,2220 775,2221 831,2221 887,2222 944,2223 1000,2224 1057,2225 1113,2226 1169,2227 1226,2228 1282,2229 1339,2230 1395,2231 1451,2232 1508,2232 1564,2233 1621,2233"/>
                <TextEquiv>
                    <Unicode>schließlich doch den richtigen Boden für ihr Schaffen und</Unicode>
                </TextEquiv>
            </TextLine>
            <TextLine id="r1l54" custom="readingOrder {index:53;}">
                <Coords points="2620,2226 3050,2246 3070,2240 3071,2207 2621,2186"/>
                <Baseline points="2629,2220 2654,2220 2679,2221 2705,2221 2730,2223 2756,2224 2781,2225 2806,2226 2832,2227 2857,2227 2883,2228 2908,2230 2933,2230 2959,2231 2984,2231 3010,2231 3035,2231 3061,2231"/>
                <TextEquiv>
                    <Unicode>verfielen, bis schließlich die</Unicode>
                </TextEquiv>
            </TextLine>
            <TextLine id="r1l55" custom="readingOrder {index:54;}">
                <Coords points="2587,2269 2624,2258 2737,2272 2769,2256 2833,2281 2905,2271 3049,2288 3063,2285 3065,2242 2589,2222"/>
                <Baseline points="2597,2254 2622,2255 2647,2256 2673,2258 2698,2259 2724,2260 2749,2261 2775,2262 2800,2263 2826,2264 2851,2265 2876,2266 2902,2267 2927,2267 2953,2268 2978,2268 3004,2269 3029,2269 3055,2269"/>
                <TextEquiv>
                    <Unicode>ahn brach, daß man etwas</Unicode>
                </TextEquiv>
            </TextLine>
            <TextLine id="r1l56" custom="readingOrder {index:55;}">
                <Coords points="486,2266 1629,2269 1568,2235 487,2221"/>
                <Baseline points="495,2262 551,2262 607,2263 663,2263 719,2264 776,2264 832,2265 888,2266 944,2266 1000,2267 1057,2268 1113,2268 1169,2269 1225,2270 1281,2271 1338,2272 1394,2273 1450,2274 1506,2274 1562,2275 1619,2277"/>
                <TextEquiv>
                    <Unicode>damit zugleich die Grenzen ihres Könnens zu entdecken. Und</Unicode>
                </TextEquiv>
            </TextLine>
            <TextLine id="r1l57" custom="readingOrder {index:56;}">
                <Coords points="2696,2306 2739,2292 2757,2309 2812,2303 2825,2316 2852,2303 2869,2316 2958,2305 2982,2320 3003,2309 3068,2321 3069,2285 3010,2276 2954,2286 2912,2272 2782,2268 2766,2256 2734,2273 2698,2266"/>
                <Baseline points="2705,2296 2730,2297 2755,2298 2781,2298 2806,2300 2831,2301 2857,2302 2882,2303 2907,2303 2933,2304 2958,2305 2983,2306 3009,2307 3034,2308 3060,2309"/>
                <TextEquiv>
                    <Unicode>nd treffe, wenn man</Unicode>
                </TextEquiv>
            </TextLine>
            <TextLine id="r1l58" custom="readingOrder {index:57;}">
                <Coords points="489,2316 1540,2334 1636,2316 1637,2268 489,2265"/>
                <Baseline points="498,2302 554,2303 611,2304 667,2304 724,2305 780,2306 837,2307 893,2308 950,2309 1006,2310 1063,2311 1119,2312 1176,2313 1232,2314 1289,2314 1345,2315 1402,2316 1458,2316 1515,2316 1571,2316 1628,2316"/>
                <TextEquiv>
                    <Unicode>dieser Boden ist der ihrer Heimath, der schönen Kaiserstadt</Unicode>
                </TextEquiv>
            </TextLine>
            <TextLine id="r1l59" custom="readingOrder {index:58;}">
                <Coords points="2697,2339 2726,2349 2855,2344 2883,2357 2927,2340 2968,2364 2988,2349 3005,2359 3019,2350 3058,2368 3061,2316 2792,2310 2772,2298 2755,2308 2739,2292 2698,2306"/>
                <Baseline points="2705,2338 2731,2337 2758,2337 2784,2337 2811,2338 2837,2340 2864,2342 2890,2343 2917,2344 2943,2346 2970,2347 2996,2348 3023,2348 3050,2347"/>
                <TextEquiv>
                    <Unicode>empfinde und schaffe.</Unicode>
                </TextEquiv>
            </TextLine>
            <TextLine id="r1l60" custom="readingOrder {index:59;}">
                <Coords points="483,2346 1586,2376 1634,2316 483,2325"/>
                <Baseline points="491,2348 547,2347 604,2348 661,2348 717,2348 774,2349 831,2349 887,2350 944,2351 1001,2352 1058,2353 1114,2354 1171,2355 1228,2356 1284,2357 1341,2358 1398,2359 1454,2360 1511,2361 1568,2362 1625,2363"/>
                <TextEquiv>
                    <Unicode>an der Donau. Aus dem Milien der Phäakenstadt holten</Unicode>
                </TextEquiv>
            </TextLine>
            <TextLine id="r1l61" custom="readingOrder {index:60;}">
                <Coords points="2698,2377 2725,2391 2790,2376 2809,2394 2830,2380 2861,2390 2898,2381 2920,2396 2980,2382 3037,2404 3060,2399 3056,2355 2945,2355 2928,2339 2899,2353 2699,2341"/>
                <Baseline points="2706,2375 2732,2375 2759,2376 2785,2376 2812,2377 2838,2379 2865,2380 2891,2381 2918,2382 2944,2383 2971,2384 2997,2385 3024,2385 3051,2385"/>
                <TextEquiv>
                    <Unicode>inem Land für sein</Unicode>
                </TextEquiv>
            </TextLine>
            <TextLine id="r1l62" custom="readingOrder {index:61;}">
                <Coords points="485,2392 1632,2421 1631,2352 1512,2380 486,2353"/>
                <Baseline points="494,2390 550,2389 607,2389 663,2389 720,2389 776,2390 833,2390 889,2391 946,2393 1002,2394 1059,2395 1115,2396 1172,2398 1228,2399 1285,2400 1341,2401 1398,2402 1454,2402 1511,2403 1567,2403 1624,2403"/>
                <TextEquiv>
                    <Unicode>die jungen Wiener Autoren ihre weichen Stimmungen, ihre</Unicode>
                </TextEquiv>
            </TextLine>
            <TextLine id="r1l63" custom="readingOrder {index:62;}">
                <Coords points="2727,2407 2802,2420 2819,2435 2856,2419 2897,2431 2908,2422 3058,2432 3059,2399 3035,2403 3021,2390 3010,2397 2960,2384 2921,2397 2883,2383 2860,2391 2840,2381 2810,2389 2790,2376 2728,2382"/>
                <Baseline points="2736,2411 2762,2412 2788,2413 2814,2414 2840,2415 2866,2416 2892,2417 2918,2418 2944,2419 2970,2420 2996,2421 3022,2422 3049,2423"/>
                <TextEquiv>
                    <Unicode>und Liebe wirken,</Unicode>
                </TextEquiv>
            </TextLine>
            <TextLine id="r1l64" custom="readingOrder {index:63;}">
                <Coords points="486,2432 1317,2465 1635,2441 1611,2409 486,2395"/>
                <Baseline points="494,2434 550,2433 607,2433 663,2433 720,2433 777,2434 833,2435 890,2436 947,2437 1003,2438 1060,2439 1117,2441 1173,2442 1230,2442 1287,2443 1343,2444 1400,2444 1457,2444 1513,2444 1570,2443 1627,2442"/>
                <TextEquiv>
                    <Unicode>graziösen Formen und jenen sinnlichen Reiz, der über dem</Unicode>
                </TextEquiv>
            </TextLine>
            <TextLine id="r1l65" custom="readingOrder {index:64;}">
                <Coords points="2652,2454 2793,2465 2820,2450 2873,2476 2925,2456 3039,2479 3067,2467 3068,2425 3055,2420 3002,2436 2981,2423 2897,2431 2858,2419 2815,2434 2736,2407 2702,2422 2653,2419"/>
                <Baseline points="2662,2449 2688,2450 2714,2452 2741,2453 2767,2454 2794,2455 2820,2456 2846,2457 2873,2458 2899,2459 2926,2459 2952,2459 2978,2460 3005,2460 3031,2460 3058,2459"/>
                <TextEquiv>
                    <Unicode>n Platz sein Werk</Unicode>
                </TextEquiv>
            </TextLine>
            <TextLine id="r1l66" custom="readingOrder {index:65;}">
                <Coords points="477,2491 1356,2505 1633,2493 1634,2456 478,2430"/>
                <Baseline points="486,2469 545,2470 605,2471 665,2473 725,2474 785,2475 845,2477 905,2478 965,2480 1025,2481 1085,2483 1145,2484 1205,2485 1265,2486 1325,2487 1385,2488 1445,2488 1505,2488 1565,2487 1625,2487"/>
                <TextEquiv>
                    <Unicode>Wiener Leben ausgebreitet liegt wie ein feiner, nerven¬</Unicode>
                </TextEquiv>
            </TextLine>
            <TextLine id="r1l67" custom="readingOrder {index:66;}">
                <Coords points="2685,2498 2759,2491 2776,2502 2900,2497 2945,2513 2958,2503 3057,2508 3058,2470 2924,2456 2873,2469 2820,2451 2783,2464 2687,2450"/>
                <Baseline points="2694,2487 2719,2488 2744,2490 2769,2491 2795,2493 2820,2493 2845,2495 2871,2496 2896,2497 2921,2498 2946,2498 2972,2499 2997,2499 3022,2499 3048,2499"/>
                <TextEquiv>
                    <Unicode>Bestliteratur einnehme.</Unicode>
                </TextEquiv>
            </TextLine>
            <TextLine id="r1l68" custom="readingOrder {index:67;}">
                <Coords points="486,2522 1636,2547 1627,2492 487,2472"/>
                <Baseline points="494,2513 550,2514 607,2515 663,2516 720,2517 777,2518 833,2520 890,2521 947,2522 1003,2523 1060,2524 1117,2525 1173,2526 1230,2527 1287,2528 1343,2529 1400,2530 1457,2531 1513,2532 1570,2532 1627,2533"/>
                <TextEquiv>
                    <Unicode>erregender Duft. Aus diesem Milien heraus entstanden die</Unicode>
                </TextEquiv>
            </TextLine>
            <TextLine id="r1l69" custom="readingOrder {index:68;}">
                <Coords points="2599,2528 2646,2528 2652,2533 2687,2529 2696,2535 2742,2529 2755,2540 2773,2535 2774,2499 2759,2491 2690,2500 2659,2486 2645,2495 2624,2485 2600,2488"/>
                <Baseline points="2608,2523 2634,2524 2660,2525 2686,2527 2712,2527 2738,2528 2764,2527"/>
                <TextEquiv>
                    <Unicode>Oesterreich</Unicode>
                </TextEquiv>
            </TextLine>
            <TextLine id="r1l70" custom="readingOrder {index:69;}">
                <Coords points="2850,2543 2869,2537 2888,2546 2913,2541 2928,2554 2942,2543 2979,2542 2994,2550 3014,2545 3047,2554 3047,2510 2981,2513 2957,2503 2948,2512 2931,2505 2922,2510 2901,2497 2851,2500"/>
                <Baseline points="2859,2534 2884,2534 2910,2535 2936,2536 2961,2536 2987,2537 3013,2537 3039,2536"/>
                <TextEquiv>
                    <Unicode>haffen ange¬</Unicode>
                </TextEquiv>
            </TextLine>
            <TextLine id="r1l71" custom="readingOrder {index:70;}">
                <Coords points="2546,2567 2565,2561 2580,2569 2589,2562 2619,2573 2640,2563 2666,2573 2678,2563 2723,2574 2737,2571 2739,2533 2715,2528 2708,2535 2687,2529 2591,2531 2584,2524 2575,2530 2548,2522"/>
                <Baseline points="2554,2557 2579,2559 2604,2560 2629,2562 2654,2562 2679,2564 2704,2565 2729,2566"/>
                <TextEquiv>
                    <Unicode>Erfolges besch</Unicode>
                </TextEquiv>
            </TextLine>
            <TextLine id="r1l72" custom="readingOrder {index:71;}">
                <Coords points="480,2563 1359,2559 1634,2596 1634,2547 1547,2533 480,2532"/>
                <Baseline points="489,2560 545,2560 602,2561 659,2562 716,2562 773,2563 829,2564 886,2564 943,2565 1000,2566 1057,2566 1113,2567 1170,2568 1227,2569 1284,2570 1341,2571 1397,2572 1454,2573 1511,2574 1568,2575 1625,2576"/>
                <TextEquiv>
                    <Unicode>Geschichten von den „lieben, füßen Mädeln“ die Anatol¬</Unicode>
                </TextEquiv>
            </TextLine>
            <TextLine id="r1l73" custom="readingOrder {index:72;}">
                <Coords points="2877,2579 2914,2581 2926,2575 2955,2587 2964,2580 2976,2587 2987,2580 3008,2580 3048,2596 3048,2546 2990,2549 2973,2542 2929,2552 2912,2541 2877,2543"/>
                <Baseline points="2885,2573 2910,2574 2936,2575 2962,2576 2987,2576 3013,2575 3039,2573"/>
                <TextEquiv>
                    <Unicode>hne andere</Unicode>
                </TextEquiv>
            </TextLine>
            <TextLine id="r1l74" custom="readingOrder {index:73;}">
                <Coords points="2542,2600 2564,2601 2571,2609 2585,2606 2592,2613 2625,2610 2636,2603 2648,2609 2667,2605 2689,2617 2698,2612 2714,2615 2716,2573 2700,2577 2678,2564 2666,2572 2640,2564 2618,2573 2589,2562 2580,2569 2565,2561 2556,2568 2544,2565"/>
                <Baseline points="2551,2596 2576,2598 2602,2599 2628,2600 2653,2601 2679,2603 2705,2606"/>
                <TextEquiv>
                    <Unicode>wie Gerha</Unicode>
                </TextEquiv>
            </TextLine>
            <TextLine id="r1l75" custom="readingOrder {index:74;}">
                <Coords points="480,2597 1639,2649 1640,2588 1462,2571 481,2559"/>
                <Baseline points="489,2597 546,2599 603,2601 660,2603 717,2604 774,2606 831,2607 888,2608 945,2609 1002,2610 1060,2610 1117,2611 1174,2612 1231,2612 1288,2613 1345,2613 1402,2614 1459,2615 1516,2616 1573,2617 1631,2618"/>
                <TextEquiv>
                    <Unicode>Skizzen Arthur Schnitzlers und prunkenden, sammete igen</Unicode>
                </TextEquiv>
            </TextLine>
            <TextLine id="r1l76" custom="readingOrder {index:75;}">
                <Coords points="2964,2611 2973,2611 2985,2618 3002,2619 3007,2623 3019,2619 3023,2623 3028,2621 3046,2624 3046,2596 3038,2596 3026,2583 3021,2581 3017,2585 3005,2579 2991,2584 2986,2580 2977,2588 2965,2588"/>
                <Baseline points="2973,2610 3005,2612 3037,2612"/>
                <TextEquiv>
                    <Unicode> in</Unicode>
                </TextEquiv>
            </TextLine>
            <TextLine id="r1l77" custom="readingOrder {index:76;}">
                <Coords points="2129,2628 2148,2626 2157,2619 2174,2628 2181,2623 2186,2628 2242,2628 2254,2634 2296,2623 2296,2594 2279,2594 2272,2587 2234,2581 2220,2592 2209,2588 2201,2593 2194,2586 2183,2593 2176,2586 2166,2591 2159,2584 2129,2581"/>
                <Baseline points="2137,2618 2162,2619 2187,2620 2212,2620 2237,2619 2262,2619 2287,2620"/>
                <TextEquiv>
                    <Unicode>ihrem Wer</Unicode>
                </TextEquiv>
            </TextLine>
            <TextLine id="r1l78" custom="readingOrder {index:77;}">
                <Coords points="2407,2633 2487,2634 2538,2650 2558,2637 2589,2646 2623,2640 2708,2654 2710,2614 2687,2620 2642,2603 2593,2613 2507,2588 2464,2600 2409,2595"/>
                <Baseline points="2415,2626 2440,2627 2466,2629 2492,2630 2518,2632 2544,2633 2569,2635 2595,2637 2621,2638 2647,2639 2673,2640 2699,2642"/>
                <TextEquiv>
                    <Unicode>nterschätzen, aber al</Unicode>
                </TextEquiv>
            </TextLine>
            <TextLine id="r1l79" custom="readingOrder {index:78;}">
                <Coords points="482,2648 1487,2675 1632,2647 483,2599"/>
                <Baseline points="491,2640 547,2642 604,2644 660,2646 717,2647 774,2648 830,2649 887,2650 943,2651 1000,2651 1057,2652 1113,2652 1170,2653 1226,2654 1283,2654 1340,2655 1396,2656 1453,2657 1509,2659 1566,2661 1623,2663"/>
                <TextEquiv>
                    <Unicode>Verse Lori's. Die Kraft der jungen Wiener Poeten# irzelt:</Unicode>
                </TextEquiv>
            </TextLine>
            <TextLine id="r1l80" custom="readingOrder {index:79;}">
                <Coords points="2126,2659 2720,2688 2734,2647 2127,2631"/>
                <Baseline points="2135,2656 2164,2656 2193,2656 2223,2656 2252,2657 2282,2658 2311,2659 2341,2660 2370,2662 2400,2664 2429,2665 2458,2667 2488,2669 2517,2670 2547,2672 2576,2674 2606,2675 2635,2677 2665,2678 2694,2678 2724,2679"/>
                <TextEquiv>
                    <Unicode>ahmen. Die literarischen Proben vol</Unicode>
                </TextEquiv>
            </TextLine>
            <TextLine id="r1l81" custom="readingOrder {index:80;}">
                <Coords points="470,2696 1640,2725 1620,2662 471,2642"/>
                <Baseline points="479,2687 536,2687 594,2688 651,2688 709,2689 767,2689 824,2690 882,2691 939,2691 997,2692 1055,2693 1112,2694 1170,2695 1227,2696 1285,2697 1343,2698 1400,2699 1458,2700 1515,2701 1573,2702 1631,2703"/>
                <TextEquiv>
                    <Unicode>in ihrer Liebe zur Heimath. Und nur von diesem Sta# punkt</Unicode>
                </TextEquiv>
            </TextLine>
            <TextLine id="r1l82" custom="readingOrder {index:81;}">
                <Coords points="2119,2697 2746,2731 2748,2684 2120,2662"/>
                <Baseline points="2128,2695 2158,2695 2189,2695 2219,2696 2250,2696 2280,2697 2311,2699 2341,2700 2372,2702 2402,2703 2433,2705 2463,2706 2494,2708 2524,2710 2555,2712 2585,2713 2616,2714 2646,2716 2677,2717 2707,2718 2738,2719"/>
                <TextEquiv>
                    <Unicode>die Bahr seinem lichtvollen Vortrag fol</Unicode>
                </TextEquiv>
            </TextLine>
            <TextLine id="r1l83" custom="readingOrder {index:82;}">
                <Coords points="470,2725 1628,2759 1628,2721 1486,2703 471,2702"/>
                <Baseline points="479,2729 536,2729 593,2730 650,2731 707,2731 764,2732 821,2733 878,2733 935,2734 992,2735 1049,2736 1106,2737 1163,2738 1220,2739 1277,2740 1334,2741 1391,2742 1448,2743 1505,2745 1562,2746 1619,2748"/>
                <TextEquiv>
                    <Unicode>laus kann nan ihre Bedeutung erfassen und ihre Stellung in</Unicode>
                </TextEquiv>
            </TextLine>
            <TextLine id="r1l84" custom="readingOrder {index:83;}">
                <Coords points="2113,2734 2714,2767 2761,2762 2763,2729 2115,2699"/>
                <Baseline points="2122,2729 2153,2732 2185,2734 2216,2736 2248,2739 2279,2740 2311,2742 2342,2743 2374,2746 2405,2747 2437,2748 2469,2749 2500,2750 2532,2752 2563,2753 2595,2754 2626,2755 2658,2756 2689,2758 2721,2759 2753,2760"/>
                <TextEquiv>
                    <Unicode>mit Artbur Schuitlers „Die Todt</Unicode>
                </TextEquiv>
            </TextLine>
            <TextLine id="r1l85" custom="readingOrder {index:84;}">
                <Coords points="471,2770 718,2794 844,2771 1064,2793 1095,2774 1147,2801 1306,2784 1306,2756 1204,2737 848,2752 472,2725"/>
                <Baseline points="480,2773 520,2773 561,2773 602,2773 643,2773 684,2774 725,2774 765,2775 806,2775 847,2776 888,2777 929,2777 970,2778 1011,2779 1051,2779 1092,2780 1133,2780 1174,2781 1215,2781 1256,2781 1297,2781"/>
                <TextEquiv>
                    <Unicode>der Literatur der Gegenwart bestimmen.</Unicode>
                </TextEquiv>
            </TextLine>
            <TextLine id="r1l86" custom="readingOrder {index:85;}">
                <Coords points="2105,2769 2803,2807 2805,2761 2106,2732"/>
                <Baseline points="2113,2770 2147,2771 2181,2772 2215,2773 2249,2774 2283,2775 2317,2777 2351,2778 2385,2779 2419,2781 2453,2782 2487,2784 2521,2786 2555,2788 2589,2789 2623,2791 2657,2793 2691,2794 2725,2796 2759,2797 2794,2799"/>
                <TextEquiv>
                    <Unicode>einer Novelle, die den pfischologischen Konf</Unicode>
                </TextEquiv>
            </TextLine>
            <TextLine id="r1l87" custom="readingOrder {index:86;}">
                <Coords points="1328,2783 1349,2796 1373,2788 1399,2801 1487,2791 1504,2802 1541,2787 1593,2798 1632,2792 1632,2762 1584,2748 1552,2765 1484,2763 1436,2746 1402,2754 1391,2743 1329,2760"/>
                <Baseline points="1337,2780 1363,2781 1389,2782 1415,2784 1441,2785 1467,2786 1493,2787 1519,2787 1545,2787 1571,2788 1597,2788 1623,2788"/>
                <TextEquiv>
                    <Unicode>Gleichsam als</Unicode>
                </TextEquiv>
            </TextLine>
            <TextLine id="r1l88" custom="readingOrder {index:87;}">
                <Coords points="2098,2821 2883,2843 2884,2806 2853,2798 2100,2778"/>
                <Baseline points="2107,2808 2145,2808 2183,2809 2222,2810 2260,2812 2298,2813 2337,2814 2375,2816 2413,2818 2452,2819 2490,2822 2528,2824 2567,2826 2605,2827 2643,2829 2682,2832 2720,2833 2758,2835 2797,2837 2835,2838 2874,2839"/>
                <TextEquiv>
                    <Unicode>kühn erfaßzt und in nackender Schilderung den Hör</Unicode>
                </TextEquiv>
            </TextLine>
            <TextLine id="r1l89" custom="readingOrder {index:88;}">
                <Coords points="455,2813 1634,2843 1634,2791 455,2785"/>
                <Baseline points="463,2818 521,2818 579,2818 637,2818 695,2819 753,2819 811,2820 869,2820 927,2821 985,2822 1044,2823 1102,2823 1160,2824 1218,2825 1276,2826 1334,2826 1392,2827 1450,2828 1508,2828 1566,2829 1625,2829"/>
                <TextEquiv>
                    <Unicode> Illustration zu seinen interessanten Ausführungen gal Bahr</Unicode>
                </TextEquiv>
            </TextLine>
            <TextLine id="r1l90" custom="readingOrder {index:89;}">
                <Coords points="2982,2852 2991,2851 2999,2847 3004,2847 3013,2852 3027,2839 3042,2840 3041,2810 3022,2813 3019,2817 3015,2814 3006,2816 2999,2811 2997,2813 2994,2811 2980,2812"/>
                <Baseline points="2990,2842 3034,2840"/>
                <TextEquiv>
                    <Unicode>In¬</Unicode>
                </TextEquiv>
            </TextLine>
            <TextLine id="r1l91" custom="readingOrder {index:90;}">
                <Coords points="2109,2848 2987,2881 3030,2905 3049,2859 2110,2815"/>
                <Baseline points="2117,2845 2163,2847 2209,2849 2255,2851 2301,2853 2347,2855 2393,2857 2439,2859 2485,2861 2531,2863 2578,2865 2624,2867 2670,2869 2716,2871 2762,2872 2808,2874 2854,2875 2900,2877 2946,2878 2992,2879 3039,2880"/>
                <TextEquiv>
                    <Unicode>verminderter Spannung erhält, namentlich bei einem so</Unicode>
                </TextEquiv>
            </TextLine>
            <TextLine id="r1l92" custom="readingOrder {index:91;}">
                <Coords points="443,2872 1275,2881 1328,2910 1579,2904 1605,2864 606,2841 444,2806"/>
                <Baseline points="451,2867 508,2868 565,2869 622,2871 679,2872 737,2873 794,2874 851,2876 908,2877 965,2878 1023,2879 1080,2880 1137,2882 1194,2883 1251,2885 1309,2886 1366,2887 1423,2889 1480,2891 1537,2892 1595,2894"/>
                <TextEquiv>
                    <Unicode>ldrei Proben, und zwar die in „Cosmopolis“ erschienene No¬</Unicode>
                </TextEquiv>
            </TextLine>
            <TextLine id="r1l93" custom="readingOrder {index:92;}">
                <Coords points="2101,2891 2984,2933 3029,2931 3031,2897 2102,2863"/>
                <Baseline points="2109,2885 2154,2886 2200,2887 2245,2889 2291,2891 2337,2893 2382,2895 2428,2897 2473,2899 2519,2901 2565,2903 2610,2905 2656,2908 2701,2910 2747,2911 2793,2913 2838,2915 2884,2916 2929,2918 2975,2919 3021,2920"/>
                <TextEquiv>
                    <Unicode>vorzüglichen Interpreten wie der Vortragende. Die Schil¬</Unicode>
                </TextEquiv>
            </TextLine>
            <TextLine id="r1l94" custom="readingOrder {index:93;}">
                <Coords points="452,2921 1456,2956 1620,2951 1621,2914 453,2872"/>
                <Baseline points="461,2911 518,2912 576,2913 633,2914 691,2915 748,2916 806,2917 863,2918 921,2919 978,2920 1036,2921 1094,2922 1151,2924 1209,2925 1266,2927 1324,2929 1381,2931 1439,2933 1496,2936 1554,2939 1612,2941"/>
                <TextEquiv>
                    <Unicode>welle „Die Todten schweigen“ von Acbur=Schuibler.</Unicode>
                </TextEquiv>
            </TextLine>
            <TextLine id="r1l95" custom="readingOrder {index:94;}">
                <Coords points="2097,2908 2227,2941 2990,2971 3043,2954 3045,2913 2098,2892"/>
                <Baseline points="2105,2922 2151,2924 2197,2925 2244,2927 2290,2929 2337,2931 2383,2933 2430,2934 2476,2936 2523,2938 2569,2941 2615,2943 2662,2945 2708,2947 2755,2949 2801,2950 2848,2952 2894,2954 2941,2956 2987,2957 3034,2958"/>
                <TextEquiv>
                    <Unicode>derungen von Felir Salten aus dem Wurschtltheater</Unicode>
                </TextEquiv>
            </TextLine>
            <TextLine id="r1l96" custom="readingOrder {index:95;}">
                <Coords points="438,2964 540,2937 1296,2987 1337,2958 1568,2994 1605,2951 439,2919"/>
                <Baseline points="447,2953 504,2954 561,2954 619,2955 676,2956 734,2957 791,2958 848,2960 906,2961 963,2962 1021,2964 1078,2965 1135,2967 1193,2969 1250,2971 1308,2973 1365,2975 1422,2976 1480,2978 1537,2979 1595,2981"/>
                <TextEquiv>
                    <Unicode>sein Kabinetstück psychologischer Kleinkunst, eine Skizze</Unicode>
                </TextEquiv>
            </TextLine>
            <TextLine id="r1l97" custom="readingOrder {index:96;}">
                <Coords points="2106,2954 3026,3002 3027,2964 2942,2955 2107,2928"/>
                <Baseline points="2115,2959 2160,2961 2205,2963 2250,2965 2295,2967 2340,2969 2385,2971 2430,2973 2475,2976 2520,2978 2566,2980 2611,2983 2656,2985 2701,2987 2746,2988 2791,2990 2836,2991 2881,2993 2926,2993 2971,2994 3017,2994"/>
                <TextEquiv>
                    <Unicode>trafen, wenn auch Minderwerthiges mit unterlief, mit er¬</Unicode>
                </TextEquiv>
            </TextLine>
            <TextLine id="r1l98" custom="readingOrder {index:97;}">
                <Coords points="458,3005 1612,3040 1613,2984 459,2961"/>
                <Baseline points="467,2996 523,2997 580,2998 637,2998 694,2999 751,3000 807,3001 864,3003 921,3004 978,3005 1035,3007 1091,3008 1148,3010 1205,3011 1262,3013 1319,3015 1375,3017 1432,3019 1489,3021 1546,3023 1603,3025"/>
                <TextEquiv>
                    <Unicode>[„Wurstelprater“ von Felix Salten und „Die schöne</Unicode>
                </TextEquiv>
            </TextLine>
            <TextLine id="r1l99" custom="readingOrder {index:98;}">
                <Coords points="2111,3012 2874,3044 3024,3041 3026,2997 2113,2963"/>
                <Baseline points="2121,2996 2165,2998 2210,3000 2255,3002 2299,3004 2344,3007 2389,3009 2433,3011 2478,3013 2523,3016 2568,3018 2612,3020 2657,3022 2702,3024 2746,3026 2791,3028 2836,3029 2880,3031 2925,3032 2970,3033 3015,3034"/>
                <TextEquiv>
                    <Unicode>frischendem Humor das Wiener Milien. Die heitere Stimm¬</Unicode>
                </TextEquiv>
            </TextLine>
            <TextLine id="r1l100" custom="readingOrder {index:99;}">
                <Coords points="369,3063 381,3061 388,3064 405,3055 416,3056 421,3061 431,3056 442,3059 456,3057 454,3008 437,3007 434,3011 410,2997 400,3001 393,2996 384,2998 367,2993"/>
                <Baseline points="377,3047 412,3045 447,3045"/>
                <TextEquiv>
                    <Unicode>Für</Unicode>
                </TextEquiv>
            </TextLine>
            <TextLine id="r1l101" custom="readingOrder {index:100;}">
                <Coords points="1827,3047 2958,3084 3026,3076 3028,3038 1829,2994"/>
                <Baseline points="1836,3037 1895,3035 1954,3034 2013,3034 2072,3035 2131,3036 2190,3038 2249,3040 2308,3043 2367,3046 2427,3049 2486,3052 2545,3055 2604,3059 2663,3062 2722,3065 2781,3067 2840,3069 2899,3070 2958,3071 3018,3070"/>
                <TextEquiv>
                    <Unicode>Für 50 Zeitu ung des Anditoriums erreichte iyren Höhepunkt, als Herr</Unicode>
                </TextEquiv>
            </TextLine>
            <TextLine id="r1l102" custom="readingOrder {index:101;}">
                <Coords points="3044,3059 3058,3058 3075,3068 3095,3054 3120,3062 3130,3056 3163,3055 3176,3065 3183,3061 3209,3072 3206,3008 3187,3014 3164,3002 3149,3017 3137,3016 3129,3025 3109,3022 3091,3034 3062,3021 3043,3024"/>
                <Baseline points="3053,3055 3082,3054 3111,3052 3141,3050 3170,3049 3200,3050"/>
                <TextEquiv>
                    <Unicode>inclusive</Unicode>
                </TextEquiv>
            </TextLine>
            <TextLine id="r1l103" custom="readingOrder {index:102;}">
                <Coords points="452,3036 1733,3079 1734,3037 1461,3020 453,3005"/>
                <Baseline points="461,3041 524,3041 587,3041 650,3041 713,3042 777,3043 840,3044 903,3046 966,3047 1029,3049 1093,3051 1156,3053 1219,3055 1282,3057 1345,3059 1409,3061 1472,3063 1535,3065 1598,3066 1661,3067 1725,3068"/>
                <TextEquiv>
                    <Unicode>Frau“ ein übermüthiges Capriccio von dem Antor Bahr. slusive</Unicode>
                </TextEquiv>
            </TextLine>
            <TextLine id="r1l104" custom="readingOrder {index:103;}">
                <Coords points="1919,3088 1930,3089 1940,3079 1959,3083 1976,3079 1980,3082 1994,3080 1997,3076 2016,3075 2014,3042 2004,3041 1997,3045 1985,3040 1974,3044 1960,3042 1955,3037 1950,3042 1946,3039 1933,3047 1927,3042 1917,3044"/>
                <Baseline points="1927,3077 1954,3075 1981,3074 2008,3072"/>
                <TextEquiv>
                    <Unicode>100</Unicode>
                </TextEquiv>
            </TextLine>
            <TextLine id="r1l105" custom="readingOrder {index:104;}">
                <Coords points="3064,3087 3076,3083 3097,3086 3102,3080 3109,3087 3118,3083 3125,3088 3133,3080 3157,3092 3162,3086 3198,3086 3197,3055 3108,3059 3092,3054 3075,3067 3063,3068"/>
                <Baseline points="3072,3084 3101,3082 3131,3079 3160,3078 3190,3080"/>
                <TextEquiv>
                    <Unicode>Porto.</Unicode>
                </TextEquiv>
            </TextLine>
            <TextLine id="r1l106" custom="readingOrder {index:105;}">
                <Coords points="2111,3076 3013,3126 3031,3075 2112,3037"/>
                <Baseline points="2119,3070 2164,3074 2209,3077 2254,3079 2299,3082 2344,3085 2389,3087 2434,3090 2479,3092 2524,3093 2570,3096 2615,3098 2660,3100 2705,3101 2750,3103 2795,3104 2840,3106 2885,3108 2930,3109 2975,3110 3021,3112"/>
                <TextEquiv>
                    <Unicode>Bahr sein eigenes Opus „Die schöne Frau“ las, das durch</Unicode>
                </TextEquiv>
            </TextLine>
            <TextLine id="r1l107" custom="readingOrder {index:106;}">
                <Coords points="1587,3104 1596,3104 1601,3098 1618,3100 1627,3096 1632,3101 1671,3099 1680,3108 1698,3097 1714,3100 1714,3084 1691,3083 1675,3071 1657,3074 1586,3071"/>
                <Baseline points="1596,3100 1623,3097 1651,3096 1678,3095 1706,3096"/>
                <TextEquiv>
                    <Unicode>Porto.</Unicode>
                </TextEquiv>
            </TextLine>
            <TextLine id="r1l108" custom="readingOrder {index:107;}">
                <Coords points="441,3076 1733,3129 1438,3062 443,3038"/>
                <Baseline points="450,3081 513,3082 577,3083 640,3085 704,3086 768,3087 831,3088 895,3089 959,3090 1022,3091 1086,3092 1150,3094 1213,3096 1277,3098 1341,3101 1404,3105 1468,3108 1532,3113 1595,3118 1659,3123 1723,3129"/>
                <TextEquiv>
                    <Unicode>[Der Beifall steigerte sich von Rummer zu Rummer; am Zahlbar</Unicode>
                </TextEquiv>
            </TextLine>
            <TextLine id="r1l109" custom="readingOrder {index:108;}">
                <Coords points="3043,3112 3055,3115 3066,3109 3075,3117 3098,3120 3106,3112 3145,3119 3159,3119 3164,3113 3197,3117 3195,3080 3150,3086 3132,3080 3126,3087 3082,3082 3068,3093 3042,3091"/>
                <Baseline points="3052,3110 3079,3110 3106,3109 3133,3106 3160,3105 3188,3106"/>
                <TextEquiv>
                    <Unicode>Zahlbar</Unicode>
                </TextEquiv>
            </TextLine>
            <TextLine id="r1l110" custom="readingOrder {index:109;}">
                <Coords points="1903,3106 1914,3105 1933,3121 1956,3120 1960,3116 1965,3120 1991,3119 2007,3135 2023,3134 2022,3084 1976,3079 1939,3080 1931,3088 1903,3085"/>
                <Baseline points="1913,3117 1938,3113 1963,3113 1988,3114 2014,3112"/>
                <TextEquiv>
                    <Unicode>200</Unicode>
                </TextEquiv>
            </TextLine>
            <TextLine id="r1l111" custom="readingOrder {index:110;}">
                <Coords points="2102,3119 3027,3165 3028,3122 2997,3115 2104,3076"/>
                <Baseline points="2110,3110 2155,3112 2200,3115 2246,3117 2291,3119 2337,3122 2382,3124 2427,3126 2473,3128 2518,3131 2564,3133 2609,3134 2654,3136 2700,3138 2745,3140 2791,3141 2836,3142 2881,3144 2927,3145 2972,3146 3018,3147"/>
                <TextEquiv>
                    <Unicode>seine lokalen Anklänge an München und Schliersee und die</Unicode>
                </TextEquiv>
            </TextLine>
            <TextLine id="r1l112" custom="readingOrder {index:111;}">
                <Coords points="3036,3148 3074,3151 3081,3145 3097,3154 3107,3146 3125,3146 3155,3163 3167,3155 3176,3160 3193,3155 3202,3163 3221,3158 3220,3105 3209,3106 3201,3097 3182,3117 3110,3111 3091,3119 3063,3109 3035,3111"/>
                <Baseline points="3045,3139 3072,3140 3100,3140 3128,3139 3156,3139 3184,3137 3212,3136"/>
                <TextEquiv>
                    <Unicode>im Voraus</Unicode>
                </TextEquiv>
            </TextLine>
            <TextLine id="r1l113" custom="readingOrder {index:112;}">
                <Coords points="443,3127 1713,3186 1753,3180 1755,3117 444,3081"/>
                <Baseline points="451,3124 515,3125 580,3126 645,3127 709,3128 774,3129 839,3131 903,3132 968,3134 1033,3136 1098,3138 1162,3140 1227,3142 1292,3144 1356,3146 1421,3148 1486,3151 1550,3153 1615,3155 1680,3158 1745,3160"/>
                <TextEquiv>
                    <Unicode>Schluß wurde Bahr, der, nebenbei bemerkt, ein ganz vorzüg= im Voraus</Unicode>
                </TextEquiv>
            </TextLine>
            <TextLine id="r1l114" custom="readingOrder {index:113;}">
                <Coords points="1906,3157 1920,3159 1923,3155 1939,3160 1955,3160 1963,3156 1974,3160 1982,3156 1991,3158 2007,3149 2015,3149 2015,3130 2003,3130 1991,3118 1977,3120 1973,3116 1964,3120 1961,3116 1956,3120 1942,3120 1931,3131 1928,3127 1919,3131 1905,3129"/>
                <Baseline points="1915,3152 1945,3154 1976,3152 2007,3152"/>
                <TextEquiv>
                    <Unicode>500</Unicode>
                </TextEquiv>
            </TextLine>
            <TextLine id="r1l115" custom="readingOrder {index:114;}">
                <Coords points="2095,3168 2994,3200 3029,3199 3031,3161 2097,3132"/>
                <Baseline points="2104,3151 2149,3153 2195,3155 2241,3156 2287,3159 2333,3161 2379,3162 2424,3164 2470,3166 2516,3168 2562,3170 2608,3172 2654,3175 2700,3177 2745,3178 2791,3180 2837,3182 2883,3183 2929,3184 2975,3185 3021,3186"/>
                <TextEquiv>
                    <Unicode>gute Copie eines bekannten Theaterdirektors besonders ge¬</Unicode>
                </TextEquiv>
            </TextLine>
            <TextLine id="r1l116" custom="readingOrder {index:115;}">
                <Coords points="436,3166 513,3167 551,3195 1073,3186 1188,3207 1188,3151 1162,3145 437,3126"/>
                <Baseline points="445,3164 481,3165 518,3166 555,3168 592,3169 628,3169 665,3170 702,3171 739,3172 775,3172 812,3173 849,3173 886,3174 922,3174 959,3174 996,3174 1033,3174 1069,3174 1106,3174 1143,3174 1180,3174"/>
                <TextEquiv>
                    <Unicode>licher Vorleser ist, wiederholt gerufen.</Unicode>
                </TextEquiv>
            </TextLine>
            <TextLine id="r1l117" custom="readingOrder {index:116;}">
                <Coords points="1851,3214 1881,3218 1897,3204 1919,3215 1962,3203 1998,3204 2010,3214 2022,3212 2018,3151 1997,3159 1954,3160 1929,3153 1907,3174 1898,3169 1880,3179 1869,3173 1848,3180"/>
                <Baseline points="1859,3203 1884,3201 1909,3199 1935,3198 1960,3196 1985,3194 2011,3193"/>
                <TextEquiv>
                    <Unicode>" 1000</Unicode>
                </TextEquiv>
            </TextLine>
            <TextLine id="r1l118" custom="readingOrder {index:117;}">
                <Coords points="383,3231 411,3230 417,3223 430,3234 442,3225 467,3236 513,3206 525,3216 543,3211 540,3173 519,3175 512,3168 465,3169 459,3164 444,3169 436,3162 420,3176 404,3175 380,3187"/>
                <Baseline points="390,3208 418,3207 447,3205 476,3202 505,3200 534,3201"/>
                <TextEquiv>
                    <Unicode>„ 1000</Unicode>
                </TextEquiv>
            </TextLine>
            <TextLine id="r1l119" custom="readingOrder {index:118;}">
                <Coords points="2101,3194 3035,3238 3197,3230 3199,3193 2102,3164"/>
                <Baseline points="2110,3189 2164,3190 2218,3191 2272,3193 2326,3195 2380,3198 2434,3201 2488,3204 2542,3207 2596,3210 2650,3213 2704,3215 2758,3218 2812,3220 2866,3222 2920,3223 2974,3224 3028,3224 3082,3223 3136,3221 3190,3219"/>
                <TextEquiv>
                    <Unicode>wann. Die zahlreichen Zuhörer, unter deuen das literar=litte ist</Unicode>
                </TextEquiv>
            </TextLine>
            <TextLine id="r1l120" custom="readingOrder {index:119;}">
                <Coords points="1954,3239 1966,3237 1984,3249 2019,3249 2036,3235 2050,3248 2071,3246 2087,3261 2100,3262 2097,3192 2048,3196 2012,3211 1986,3203 1953,3208"/>
                <Baseline points="1962,3236 1987,3237 2012,3238 2038,3237 2063,3235 2089,3231"/>
                <TextEquiv>
                    <Unicode>Im G</Unicode>
                </TextEquiv>
            </TextLine>
            <TextLine id="r1l121" custom="readingOrder {index:120;}">
                <Coords points="477,3257 1680,3251 1736,3241 1735,3185 476,3231"/>
                <Baseline points="486,3250 548,3249 610,3249 672,3249 734,3248 796,3248 858,3247 920,3247 982,3246 1044,3245 1106,3244 1168,3244 1230,3243 1292,3242 1354,3241 1416,3240 1478,3239 1540,3238 1602,3237 1664,3235 1727,3234"/>
                <TextEquiv>
                    <Unicode>Im Gegensatze zu anderen Bureaux für Zeitungsausschnitte ist d</Unicode>
                </TextEquiv>
            </TextLine>
            <TextLine id="r1l122" custom="readingOrder {index:121;}">
                <Coords points="2101,3231 2965,3276 3192,3267 3193,3232 2102,3194"/>
                <Baseline points="2110,3227 2163,3229 2217,3231 2270,3234 2324,3236 2378,3239 2431,3242 2485,3245 2539,3248 2592,3250 2646,3253 2700,3255 2753,3257 2807,3259 2861,3260 2914,3262 2968,3262 3022,3262 3075,3262 3129,3261 3183,3259"/>
                <TextEquiv>
                    <Unicode>ische München stark vertreten war, spendeten Herrn Bahr steht es</Unicode>
                </TextEquiv>
            </TextLine>
            <TextLine id="r1l123" custom="readingOrder {index:122;}">
                <Coords points="366,3292 1765,3299 1764,3248 1701,3233 366,3250"/>
                <Baseline points="374,3289 443,3288 512,3288 581,3287 650,3287 719,3286 788,3285 857,3285 926,3284 995,3283 1065,3282 1134,3281 1203,3281 1272,3280 1341,3279 1410,3278 1479,3277 1548,3276 1617,3276 1686,3275 1756,3274"/>
                <TextEquiv>
                    <Unicode>Abonnement durch keine bestimmte Zeitdauer begrenzt; — auch steht es di</Unicode>
                </TextEquiv>
            </TextLine>
            <TextLine id="r1l124" custom="readingOrder {index:123;}">
                <Coords points="1832,3295 2224,3266 3168,3317 3130,3260 1834,3222"/>
                <Baseline points="1841,3283 1906,3279 1972,3275 2038,3273 2104,3272 2170,3272 2236,3273 2302,3275 2368,3277 2434,3280 2500,3283 2565,3286 2631,3289 2697,3292 2763,3296 2829,3299 2895,3301 2961,3303 3027,3304 3093,3304 3159,3303"/>
                <TextEquiv>
                    <Unicode>Abonnement reichen Beifall, den er als Vortragender, Vorlesender und indern.</Unicode>
                </TextEquiv>
            </TextLine>
            <TextLine id="r1l125" custom="readingOrder {index:124;}">
                <Coords points="1836,3317 1910,3346 2010,3321 2062,3356 2376,3330 2686,3364 2747,3352 2748,3309 2223,3266 1836,3291"/>
                <Baseline points="1845,3323 1889,3321 1934,3318 1979,3316 2023,3315 2068,3314 2113,3312 2157,3312 2202,3311 2247,3311 2292,3311 2336,3312 2381,3313 2426,3314 2470,3316 2515,3319 2560,3321 2604,3324 2649,3327 2694,3331 2739,3335"/>
                <TextEquiv>
                    <Unicode>Abonnanten Autor in gleichem Maße verdient hatte.</Unicode>
                </TextEquiv>
            </TextLine>
            <TextLine id="r1l126" custom="readingOrder {index:125;}">
                <Coords points="373,3350 1368,3319 1562,3349 1691,3332 1691,3288 372,3297"/>
                <Baseline points="382,3326 447,3326 512,3326 577,3326 642,3325 707,3325 772,3325 837,3324 902,3324 967,3324 1032,3323 1097,3323 1162,3322 1227,3321 1292,3320 1357,3319 1422,3318 1487,3317 1552,3316 1617,3314 1683,3312"/>
                <TextEquiv>
                    <Unicode>Abonnenten frei die aufgegebenen Themen zu ergänzen oder zu ändern.</Unicode>
                </TextEquiv>
            </TextLine>
            <TextEquiv>
                <Unicode>Die
Toten schweigen box 1/6
B — een eneeee S  
—
—
Telefon 12801.
Telefon 12801.
—
  cternehmen für Zeitungs-Ausschnitte.
Ausschnit
( Eniternehmen für Zeitungs-Ausschnitte.
Ausschi
Nr. 39
Nr. 3
„OBSERVER
„OBSERVER
I. österr. behördl. concess. Bureau für Zeitungsberichte und Personalnachrichten
□4
I. österr. behördl. concess. Bureau für Zeitungsberichte und Personalnachricht
Wien, IX/1 Türkenstrasse 17.
Wien, IX/1 Türkenstrasse 17.
— Filiale in Budapest: „Figyelö“, VIII. Josefsring 31a
— Fillale in Budapest: „Figyelö“, VIII. Josefsring 31a —
e Nachrichten
Ausschnitt aus: Münchrer Pener
Ausschnitt aus: Münchner allgemeine Zeitung
2 9/10.00.
vom
AN 30 7/8 08
osjen Pnloltti
* Vortrag Hermann Bahrs. In dem zum Besten
2R. Vortrags=Cyklus zum Besten der Peusions¬
der Pensionsanstalt deutscher Journalisten und Schriftsteller
anstalt Deutscher Journalisten und Schrift
inseenirten Vortragscyklus sprach gestern der bekannte Wiener
(A. V.) Der gestrige Freitag bot den Besucher
117
Schriftsteller und Herausgeber der Zen Hermann Bahr,
Mathildensaales einen von der ersten bis zurletzten M
über „Das junge Oesterreich“. In der ihm eigenen
genußreichen Abend: Hermann Bahr, der geistr
ironisirenden Weise schilderte er die verschiedenen Phasen der
s Wien gekommen, um über de
literarisch
literarischen Bewegung Jung=O#sterreichs; mit geistvollem
erreich zu sprechen. In seinem
Spott geißelte er die Irrfahrten der jungen Stürmer und
Bahr darauf hin, wie die Ver¬
Dränger, die „anders sein wollten als die Anderen“ die nach
erarischen Oesterreich sich be¬
unerhörten Sensationen, nach neuen Nuancen haschten, um
vie die Andern, und dabei in Nach¬
schließlich doch den richtigen Boden für ihr Schaffen und
verfielen, bis schließlich die
ahn brach, daß man etwas
damit zugleich die Grenzen ihres Könnens zu entdecken. Und
nd treffe, wenn man
dieser Boden ist der ihrer Heimath, der schönen Kaiserstadt
empfinde und schaffe.
an der Donau. Aus dem Milien der Phäakenstadt holten
inem Land für sein
die jungen Wiener Autoren ihre weichen Stimmungen, ihre
und Liebe wirken,
graziösen Formen und jenen sinnlichen Reiz, der über dem
n Platz sein Werk
Wiener Leben ausgebreitet liegt wie ein feiner, nerven¬
Bestliteratur einnehme.
erregender Duft. Aus diesem Milien heraus entstanden die
Oesterreich
haffen ange¬
Erfolges besch
Geschichten von den „lieben, füßen Mädeln“ die Anatol¬
hne andere
wie Gerha
Skizzen Arthur Schnitzlers und prunkenden, sammete igen
 in
ihrem Wer
nterschätzen, aber al
Verse Lori's. Die Kraft der jungen Wiener Poeten# irzelt:
ahmen. Die literarischen Proben vol
in ihrer Liebe zur Heimath. Und nur von diesem Sta# punkt
die Bahr seinem lichtvollen Vortrag fol
laus kann nan ihre Bedeutung erfassen und ihre Stellung in
mit Artbur Schuitlers „Die Todt
der Literatur der Gegenwart bestimmen.
einer Novelle, die den pfischologischen Konf
Gleichsam als
kühn erfaßzt und in nackender Schilderung den Hör
 Illustration zu seinen interessanten Ausführungen gal Bahr
In¬
verminderter Spannung erhält, namentlich bei einem so
ldrei Proben, und zwar die in „Cosmopolis“ erschienene No¬
vorzüglichen Interpreten wie der Vortragende. Die Schil¬
welle „Die Todten schweigen“ von Acbur=Schuibler.
derungen von Felir Salten aus dem Wurschtltheater
sein Kabinetstück psychologischer Kleinkunst, eine Skizze
trafen, wenn auch Minderwerthiges mit unterlief, mit er¬
[„Wurstelprater“ von Felix Salten und „Die schöne
frischendem Humor das Wiener Milien. Die heitere Stimm¬
Für
Für 50 Zeitu ung des Anditoriums erreichte iyren Höhepunkt, als Herr
inclusive
Frau“ ein übermüthiges Capriccio von dem Antor Bahr. slusive
100
Porto.
Bahr sein eigenes Opus „Die schöne Frau“ las, das durch
Porto.
[Der Beifall steigerte sich von Rummer zu Rummer; am Zahlbar
Zahlbar
200
seine lokalen Anklänge an München und Schliersee und die
im Voraus
Schluß wurde Bahr, der, nebenbei bemerkt, ein ganz vorzüg= im Voraus
500
gute Copie eines bekannten Theaterdirektors besonders ge¬
licher Vorleser ist, wiederholt gerufen.
" 1000
„ 1000
wann. Die zahlreichen Zuhörer, unter deuen das literar=litte ist
Im G
Im Gegensatze zu anderen Bureaux für Zeitungsausschnitte ist d
ische München stark vertreten war, spendeten Herrn Bahr steht es
Abonnement durch keine bestimmte Zeitdauer begrenzt; — auch steht es di
Abonnement reichen Beifall, den er als Vortragender, Vorlesender und indern.
Abonnanten Autor in gleichem Maße verdient hatte.
Abonnenten frei die aufgegebenen Themen zu ergänzen oder zu ändern.</Unicode>
            </TextEquiv>
        </TextRegion>
    </Page>
</PcGts>
