3296 4384
1691 173 2354 263 —.
872 266 1338 367 box 38/2
133 274 750 376 2. Cuttings
521 662 1669 756 Uns selbst aber erwächst aus dieser Betrachtung eine
1661 683 2884 759 sondern auch, daß jeder Mensch, der in die Seele unserer
427 727 1657 808 heilige Pflicht, die Pflicht, unsere Ankläger über unser
1668 745 2882 806 Religion und in unser religiöses Leben hineinblickt, über
436 794 1668 843 Judentum aufzuklären. Die wirksamste Verteidigung des
1671 792 2262 865 uns gerecht urteilen wird.
430 837 1663 895 Judentums ist nicht eine von einer bestimmten Tendenz
1750 834 2894 906 So wir aber fragen, warum sie im Altertum von dem
442 881 1665 936 erfüllte Apologetik, sondern die wissenschaftliche Dar¬
1663 897 2896 955 Eselskult und der Gottlosigkeit, vom Menschenopfer und
435 940 1658 1000 stellung unseres Judentums, wie es sich in den Jahr¬
1671 941 2901 1008 Menschenhaß der Juden fabelten und unseren Sabbat als
443 975 1669 1051 tausenden entwickelt hat, und unseres religiösen Lebens,
1667 991 2890 1044 einen „traurigen Fasttag“ hinstellten, und warum sie im
435 1037 1658 1097 wie es sich in vergangenen Zeiten gestaltet hat und noch
1674 1035 2882 1089 Mittelalter vom judischen Rachegott erzählten und Blut¬
1678 1084 2898 1148 märchen erdichteten, dann kennen wir die Antwort: Weil
443 1086 1663 1140 heute Wirklichkeit ist. Auch in finstersten Zeiten haben
1674 1139 2889 1194 sie uns nicht kannten. So wir fragen, warum selbst Ge¬
433 1138 1671 1211 wir an den Sieg des Lichtes geglaubt, und noch in der
1675 1179 2889 1239 lehrte von Rang noch in unseren Tagen über das Juden¬
436 1187 1662 1242 Gegenwart glauben wir, daß die Wissenschaft die
1676 1233 2905 1309 tum ungerecht urteilen oder es verurteilen, dann huben
441 1230 1661 1295 Menschen von Vorurteilen zu befreien und sie zur
1672 1285 2901 1339 wir eine Erklärung: Weil sie uns aueff in der Gegen¬
441 1276 1677 1349 Gerechtigkeit zu führen vermag. Wir glauben, daß nicht
1680 1336 2123 1401 wart nicht kennen.
438 1336 1676 1413 nur jeder Jude, der das Judentum kenmt, es lieben muß,
1252 1417 2091 1542 Das jüdische Drama
1368 1520 1995 1602 Von Georg Hirschfeld
1674 1577 2913 1640 Geistes ist ein Jahrhundert wie ein Tag. Die Griechenhatten
516 1567 1667 1652 Die Geschichte des Judentums steht über der Geschichte
1684 1631 2898 1686 eine Tragödie, als in Palästina noch Propheten predigten —
448 1620 1674 1690 der Kunst, wie Gottesglaube in Sternenkreisen über Mar¬
444 1669 2896 1733 morgöttern. Nicht die Selinsucht, dem Lebensrätsel Form „Kunst“ hätte sich dort, vernichtenden Hohn fürchtend, ver¬
2050 1709 2901 1767 kriechen müssen. Als William Shake¬
450 1719 1301 1776 zu geben, es bildlich zu lösen, wurde
2059 1755 2909 1816 speare in England das Drama für die Welt
443 1764 1300 1827 jüdisches Geistesziel — unendlich weiter
2056 1806 2910 1867 erbaute, quälten sich die Kinder Israels
448 1810 1302 1874 zielte der Drang des Urvolkes. In seinem
2053 1849 2910 1907 im Ghetto ihrer „Wirte“, verfolgt und
446 1850 1303 1902 Schicksal und in seiner Erdensendung
2059 1895 2910 1946 verleumdet, schuldlos Schuld büßend. Das
443 1900 1293 1955 hatte es tragische Weltdichtung, in seiner
2055 1938 2905 1987 britische Genie griff in das dunkle Ge¬
449 1937 1297 2002 Klage ewige Musik und in seinen kümp¬
2067 1975 2915 2039 wimmel und krönte seine Gestaltungskraft
445 1990 1305 2042 fenden Helden Bilder, plastische Gestalten.
2056 2027 2907 2079 durch einen Shylock. Das war vor drei
497 2029 1299 2089 Die Ehrfurcht vor dem Leben, der
2058 2072 2918 2132 Jahrhunderten jüdische Steuer zur Kunst.
452 2063 1310 2133 nährenden Mutter aller Künste, ist nicht
2071 2117 2913 2161 Einsam stand auch ein Denker auf, ein
442 2117 1308 2177 jüdisch allein — sie lenkt auch das Kunst¬
2053 2156 2916 2224 jüdischer Sucher, der das Weltsystem, das
438 2158 1295 2219 gewissen anderer Völker. Aber sie ent¬
2064 2203 2909 2263 Goethe befruchten sollte, schuf: Baruch
447 2204 1307 2268 stammt für unsere historische Kenntnis
1887 2220 1954 2284 □000
2061 2241 2903 2289 Spinoza. Aber er war ein Philosoph —
446 2249 1312 2298 der heimatlosen Hleimat im Osten, die dem
2067 2285 2915 2346 kein Künstler. Gewalt und Schmerz des
452 2293 1302 2355 Abendlande nicht nur um tragischen Preis
2068 2337 2928 2389 Lebens standen dem jüdischen Geiste noch
449 2344 1306 2410 eine Religion, sondern auch den Kern
2064 2371 2921 2436 immer zu hoch. Ein Vater im Ghetto
459 2381 1325 2456 seines Lebensgefühls gab, einen Inhalt,
2054 2423 2920 2484 lächelte darob, mißtrauisch, scheu, ver¬
448 2418 1093 2494 herrschend über alle Formen.
2058 2466 2920 2520 achtend — Gottesfurcht verbot ihm außer¬
512 2443 1300 2533 Bibel und Talmud blieben durch Jahr¬
2052 2507 2930 2564 halb des Gotteshauses „Werte“ zu finden
456 2502 1304 2572 tausende jüdischer Geistesschatz, ge¬
1531 2504 1828 2586 Michael Beer
2131 2543 2928 2619 der Sohn aber trat noch nicht als
1577 2563 1795 2627 (1800—1833)
454 2548 1326 2620 prägtes Fühlen und Denken. Wunderbar,
2065 2592 2921 2649 Revolutionär auf, in heilige Schriften
469 2610 1317 2658 wenn ein großes, gequültes Volk „keine
1703 2640 2911 2703 vergrübelt, suchte er wieder nur die jüdische Sendung —,
465 2630 1694 2700 Zeit“ findet, sich in Kunst zu spiegeln. Der Jude fand keine
1692 2682 2919 2757 fern war noch der Literat, der Student auf fremden Schulen.
464 2684 1696 2748 Zeit. Der Jude mußte wandern und seinen umnebelten Weg
1763 2723 2926 2782 Die Oeffnung des Ghettos, der Uebertritt ins Staats¬
465 2737 1697 2794 schließlich doch vollenden. Ahasver auszumerzen und einen
456 2786 1688 2837 glückhaften Heimatmenschen für ihn erscheinen zu lassen, war
1691 2777 2918 2834 bürgertum brachte die Wandlung — sie liegt in Deutsch¬
467 2821 1687 2882 jüdische Aufgabe. Noch ist sie nicht vollendet, bei weitem
1704 2827 2927 2876 land wenig mehr als ein Säkulum zurück. (Mein Großvater
464 2866 1702 2923 nicht — eigenes Irren, fremdes Uebelwollen umwogen uns noch
1708 2866 2926 2920 wurde in den Freiheitskriegen von 1813—15 preußischer
461 2911 1703 2970 heute — aber die Schwelle zum Frieden scheint nahe. Das
1707 2915 2546 2975 Bürger, und ich bin jetzt 57 Jahre alt.)
464 2957 1699 3012 gleiche Recht in Gott, Weltbürgertum in den Nationen, für
1783 2956 2927 3019 Des Judentums Leistung in diesen hundert Jahren ist
467 3000 1327 3058 die Nationen kann nicht mehr fern sein.
1704 3001 2930 3065 beispiellos. Man darf es aussprechen, wenn man neben dem
1271 3024 1689 3122 An dieser Schwelle
1710 3056 2170 3117 Ruhm auch die Ge¬
1239 3094 1700 3161 zurückschauen und
1701 3093 2161 3164 fahr erkennt. Ueber
1242 3139 1696 3206 Symptome prüfend
1700 3142 2161 3210 Nacht, eine lange
1239 3177 1690 3244 Hoffnungen aus¬
1698 3189 2168 3256 Nacht freilich, stand
1234 3224 1694 3282 sprechen, ist in unseren
1696 3232 2162 3293 der Märchengarten in
1236 3274 1702 3336 Tagen Aufgabe dessen,
1704 3281 2170 3339 Blüte. Mit Heinrich
1244 3315 1707 3382 der die Kunst liebt
1707 3323 2173 3394 Heine und Felix
1236 3363 1709 3420 und den Juden in sich
1719 3367 2137 3428 Mendelssohn,
1240 3414 1697 3468 erkannt hat. Wir
1705 3394 2160 3477 dem Enkel des Philo¬
1244 3446 1701 3515 wissen es: gerade ist
1701 3457 2162 3527 sophen Moses, hob es
1232 3490 1693 3557 dliese Liebe gesammelt
1708 3506 2165 3571 an. Aber dieser Früh¬
1245 3538 1703 3612 und hundertfarbig
1707 3544 2171 3608 ling mußte Sehnsucht
1245 3577 1703 3647 wirksam geworden.
1702 3588 2169 3659 und Lyrik sein. Ein
1235 3635 1695 3692 Mit dem Jahrtausend¬
1704 3636 2162 3697 erstes Atmen, träu¬
1704 3680 2165 3742 mendes Wandern in
1242 3684 1706 3741 gefühl der Vergangen¬
1704 3720 2168 3794 der Freiheit, selig und
1242 3722 1703 3782 heit sicht er nun erst
1705 3768 2173 3836 skeptisch zugleich,
1250 3770 1705 3829 den Anbruch der Zu¬
1705 3806 2169 3877 gläubig und zer¬
1234 3809 1704 3884 kunft, denn die schöp¬
1713 3847 2174 3921 setzend, der Zauber
1240 3864 1706 3921 ferischen Erscheinun¬
1937 3897 2168 3958 das jüdi¬
1714 3907 1887 3967 Heines
1248 3905 1700 3967 gen des Judentums
1717 3951 2175 4003 sche Bedürfnis nach
1251 3945 1708 4008 wurden seit einem
1703 3982 2183 4053 Gottesliebe ironisierte
1239 3990 1706 4055 Jahrhundert erst sicht¬
1706 4036 2191 4098 die irdische sinnliche
1231 4032 1710 4108 bar. In der Geschichte
2326 4035 2784 4106 Richard Beer-Hofmann
707 4038 995 4110 Ludwig Fulda
2372 4094 2748 4160 (Atelier Mayer, Wien)
1239 4081 2190 4158 des menschlichen Liebe — der junge
719 4102 1001 4161 (Phot.: Keystone)
