3392 4384
2080 178 2311 245 —.—
963 254 1396 340 box 38/2
218 264 800 356 2. Cuttings
1651 574 1746 655 115
1718 666 2167 740 Bürgertums wieder
1251 673 1696 744 unserm ererbten Ge¬
1717 724 2164 787 ins Licht zu setzen.
1254 730 1707 795 fühl: der schaffende
1716 777 2170 837 Carl Sternheim als
1259 777 1695 839 Jude kann nicht sehr
1719 821 2163 888 Jude der Dekadenz
1265 836 1709 898 glücklich sein. Jetzt
1712 874 2166 944 konnte und mußte
1250 885 1711 958 noch nicht. Wenn er
1718 925 2170 999 preisgeben, was er
1253 938 1706 1002 es ist, kommt kultur¬
1717 975 2174 1040 als wurmstichig er¬
1259 988 1704 1067 bewußte Absicht hin¬
1723 1028 2177 1086 kannt hatte. Ist er
1265 1035 1709 1104 zu — das eben ist
1731 1071 2173 1139 ein Dichter, dieser
1263 1089 1703 1157 Oesterreich. Diese Er¬
1764 1121 2124 1181 Gellende, dieser
1261 1134 1711 1203 wägung mindert nicht
1754 1164 2145 1240 Peitschenschläger,
1264 1189 1703 1249 Beer-Hofmanns Ver¬
1722 1217 2185 1284 fern vom Lyrismus
1261 1232 1706 1306 dienst, den gesunden
1728 1269 2177 1330 des Schmerzes, fern
1296 1291 1693 1350 und rassestolzen
1727 1314 2175 1382 von den Träumen
1268 1331 1717 1403 Juden herausgestellt
1726 1359 2175 1422 der Vorfahren? Die
1272 1379 1710 1447 zu haben, den posi¬
2086 1406 2179 1475 in
1732 1409 2077 1479 Frage erstirbt
1262 1418 1709 1501 tiven Erben positiver
1732 1460 2183 1524 seiner eisigen Region.
1295 1480 1689 1549 Herrlichkeit. An
1731 1505 2178 1565 Aber man weiß, daß
1277 1526 1717 1594 weicher Klage hätten
1735 1544 2187 1619 „Bürger Schippel“ und
1268 1579 1719 1640 wir wahrlich genug.
1748 1600 2182 1663 „1913“ Zeichender Un¬
2424 1612 2725 1683 Franz Werfel
1270 1624 1715 1686 Aufrecht geht endlich
672 1635 1076 1711 Lion Feuchtwanger
1737 1649 2184 1715 sterblichkeit tragen.
1266 1675 1720 1734 ein Erbe zwischen
1807 1698 2944 1760 Chaotisene Entladung war des jüdischen Dramatikers
500 1720 1723 1790 den Schleppenden. Nur — an der Zeit ist es noch nicht,
1742 1750 2936 1825 Tat vor allem. Ihr gegenüber steht ein edles Maß, die Selbst¬
514 1766 1714 1846 wenn und weil es aus dem leichteren Oesterreich kommt.
1735 1811 2944 1865 zucht der Unzerrissenen. Sie haben sich zum Geist gerettet,
520 1830 1722 1914 Wir müssen auf den Beer-Hofmann Deutschlands warten.
1737 1851 2960 1915 der über alle Leiden reicht, von Urzeiten bis zum letzten
585 1883 1713 1964 Das zwanzigste Jahrhundert sandte eine Fülle jüdischer
1751 1894 2957 1965 schweren Traum nach 1918. Hier steht Stefan Zweig, der
1734 1948 2953 2006 Landsmann Schnitzlers und Hofmannsthals, an erster Stelle.
515 1946 1722 2041 Talente auf den dramatischen Plan. Hohe, ernste, edie Be¬
1741 1997 2950 2063 Seine originelle Kraft erreicht die beiden Aelteren nicht,
507 2001 1722 2065 gabungen, und alles wäre gut, zum mindesten voll Ver¬
1754 2040 2955 2111 aber seine Künstlerschaft hat er sich noch makelloser erzogen.
507 2041 1721 2113 heißung, wenn nicht die zuvor schon erwachte Beweglichkeit
1746 2092 2942 2176 „Tersites“, „Jeremias“, „Volpone“, „Legende eines Lebens“
516 2091 1729 2187 jüdischen Geistes den Boden der Kritik für die Dichter be¬
1760 2153 2951 2207 sind reife Früchte einer jüdischen Dramatik. Strenge Form¬
510 2157 1728 2215 reitet, das Langsame und Schwere, das nun einmal im
1764 2178 2968 2266 wahl, tiefe Seelenkenntnis, schriftstellerische Kultur, die am
509 2204 1727 2267 deutschen Poeten leben muß, zeitlich, ja modern beschleunigt
1749 2240 2966 2310 Ende ihres langen Weges nicht erschöpft und trauervoll, auch
519 2272 1744 2330 hätte. In diesem Gefühl liegt, sub specie aeterni, noch ein
1751 2294 2960 2366 nicht böse geworden, sondern gewillt, die Bildkraft eines
525 2295 1735 2385 Verdacht gegen unsere neuen deutschen Dramatiker jüdischer
1761 2351 2363 2404 deutschen Juden zu erweisen
521 2382 663 2445 Seeie.
1826 2407 2967 2478 Ausschließlicher jüdisch noch bestrebt im Ringen um das
588 2399 1735 2479 Der merkwürdigste und echteste unter ihnen mag Ernst
1761 2455 2975 2518 Drama sind Max Brod und Arnold Zweig. Sie fühlen
534 2458 1742 2532 Toller sein. Er hat den Beweis, nicht nur den Traum der
1762 2505 2975 2586 sich als nationale Kämpfer und Zukunftsträger, sie sehen ein
524 2507 1739 2584 Tat geliefert. Diese eine große Notwendigkeit erfüllte seinen
1757 2553 2975 2634 beladenes, aber aufwärtsschreitendes Volk. Stärker bekunden
518 2554 1733 2635 Instinkt. Der entfesselte Jude kehrte allzu oft sogleich in
1762 2599 2975 2673 sich ihre Begabungen freilich im Epos als im Drama. Es
520 2600 1735 2681 Literatur ein, und Literatur ist Glanz, Reichtum, Schönheit,
1768 2650 2969 2720 hätte nicht ihrer Beispiele bedurft, wohin die jüdische Be¬
527 2654 1745 2729 aber am wenigsten Verantwortung. Nur wer Gefahr besteht,
1771 2710 2972 2772 gabung eigentlich zielt — das Lebenswerk Jakob Wasser¬
521 2713 1737 2791 kann geliebt werden. Durch die Schule seines Volkes war
1760 2771 2982 2817 manns, der dem Drama fern geblieben, zeigt ein Dichterglück,
522 2765 1741 2830 Ernst Toller gegangen — im Weltkriege vollzog sich vieles,
1765 2811 2971 2872 dem auch Max Brod und Arnold Zweig immer wieder zu¬
527 2801 1745 2887 was sich am Judentum vollzog. Der politische Mann wurde
1764 2847 2975 2926 neigen: der orientalische Erzähler baut sich die Welt, reicher
523 2854 1741 2930 gebraucht, nicht der schweifende Literat. Man mag von den
1766 2896 2976 2968 und größer jetzt als ehedem. Ihm lauschen alle, und die
539 2903 1738 2986 Wirren der Nachkriegszeit denken wie man will — wer
1770 2955 2983 3027 Bühne ist ihm gering gegen den Teppich, auf dem er sitzt
526 2962 1739 3035 damals ins Feuer kam und handelte, nicht nur schrieb, hatte
1778 3022 2570 3077 und den großen Kindern Märchen gibt.
540 3000 1742 3095 Mut. So erschien, viel umstritten, Ernst Toller. Im Gefängnis
526 3050 1753 3129 erlöste er sich dann als Dichter. „Wandlung“, „Masse Mensch“
1855 3074 2987 3147 Diese Ruhe eines großen Temperaments, die eigentlich
537 3116 1761 3181 „Maschinenstürmer“, „Hinkemann“ haben wir von ihm, An¬
1785 3131 2983 3208 epische Ruhe, hält Lion Feuchtwanger nicht fest, ob¬
529 3151 1765 3229 klagen des Schmerzes, der Empörung, der Begeisterung mehr
2159 3174 2982 3228 wohl seine Kraft im abwägenden Kunst¬
530 3215 1382 3295 als plastische Künstlertaten, aber von
2143 3221 2984 3289 verstande wirkt. Zeitgedanken auffassend
540 3264 1378 3350 besonderem Wert doch durch den Boden
2148 3281 2984 3337 und deutend, gibt er auf der Bühne aus
533 3328 1383 3389 des Erlebnisses. Die Verantwortung im
2157 3322 2990 3399 seiner jüdischen Begabung, ohne spezi¬
2149 3369 2997 3440 fisch jüdisch zu schaffen. Das Drama
536 3375 1369 3443 Wort — sie tat dem Juden bitter not —
2161 3426 2989 3496 gewann dichterische Wirkungen durch
545 3432 1049 3504 Ernst Toller kennt sie.
2157 3475 2998 3548 ihn aus den Schauspielen „Thomas
593 3483 1386 3567 Neben den Ekstatiker den Zyniker zu
2162 3526 2993 3590 Wendt“, einem kühnen Zeitgemälde der
548 3532 1391 3615 stellen, neben den Ankläger der Zeit
2151 3576 2989 3633 Nachkriegszeit, „Jud Süß“, einer Vor¬
541 3604 1375 3672 ihren Verhöhner — das erweist die un¬
2170 3624 2995 3688 stufe des bekannten Romans, „Kalkutta
544 3651 1378 3715 geheure Spanne jüdischer Möglichkeiten.
2161 3668 2951 3736 4. Mai“ und „Die Kriegsgefangenen“,
534 3705 1383 3773 Der Fremdeste vor Ernst Toller mag
2209 3727 2994 3798 Franz Werfel, der bedeutende
543 3743 1393 3805 Carl Sternheim sein. — auch er ein
2168 3789 3002 3836 Lyriker, mag nach starken dramatischen
552 3786 1385 3867 Könner, wie er notwendig wurde. Das
2169 3828 2992 3892 Leistungen („Spiegelmensch“, „Bocks¬
550 3847 1392 3924 deutsche Bürgertum entblößt zu haben an
2155 3875 2999 3932 gesang“, „Juarez und Maximilian“,
555 3899 1399 3973 einer wilden Zeitwende, unbarmherzig,
2172 3923 3008 3992 „Paulus unter den Juden“) doch am
557 3949 1384 4017 kalt und unbeirrt, ist so sehr Verdienst,
2818 3974 3020 4036 schönen
2167 3972 2814 4033 reifsten in die Stille seines
558 4011 1404 4063 wie es das eines kommenden Dichters
1633 3983 1937 4070 Stefan Zweig
2148 4022 2771 4101 Musikantenromans einkehren.
1515 4051 2039 4132 (Phot.: Atelier Hintner, Salzburg)
562 4058 1400 4130 sein wird, die ewigen Kräfte diesce
