3436 4384
188 251 788 358 2. Guttings
937 248 1377 339 box 38/2
1698 373 2309 491 HEMSTREET
1743 439 2297 544 Oe WARREN STREET
1782 496 2260 604 Nxw vonk CIry
1971 623 2181 696 WORLL
1551 721 2832 859 Schnitzler, Old, Admires
1685 919 2894 981 America s Toung 1951
1565 1035 2268 1114 Is Sorry He Put Offi
1659 1097 2159 1187 Coming Until Too
1811 1185 1987 1258 Late
1741 1285 2074 1361 By David Ewen
1642 1340 2236 1411 YOW. that Arthur Schnitzler, the
2543 1347 2601 1442 80
1667 1382 2245 1448 famous German novelist and
1567 1350 1632 1461 1
1663 1423 2243 1478 playwright, is growing old his
1572 1469 2247 1525 deepest regret is that he has never
1572 1523 2242 1570 vislted America, It is true that men
1558 1546 2239 1611 far older than he have successfully
1573 1593 2247 1645 made the trip across the ocean. Only
1569 1633 2241 1679 recently, Sir George Henschel, the
1563 1668 2230 1708 Englisi composer and conductor, came
1571 1692 2239 1743 here to help the Boston Symphony
1569 1739 2239 1772 Orchestra celebrate its fiftieth annt¬
1567 1764 2247 1823 versary—and Sir George häs alrendy
1572 1797 2249 1843 seen his eightieth year. Awzn. how¬
1561 1831 2249 1868 ever, Is as oid as he feels—awl, though
1569 1861 2242 1909 Arthur Schnitzler Is only sixty-eight,
2550 1851 2853 1973 ∆ 2
1562 1899 2241 1945 he feels much, much, older. His face
2400 1889 2527 1948 VENN
1571 1930 2243 1979 is deeply wrinkled. Sis eyes are dull
1571 1965 2245 2007 and appear sad and tired over heavy
1566 2001 2241 2047 bags, he walks with a heavy galt and
1573 2036 2246 2082 with stooped back. In spirit and in
1568 2069 2134 2115 flesh he is already an old man.
1604 2084 2242 2141 But though he is old and feels thet
1564 2137 2246 2176 death cannot be very far away, there
2376 2123 2753 2187 Arthur Schnitzler
1560 2172 2243 2225 is by no means any melancholy or
1575 2204 1871 2259 despalr in him
2254 2209 2918 2272 fads. But this, far from being a re¬
1623 2214 2231 2283 Younger men than I have been
2253 2258 2922 2305 grettable state of affairs, is to me
1573 2268 2232 2317 known to die,“ he sald softly and
2254 2280 2913 2333 most commendable. It Is a healthy
1577 2304 2237 2348 peacefully—onc could easily see that
2244 2321 2919 2375 condition in which it is comparatively
1577 2340 2238 2376 the contemplation of death did not
2247 2353 2922 2401 casy to make glgantic strides forward
1571 2362 2238 2407 frighten him in the least.“have
2258 2384 2932 2447 In theffuture in scientific and artistic
1570 2400 2236 2455 worked hard during my life, and when
2520 2415 2923 2468 s the proper soll in
2256 2425 2421 2466 matters.
1581 2437 2238 2491 the time comes I am quite prepared
2257 2444 2922 2511 which frult ean blossom with most
1580 2471 2231 2505 to go. Of course, es long as life 18
2257 2490 2421 2541 fertility.
1571 2497 2241 2546 spared me so long will there be mort
2293 2512 2915 2570 You say in America that the drama
1572 2530 2246 2583 and more work for me to complete.
2257 2539 2920 2591 1s dying? To me, of course, such a
1567 2564 2234 2611 My pen is never idie. I am now work¬
2257 2582 2922 2626 fear is ridiculous. An art can never
1575 2601 2232 2644 ing on three books, and should it be
2251 2613 2917 2662 die. True, drama, because of certaln
1571 2631 2239 2674 fated that I complete them all I shall
2257 2640 2930 2693 Inevitable conditions, is in a sort of
1565 2664 2237 2717 gladly begin work on others. How¬
2255 2667 2926 2723 stagnancy: fluctuating perlods of
1567 2697 2237 2749 ever,I am always ready to drop tay
2257 2708 2933 2763 stagnation and fertility are inevitable
1568 2732 2239 2772 pen, because I feel and know that I
2258 2741 2918 2788 In the life offevery art. But to say
1573 2771 2236 2817 have Ilved both wisely and well dur¬
2257 2771 2919 2824 it is dead, especially when you Ameri¬
1572 2802 2233 2841 ang my fffetime. At least my con¬
2253 2805 2931 2859 gans have a man like Eugene O’Neill
1560 2837 2181 2890 science in that direction i8 clear.“
2233 2843 2870 2891 In your midst, is futlle pessimism.
2301 2875 2928 2922 Talking pictures can never replace
1573 2874 1903 2936 Ameriea Today
2245 2910 2918 2951 the spoken drama, I do not deny the#
1571 2918 1985 2974 Is Europe Tomorrow
2249 2937 2919 2991 importance of the talking, picture as
1605 2953 2240 3006 And à moment, later he added, as
2261 2971 2927 3015 a new type of artistic expression—
1571 2998 2231 3050 though in afterthought: But I de
2249 3006 2931 3053 but it is a type of artistic expression
1575 3032 2235 3087 have one deep regret. My greatest
2253 3016 2936 3079 dilferent from the spoken drama.
1577 3054 2240 3107 sorrow at present is that I have never
2263 3073 2923 3116 Talking pietures may supplement the#
1573 3100 2240 3138 vislted your remarkable country, and
2262 3097 2935 3153 drama, but they will never supplant:
1573 3135 2234 3169 therefore have never had the enviable
2262 3133 2922 3179 it. At its best it will be eighth lively
1573 3164 2238 3208 opportunity of seeing it and studying
2253 3156 2925 3220 art—and an art in which, I am confl¬
1566 3198 2236 3250 it at first hand. And, unfortunately,
2257 3208 2920 3242 dent, America will prove to be gu¬
1561 3227 2192 3273 T am now too old to remedy this!“
2248 3233 2400 3300 preme.“
1624 3244 2246 3303 We were sitting on the comfortably
1569 3292 2256 3348 soft: toucht in Arthur Schnittler's
1570 3322 2250 3376 charming study. The walls are cov¬
1574 3358 2247 3410 with bookoases Heavlly;, lined with
1581 3396 2246 3449 books, One of these bookcases, mod¬
1571 3424 2258 3467 estly covered by a velvet curtaln,
1576 3450 2258 3505 contains all of Arthur. Schnitzler’s
1575 3488 2262 3546 works in all translated languages.
1574 3523 2257 3575 The (one windpw’ of the room looks
1576 3560 2254 3610 out upon a luxurlously fertile garden,
1575 3583 2246 3637 where during the spring, summer
1579 3620 2255 3672 and early autumn Dr. Schnitzler does
1586 3659 2261 3702 all of his writing. It was rapidly be¬
1582 3678 2269 3740 coming dusk, and the room—as we
1588 3722 2263 3768 were talking—was becoming suffused
1762 3760 2261 3802 serene, mellow darkness.
1581 3760 1710 3801 with
1580 3780 2276 3843 Schnitzler did not trouble putting on
1586 3820 2258 3862 the light. He was buried in the soft¬
1587 3860 2268 3905 ness of the couch and he was quletly
1576 3884 2164 3952 speaking to me about America.
1670 3908 2262 3974 have no Illusions abont America
1582 3948 2273 3985 being something of a Utopla in the
1579 3990 2263 4029 miniature,“ he sald, for I well know
1587 4021 2259 4056 that it Istnothing of the sort. But
1587 4054 2261 4106 Ameriea interests me profoundb#
1587 4072 2270 4136 und has interested me for many vours
1580 4111 2267 4160 alrendfe-Because #tobrionsly polhts
1590 4143 2273 4190 the, way to the kuture. Whether we
1907 4178 2254 4214 With this future er
1719 4184 1873 4231 Wierinen?
