<?xml version="1.0" encoding="UTF-8" standalone="yes"?>
<PcGts xmlns="http://schema.primaresearch.org/PAGE/gts/pagecontent/2013-07-15" xmlns:xsi="http://www.w3.org/2001/XMLSchema-instance" xsi:schemaLocation="http://schema.primaresearch.org/PAGE/gts/pagecontent/2013-07-15 http://schema.primaresearch.org/PAGE/gts/pagecontent/2013-07-15/pagecontent.xsd">
    <Metadata>
        <Creator>prov=University of Rostock/Institute of Mathematics/CITlab/Gundram Leifert/gundram.leifert@uni-rostock.de:name=ONB_Newseye_GT_M1+(htr_id=10810)::::v=2.4.2
prov=University of Rostock/Institute of Mathematics/CITlab/Tobias Gruening/tobias.gruening@uni-rostock.de:name=de.uros.citlab.module.baseline2polygon.B2PSeamMultiOriented:v=2.4.2
prov=University of Rostock/Institute of Mathematics/CITlab/Tobias Gruening/tobias.gruening@uni-rostock.de:name=/mnt/transkribus/LA/DEA/URO/LA_news_onb_att.pb:de.uros.citlab.segmentation.CITlab_LA_ML:v=2.4.2
Transkribus</Creator>
        <Created>2019-10-07T15:18:44.135+02:00</Created>
        <LastChange>2019-10-09T01:31:34.885+02:00</LastChange>
        <TranskribusMetadata docId="224261" pageId="9516192" pageNr="64" tsid="16618462" status="IN_PROGRESS" userId="40391" imgUrl="https://files.transkribus.eu/Get?id=KSLPCODSJMSMVAYSRLSKXHUF&amp;fileType=view" xmlUrl="https://files.transkribus.eu/Get?id=FFOSJTPDCOPXPLJEHKJWNCQR" imageId="6204271"/>
    </Metadata>
    <Page imageFilename="224261_0064.jpeg" imageWidth="3344" imageHeight="4320">
        <ReadingOrder>
            <OrderedGroup id="ro_1711443191422" caption="Regions reading order">
                <RegionRefIndexed index="0" regionRef="r1"/>
                <RegionRefIndexed index="1" regionRef="r2"/>
            </OrderedGroup>
        </ReadingOrder>
        <TextRegion orientation="0.0" id="r1" custom="readingOrder {index:0;}">
            <Coords points="170,223 170,393 746,393 746,223"/>
            <TextLine id="r1l1" custom="readingOrder {index:0;}">
                <Coords points="154,359 227,367 294,339 387,376 612,357 659,375 706,352 761,359 762,310 675,264 512,261 392,288 342,264 254,312 156,260"/>
                <Baseline points="170,323 198,328 227,332 256,335 285,338 314,340 342,341 371,343 400,343 429,343 458,343 486,343 515,343 544,342 573,342 602,342 630,341 659,341 688,342 717,342 746,343"/>
                <TextEquiv>
                    <Unicode>2. Cuttings</Unicode>
                </TextEquiv>
            </TextLine>
            <TextEquiv>
                <Unicode>2. Cuttings</Unicode>
            </TextEquiv>
        </TextRegion>
        <TextRegion orientation="0.0" id="r2" custom="readingOrder {index:1;}">
            <Coords points="689,196 689,3058 3040,3058 3040,196"/>
            <TextLine id="r2l1" custom="readingOrder {index:0;}">
                <Coords points="2151,251 2192,252 2200,246 2227,251 2241,239 2296,237 2294,184 2265,182 2248,195 2239,195 2227,184 2216,196 2189,191 2175,203 2149,201"/>
                <Baseline points="2163,221 2192,222 2221,221 2250,219 2280,218"/>
                <TextEquiv>
                    <Unicode>—</Unicode>
                </TextEquiv>
            </TextLine>
            <TextLine id="r2l2" custom="readingOrder {index:1;}">
                <Coords points="904,347 980,348 1021,327 1068,339 1100,316 1161,354 1246,343 1263,325 1310,343 1360,328 1360,258 1284,270 1252,252 1220,267 1161,249 1103,292 1033,260 904,266"/>
                <Baseline points="920,319 946,319 973,320 999,320 1026,321 1052,321 1079,321 1105,322 1132,322 1158,322 1185,322 1211,322 1238,322 1264,322 1291,321 1317,320 1344,318"/>
                <TextEquiv>
                    <Unicode>box 38/2</Unicode>
                </TextEquiv>
            </TextLine>
            <TextLine id="r2l3" custom="readingOrder {index:2;}">
                <Coords points="1858,1550 3050,1558 3025,1474 1858,1501"/>
                <Baseline points="1873,1542 1931,1541 1989,1541 2047,1540 2105,1540 2163,1539 2221,1539 2279,1538 2337,1538 2395,1537 2453,1537 2511,1536 2569,1536 2627,1535 2685,1535 2743,1534 2801,1534 2859,1534 2917,1533 2975,1533 3034,1533"/>
                <TextEquiv>
                    <Unicode>Schnitzlers persönliche Schicksale das übrige getan. So war</Unicode>
                </TextEquiv>
            </TextLine>
            <TextLine id="r2l4" custom="readingOrder {index:3;}">
                <Coords points="691,1547 1859,1558 1821,1500 691,1486"/>
                <Baseline points="706,1543 763,1545 820,1546 877,1547 934,1548 991,1548 1048,1548 1105,1548 1162,1547 1219,1547 1276,1546 1333,1545 1390,1544 1447,1544 1504,1543 1561,1542 1618,1542 1675,1542 1732,1542 1789,1542 1846,1543"/>
                <TextEquiv>
                    <Unicode>loses Schluchzen aus. In der legendenhaften Erzählung „Um</Unicode>
                </TextEquiv>
            </TextLine>
            <TextLine id="r2l5" custom="readingOrder {index:4;}">
                <Coords points="1857,1584 3046,1604 3045,1557 2990,1543 2721,1527 1857,1549"/>
                <Baseline points="1873,1585 1934,1586 1995,1588 2056,1588 2117,1589 2178,1589 2239,1589 2300,1588 2361,1588 2422,1587 2483,1586 2544,1585 2605,1584 2666,1584 2727,1583 2788,1583 2849,1583 2910,1583 2971,1583 3032,1584"/>
                <TextEquiv>
                    <Unicode>in ihm eine kostbare Mischung vollendet: Tragik, Humor,</Unicode>
                </TextEquiv>
            </TextLine>
            <TextLine id="r2l6" custom="readingOrder {index:5;}">
                <Coords points="678,1602 1776,1608 1851,1590 1851,1555 677,1535"/>
                <Baseline points="691,1590 748,1592 805,1594 863,1595 920,1596 977,1597 1035,1597 1092,1596 1149,1596 1207,1595 1264,1594 1321,1593 1379,1592 1436,1591 1493,1591 1551,1590 1608,1589 1665,1589 1723,1590 1780,1590 1838,1591"/>
                <TextEquiv>
                    <Unicode>eine Stunde“ schwingt ein Echo dieses tragischen Ereignisses.</Unicode>
                </TextEquiv>
            </TextLine>
            <TextLine id="r2l7" custom="readingOrder {index:6;}">
                <Coords points="1863,1640 3043,1630 3042,1584 1863,1591"/>
                <Baseline points="1878,1632 1935,1632 1993,1632 2050,1632 2108,1632 2165,1632 2223,1632 2280,1632 2338,1631 2395,1631 2453,1630 2510,1630 2568,1630 2625,1630 2683,1629 2740,1629 2798,1629 2855,1629 2913,1629 2970,1629 3028,1630"/>
                <TextEquiv>
                    <Unicode>Ernst, Witz und tieferes Bedeuten. Dieses Dichterwesen in</Unicode>
                </TextEquiv>
            </TextLine>
            <TextLine id="r2l8" custom="readingOrder {index:7;}">
                <Coords points="683,1650 1860,1635 1842,1588 683,1601"/>
                <Baseline points="697,1637 754,1638 811,1639 869,1640 926,1640 983,1641 1041,1641 1098,1641 1155,1641 1213,1641 1270,1640 1327,1640 1385,1640 1442,1639 1499,1638 1557,1638 1614,1637 1671,1637 1729,1636 1786,1636 1844,1635"/>
                <TextEquiv>
                    <Unicode>Einige Jahre mußten vergehen, bis dieser Schlag halbwegs</Unicode>
                </TextEquiv>
            </TextLine>
            <TextLine id="r2l9" custom="readingOrder {index:8;}">
                <Coords points="1858,1686 3056,1693 3055,1611 2810,1647 1858,1642"/>
                <Baseline points="1873,1680 1931,1680 1989,1680 2048,1680 2106,1680 2164,1680 2223,1680 2281,1680 2339,1680 2398,1680 2456,1680 2514,1680 2573,1680 2631,1679 2689,1679 2748,1678 2806,1678 2864,1677 2923,1676 2981,1675 3040,1673"/>
                <TextEquiv>
                    <Unicode>seiner herbsüßen Art, in seinem würzigen Gehalt, in seinem</Unicode>
                </TextEquiv>
            </TextLine>
            <TextLine id="r2l10" custom="readingOrder {index:9;}">
                <Coords points="683,1697 1863,1706 1842,1636 683,1650"/>
                <Baseline points="697,1684 754,1685 812,1686 869,1687 927,1688 985,1689 1042,1690 1100,1691 1157,1692 1215,1692 1273,1693 1330,1693 1388,1693 1445,1692 1503,1692 1561,1691 1618,1689 1676,1688 1733,1686 1791,1684 1849,1680"/>
                <TextEquiv>
                    <Unicode>überwunden werden konnte, lange Jahre brauchte es, bis</Unicode>
                </TextEquiv>
            </TextLine>
            <TextLine id="r2l11" custom="readingOrder {index:10;}">
                <Coords points="1852,1731 2941,1745 3043,1718 3043,1686 1851,1687"/>
                <Baseline points="1867,1727 1925,1727 1983,1727 2041,1726 2099,1726 2157,1726 2215,1726 2273,1726 2331,1727 2389,1727 2448,1727 2506,1727 2564,1726 2622,1726 2680,1725 2738,1725 2796,1724 2854,1723 2912,1721 2970,1720 3029,1717"/>
                <TextEquiv>
                    <Unicode>Wechsel von Trauer und Gelächter, in seinen Uebergängen</Unicode>
                </TextEquiv>
            </TextLine>
            <TextLine id="r2l12" custom="readingOrder {index:11;}">
                <Coords points="683,1747 1792,1767 1862,1697 682,1692"/>
                <Baseline points="697,1734 754,1734 812,1735 869,1735 927,1736 984,1736 1042,1736 1099,1737 1157,1737 1214,1737 1272,1737 1329,1737 1387,1737 1444,1737 1502,1736 1559,1735 1617,1734 1674,1733 1732,1732 1789,1731 1847,1728"/>
                <TextEquiv>
                    <Unicode>Schnitzler in einem neuen Bund Beschwichtigung zu finden</Unicode>
                </TextEquiv>
            </TextLine>
            <TextLine id="r2l13" custom="readingOrder {index:12;}">
                <Coords points="1869,1789 2754,1757 3002,1785 3040,1779 3040,1718 1869,1739"/>
                <Baseline points="1884,1776 1941,1775 1998,1775 2055,1774 2112,1774 2169,1774 2226,1773 2284,1773 2341,1773 2398,1773 2455,1773 2512,1773 2569,1772 2626,1772 2684,1772 2741,1772 2798,1772 2855,1772 2912,1771 2969,1771 3027,1771"/>
                <TextEquiv>
                    <Unicode>aus Dur in Moll, stellt eine Einmaligkeit dar der man sich</Unicode>
                </TextEquiv>
            </TextLine>
            <TextLine id="r2l14" custom="readingOrder {index:13;}">
                <Coords points="680,1785 721,1791 729,1800 802,1787 846,1806 864,1789 890,1801 916,1793 918,1731 897,1731 882,1742 839,1738 827,1747 766,1737 739,1748 681,1747"/>
                <Baseline points="696,1777 721,1776 747,1776 773,1776 799,1777 824,1778 850,1779 876,1780 902,1779"/>
                <TextEquiv>
                    <Unicode>vermochte.</Unicode>
                </TextEquiv>
            </TextLine>
            <TextLine id="r2l15" custom="readingOrder {index:14;}">
                <Coords points="1871,1826 3042,1832 3041,1765 1871,1782"/>
                <Baseline points="1886,1822 1943,1822 2000,1821 2057,1821 2114,1821 2171,1820 2228,1820 2285,1819 2342,1819 2399,1818 2457,1818 2514,1818 2571,1817 2628,1817 2685,1817 2742,1817 2799,1817 2856,1817 2913,1818 2970,1818 3028,1819"/>
                <TextEquiv>
                    <Unicode>nicht entziehen kann und deren persönlicher Wirkung keiner</Unicode>
                </TextEquiv>
            </TextLine>
            <TextLine id="r2l16" custom="readingOrder {index:15;}">
                <Coords points="780,1861 1756,1871 1852,1859 1852,1792 1437,1822 1133,1782 1063,1823 780,1818"/>
                <Baseline points="795,1852 847,1853 899,1855 951,1857 1003,1858 1055,1859 1107,1860 1159,1860 1211,1861 1263,1861 1315,1861 1367,1860 1419,1860 1471,1859 1523,1858 1575,1857 1627,1857 1679,1855 1731,1854 1783,1852 1836,1851"/>
                <TextEquiv>
                    <Unicode>Erinnert man sich des Humors, den Schnitzler so reich¬</Unicode>
                </TextEquiv>
            </TextLine>
            <TextLine id="r2l17" custom="readingOrder {index:16;}">
                <Coords points="1864,1868 2868,1888 3003,1876 3043,1811 1864,1824"/>
                <Baseline points="1877,1872 1934,1870 1992,1868 2049,1867 2107,1867 2165,1866 2222,1866 2280,1865 2337,1865 2395,1865 2453,1866 2510,1866 2568,1866 2625,1866 2683,1866 2741,1866 2798,1866 2856,1865 2913,1865 2971,1864 3029,1863"/>
                <TextEquiv>
                    <Unicode>je vergessen wird, der sie erfahren durfte. Schnitzlers Phantasie</Unicode>
                </TextEquiv>
            </TextLine>
            <TextLine id="r2l18" custom="readingOrder {index:17;}">
                <Coords points="687,1915 1855,1917 1823,1853 687,1857"/>
                <Baseline points="702,1903 758,1904 815,1905 872,1906 929,1907 986,1907 1043,1908 1100,1909 1157,1909 1214,1910 1271,1910 1327,1910 1384,1910 1441,1909 1498,1909 1555,1908 1612,1907 1669,1906 1726,1904 1783,1903 1840,1900"/>
                <TextEquiv>
                    <Unicode>lich und so erfrischend besessen hat, denkt man seiner fast</Unicode>
                </TextEquiv>
            </TextLine>
            <TextLine id="r2l19" custom="readingOrder {index:18;}">
                <Coords points="1870,1926 3044,1928 3020,1855 2722,1891 1870,1886"/>
                <Baseline points="1885,1916 1942,1915 1999,1915 2056,1914 2113,1914 2171,1914 2228,1914 2285,1914 2342,1913 2399,1913 2457,1913 2514,1913 2571,1913 2628,1913 2685,1913 2743,1913 2800,1912 2857,1912 2914,1911 2971,1911 3029,1910"/>
                <TextEquiv>
                    <Unicode>sprudelte unerschöpfliche Stoffe, Entwürfe, Pläne zutage.</Unicode>
                </TextEquiv>
            </TextLine>
            <TextLine id="r2l20" custom="readingOrder {index:19;}">
                <Coords points="686,1955 1843,1971 1863,1898 686,1914"/>
                <Baseline points="702,1953 759,1953 816,1954 873,1955 931,1955 988,1957 1045,1958 1103,1958 1160,1959 1217,1960 1275,1960 1332,1961 1389,1961 1446,1960 1504,1960 1561,1959 1618,1957 1676,1954 1733,1952 1790,1949 1848,1945"/>
                <TextEquiv>
                    <Unicode>kindlich naiven Sinnenfreude, seines gelegentlichen Ueber¬</Unicode>
                </TextEquiv>
            </TextLine>
            <TextLine id="r2l21" custom="readingOrder {index:20;}">
                <Coords points="1856,1961 3038,1977 3038,1927 2951,1913 1856,1926"/>
                <Baseline points="1871,1962 1928,1962 1986,1962 2043,1961 2101,1961 2159,1961 2216,1960 2274,1960 2331,1960 2389,1960 2447,1960 2504,1960 2562,1959 2619,1959 2677,1959 2735,1959 2792,1959 2850,1958 2907,1958 2965,1958 3023,1957"/>
                <TextEquiv>
                    <Unicode>Wie oft, wie sehr oft kam er und sagte mit einer komischen,</Unicode>
                </TextEquiv>
            </TextLine>
            <TextLine id="r2l22" custom="readingOrder {index:21;}">
                <Coords points="691,1999 1856,2013 1835,1952 691,1955"/>
                <Baseline points="706,1999 762,2000 819,2000 876,2001 932,2002 989,2002 1046,2003 1102,2003 1159,2004 1216,2004 1273,2004 1329,2004 1386,2004 1443,2004 1499,2003 1556,2002 1613,2001 1669,2000 1726,1998 1783,1996 1840,1994"/>
                <TextEquiv>
                    <Unicode>mutes, der freilich nur selten, dann aber hinreißend auf¬</Unicode>
                </TextEquiv>
            </TextLine>
            <TextLine id="r2l23" custom="readingOrder {index:22;}">
                <Coords points="1871,2016 3042,2022 3042,1957 1871,1973"/>
                <Baseline points="1886,2009 1943,2009 2000,2009 2057,2009 2114,2009 2171,2009 2228,2009 2285,2009 2342,2009 2399,2009 2456,2008 2513,2008 2570,2008 2627,2007 2684,2007 2741,2006 2798,2006 2855,2005 2912,2004 2969,2003 3027,2002"/>
                <TextEquiv>
                    <Unicode>mit einer schalkhaften Miene: „Mir ist schon wieder ein</Unicode>
                </TextEquiv>
            </TextLine>
            <TextLine id="r2l24" custom="readingOrder {index:23;}">
                <Coords points="686,2044 1854,2045 1740,1993 686,2006"/>
                <Baseline points="701,2046 757,2047 814,2048 871,2048 928,2049 985,2049 1042,2050 1099,2050 1156,2050 1213,2050 1270,2050 1326,2050 1383,2049 1440,2049 1497,2048 1554,2047 1611,2046 1668,2045 1725,2044 1782,2043 1839,2041"/>
                <TextEquiv>
                    <Unicode>schäumen konnte, besinnt man sich der ungeheueren Einfalls¬</Unicode>
                </TextEquiv>
            </TextLine>
            <TextLine id="r2l25" custom="readingOrder {index:24;}">
                <Coords points="1862,2075 2960,2068 3044,2056 3044,2004 1862,2023"/>
                <Baseline points="1876,2057 1933,2055 1991,2055 2049,2054 2107,2054 2164,2054 2222,2054 2280,2054 2338,2054 2395,2054 2453,2054 2511,2054 2569,2054 2626,2054 2684,2054 2742,2054 2800,2053 2857,2052 2915,2051 2973,2050 3031,2048"/>
                <TextEquiv>
                    <Unicode>Lustspiel eingefallen .. .“ Er zögerte, brach in helles Lachen</Unicode>
                </TextEquiv>
            </TextLine>
            <TextLine id="r2l26" custom="readingOrder {index:25;}">
                <Coords points="677,2094 1863,2112 1863,2042 677,2056"/>
                <Baseline points="693,2094 750,2095 808,2096 866,2096 923,2096 981,2097 1039,2097 1096,2097 1154,2097 1212,2097 1270,2096 1327,2096 1385,2096 1443,2095 1500,2095 1558,2094 1616,2093 1673,2093 1731,2092 1789,2091 1847,2090"/>
                <TextEquiv>
                    <Unicode>fülle humorig, blitzender Sentenzen und Situationen, die</Unicode>
                </TextEquiv>
            </TextLine>
            <TextLine id="r2l27" custom="readingOrder {index:26;}">
                <Coords points="1868,2113 3007,2111 3045,2056 1868,2069"/>
                <Baseline points="1882,2104 1939,2103 1996,2103 2054,2102 2111,2102 2169,2102 2226,2102 2283,2102 2341,2102 2398,2103 2456,2103 2513,2103 2570,2103 2628,2103 2685,2102 2743,2102 2800,2101 2857,2100 2915,2099 2972,2097 3030,2095"/>
                <TextEquiv>
                    <Unicode>aus und berichtete sodann voll Ergötzen: „.. aber der Held</Unicode>
                </TextEquiv>
            </TextLine>
            <TextLine id="r2l28" custom="readingOrder {index:27;}">
                <Coords points="688,2140 1795,2155 1865,2151 1865,2084 688,2105"/>
                <Baseline points="703,2145 760,2144 817,2144 875,2143 932,2143 990,2143 1047,2142 1104,2142 1162,2142 1219,2143 1277,2143 1334,2143 1391,2142 1449,2142 1506,2142 1564,2141 1621,2141 1678,2140 1736,2139 1793,2137 1851,2135"/>
                <TextEquiv>
                    <Unicode>ihm zuströmte, dann glaubt man, er war zur Heiterkeit ge¬</Unicode>
                </TextEquiv>
            </TextLine>
            <TextLine id="r2l29" custom="readingOrder {index:28;}">
                <Coords points="1871,2157 3051,2152 3050,2088 1871,2110"/>
                <Baseline points="1886,2150 1943,2149 2001,2149 2058,2148 2116,2148 2173,2148 2231,2148 2288,2148 2346,2149 2403,2149 2461,2149 2518,2149 2576,2149 2633,2149 2691,2149 2748,2148 2806,2148 2863,2146 2921,2145 2978,2143 3036,2140"/>
                <TextEquiv>
                    <Unicode>wird ermordet!“ Wie oft kreuzte er in selbstironischer Rat¬</Unicode>
                </TextEquiv>
            </TextLine>
            <TextLine id="r2l30" custom="readingOrder {index:29;}">
                <Coords points="686,2208 1749,2202 1860,2193 1860,2137 686,2138"/>
                <Baseline points="700,2195 757,2193 814,2192 871,2192 929,2191 986,2191 1043,2190 1100,2190 1158,2190 1215,2190 1272,2190 1329,2190 1387,2190 1444,2189 1501,2189 1558,2188 1616,2187 1673,2186 1730,2185 1787,2183 1845,2181"/>
                <TextEquiv>
                    <Unicode>schaffen. Liest man in dem jetzt vorliegenden Band die Titel¬</Unicode>
                </TextEquiv>
            </TextLine>
            <TextLine id="r2l31" custom="readingOrder {index:30;}">
                <Coords points="1863,2206 2914,2211 3048,2201 3048,2131 2937,2170 1863,2153"/>
                <Baseline points="1877,2193 1934,2194 1992,2195 2050,2195 2108,2196 2166,2196 2224,2196 2281,2196 2339,2196 2397,2196 2455,2195 2513,2195 2571,2194 2629,2194 2686,2193 2744,2193 2802,2192 2860,2192 2918,2191 2976,2191 3034,2191"/>
                <TextEquiv>
                    <Unicode>losigkeit die Hände, griff mit der Rechten das Gelenk der</Unicode>
                </TextEquiv>
            </TextLine>
            <TextLine id="r2l32" custom="readingOrder {index:31;}">
                <Coords points="680,2248 1573,2252 1725,2220 1827,2248 1859,2193 679,2198"/>
                <Baseline points="693,2238 750,2238 808,2237 865,2237 923,2237 981,2238 1038,2238 1096,2238 1153,2238 1211,2238 1269,2238 1326,2238 1384,2237 1441,2237 1499,2237 1557,2236 1614,2235 1672,2234 1729,2233 1787,2231 1845,2230"/>
                <TextEquiv>
                    <Unicode>novelle oder „Er wartet auf den vazierenden Gott“ oder</Unicode>
                </TextEquiv>
            </TextLine>
            <TextLine id="r2l33" custom="readingOrder {index:32;}">
                <Coords points="1856,2241 2921,2242 3050,2274 3050,2201 3015,2198 1856,2206"/>
                <Baseline points="1871,2240 1929,2240 1987,2240 2045,2240 2103,2240 2161,2240 2219,2240 2278,2240 2336,2241 2394,2241 2452,2241 2510,2242 2568,2242 2626,2242 2685,2242 2743,2242 2801,2242 2859,2241 2917,2240 2975,2239 3034,2238"/>
                <TextEquiv>
                    <Unicode>Linken, eine Gebärde, die ihm eigentümlich war, und rief:</Unicode>
                </TextEquiv>
            </TextLine>
            <TextLine id="r2l34" custom="readingOrder {index:33;}">
                <Coords points="686,2298 1790,2297 1848,2288 1848,2241 686,2255"/>
                <Baseline points="701,2285 757,2285 814,2285 871,2285 927,2284 984,2284 1041,2284 1097,2284 1154,2284 1211,2284 1268,2284 1324,2284 1381,2284 1438,2284 1494,2284 1551,2283 1608,2282 1664,2282 1721,2281 1778,2280 1835,2279"/>
                <TextEquiv>
                    <Unicode>„Welch eine Melodie“ oder die ins Groteske spielende Ge¬</Unicode>
                </TextEquiv>
            </TextLine>
            <TextLine id="r2l35" custom="readingOrder {index:34;}">
                <Coords points="1858,2310 3050,2312 3032,2231 2860,2263 1858,2246"/>
                <Baseline points="1873,2292 1931,2291 1989,2290 2047,2289 2105,2289 2163,2289 2221,2288 2279,2288 2337,2288 2395,2288 2453,2288 2511,2288 2569,2288 2627,2288 2685,2288 2743,2288 2801,2288 2859,2287 2917,2287 2975,2287 3034,2286"/>
                <TextEquiv>
                    <Unicode>„Was soll ich anfangen? Meine Lustspielpersonen nehmen</Unicode>
                </TextEquiv>
            </TextLine>
            <TextLine id="r2l36" custom="readingOrder {index:35;}">
                <Coords points="683,2353 1850,2342 1850,2287 682,2304"/>
                <Baseline points="697,2334 753,2333 810,2333 867,2332 924,2332 981,2331 1038,2331 1095,2331 1152,2331 1209,2331 1266,2331 1322,2331 1379,2331 1436,2331 1493,2331 1550,2330 1607,2330 1664,2329 1721,2328 1778,2327 1835,2325"/>
                <TextEquiv>
                    <Unicode>schichte „Wohltaten, still und rein gegeben“ oder gar</Unicode>
                </TextEquiv>
            </TextLine>
            <TextLine id="r2l37" custom="readingOrder {index:36;}">
                <Coords points="1860,2342 3040,2333 3040,2300 2868,2286 1860,2298"/>
                <Baseline points="1876,2339 1933,2338 1990,2337 2048,2336 2105,2336 2163,2335 2220,2335 2278,2335 2335,2335 2393,2336 2450,2336 2507,2336 2565,2336 2622,2337 2680,2337 2737,2337 2795,2337 2852,2337 2910,2336 2967,2336 3025,2335"/>
                <TextEquiv>
                    <Unicode>alle ein schreckliches Ende!“ Und schien gar nicht zu wissen,</Unicode>
                </TextEquiv>
            </TextLine>
            <TextLine id="r2l38" custom="readingOrder {index:37;}">
                <Coords points="681,2381 1773,2389 1861,2382 1861,2330 681,2355"/>
                <Baseline points="695,2384 752,2382 810,2381 867,2380 925,2379 983,2378 1040,2378 1098,2378 1155,2378 1213,2378 1271,2379 1328,2379 1386,2379 1443,2379 1501,2378 1559,2378 1616,2377 1674,2376 1731,2374 1789,2372 1847,2370"/>
                <TextEquiv>
                    <Unicode>„Exzentrik“, festigt sich die Meinung, hier sei ein Dichter</Unicode>
                </TextEquiv>
            </TextLine>
            <TextLine id="r2l39" custom="readingOrder {index:38;}">
                <Coords points="1876,2391 2799,2380 3044,2412 3044,2333 1876,2344"/>
                <Baseline points="1890,2386 1947,2385 2004,2384 2061,2383 2118,2383 2175,2382 2232,2382 2289,2382 2346,2382 2403,2382 2460,2383 2517,2383 2574,2383 2631,2383 2688,2383 2745,2383 2802,2383 2859,2382 2916,2382 2973,2381 3030,2380"/>
                <TextEquiv>
                    <Unicode>wie unentrinnbar er einem Schicksal verknüpft blieb, das</Unicode>
                </TextEquiv>
            </TextLine>
            <TextLine id="r2l40" custom="readingOrder {index:39;}">
                <Coords points="675,2437 1858,2436 1858,2380 935,2361 675,2391"/>
                <Baseline points="691,2428 748,2426 806,2425 863,2424 921,2424 979,2424 1036,2424 1094,2424 1152,2425 1209,2425 1267,2426 1325,2426 1382,2427 1440,2427 1498,2427 1555,2426 1613,2426 1671,2425 1728,2423 1786,2421 1844,2418"/>
                <TextEquiv>
                    <Unicode>gewesen mit der Gabe begnadigt, alles Schwere, alles Trüb¬</Unicode>
                </TextEquiv>
            </TextLine>
            <TextLine id="r2l41" custom="readingOrder {index:40;}">
                <Coords points="1871,2437 2960,2444 3054,2427 3054,2389 1871,2393"/>
                <Baseline points="1885,2430 1942,2430 2000,2429 2058,2429 2116,2429 2173,2429 2231,2429 2289,2430 2347,2430 2404,2430 2462,2430 2520,2431 2578,2431 2635,2431 2693,2431 2751,2430 2809,2430 2866,2429 2924,2428 2982,2427 3040,2425"/>
                <TextEquiv>
                    <Unicode>stärker war als er. Oder wußte er es doch? Dieser wunder¬</Unicode>
                </TextEquiv>
            </TextLine>
            <TextLine id="r2l42" custom="readingOrder {index:41;}">
                <Coords points="689,2484 1831,2483 1854,2424 689,2429"/>
                <Baseline points="703,2473 759,2472 816,2472 873,2471 930,2471 987,2471 1043,2471 1100,2471 1157,2471 1214,2472 1271,2472 1327,2472 1384,2473 1441,2473 1498,2473 1555,2472 1611,2472 1668,2471 1725,2470 1782,2469 1839,2467"/>
                <TextEquiv>
                    <Unicode>selige in die Höhensonne des Lächelns zu erheben. Eines von</Unicode>
                </TextEquiv>
            </TextLine>
            <TextLine id="r2l43" custom="readingOrder {index:42;}">
                <Coords points="1869,2485 2807,2501 3014,2487 3046,2425 1869,2438"/>
                <Baseline points="1884,2478 1941,2477 1998,2477 2056,2477 2113,2477 2170,2477 2228,2477 2285,2478 2342,2478 2400,2478 2457,2478 2514,2479 2572,2479 2629,2479 2686,2479 2744,2478 2801,2477 2858,2477 2916,2475 2973,2474 3031,2472"/>
                <TextEquiv>
                    <Unicode>bare, innerlich reine und adelige Mensch, dessen Nähe so viel</Unicode>
                </TextEquiv>
            </TextLine>
            <TextLine id="r2l44" custom="readingOrder {index:43;}">
                <Coords points="690,2529 1645,2540 1852,2524 1852,2478 690,2482"/>
                <Baseline points="706,2523 762,2521 819,2520 875,2519 932,2518 989,2518 1045,2518 1102,2518 1159,2518 1215,2518 1272,2519 1329,2519 1385,2519 1442,2519 1499,2519 1555,2519 1612,2518 1669,2517 1725,2516 1782,2514 1839,2512"/>
                <TextEquiv>
                    <Unicode>Schnitzlers Meisterwerken, das jetzt zu Paris den stürmischen</Unicode>
                </TextEquiv>
            </TextLine>
            <TextLine id="r2l45" custom="readingOrder {index:44;}">
                <Coords points="1870,2530 3047,2544 3047,2471 2805,2501 1870,2481"/>
                <Baseline points="1885,2524 1942,2525 1999,2525 2057,2526 2114,2526 2172,2526 2229,2526 2286,2526 2344,2526 2401,2526 2459,2525 2516,2525 2573,2525 2631,2525 2688,2524 2746,2524 2803,2524 2860,2525 2918,2525 2975,2526 3033,2526"/>
                <TextEquiv>
                    <Unicode>Beglückung spendete, dessen Verlust so schwer zu tragen ist,</Unicode>
                </TextEquiv>
            </TextLine>
            <TextLine id="r2l46" custom="readingOrder {index:45;}">
                <Coords points="677,2584 1862,2582 1862,2527 676,2535"/>
                <Baseline points="691,2572 748,2570 806,2569 864,2567 922,2566 980,2566 1037,2565 1095,2565 1153,2565 1211,2566 1269,2566 1326,2566 1384,2567 1442,2567 1500,2567 1558,2567 1615,2566 1673,2565 1731,2564 1789,2562 1847,2560"/>
                <TextEquiv>
                    <Unicode>Frohsinn aller Verstehenden erregt, die Szenenfolge „Reigen“,</Unicode>
                </TextEquiv>
            </TextLine>
            <TextLine id="r2l47" custom="readingOrder {index:46;}">
                <Coords points="1869,2580 2683,2558 3048,2601 3048,2528 1868,2530"/>
                <Baseline points="1882,2571 1939,2572 1997,2572 2054,2572 2112,2572 2170,2573 2227,2572 2285,2572 2342,2572 2400,2572 2458,2572 2515,2572 2573,2571 2630,2571 2688,2571 2746,2571 2803,2570 2861,2570 2918,2570 2976,2570 3034,2570"/>
                <TextEquiv>
                    <Unicode>lebt mit allen Elementen seines Werdens seines Schaffens</Unicode>
                </TextEquiv>
            </TextLine>
            <TextLine id="r2l48" custom="readingOrder {index:47;}">
                <Coords points="677,2618 1813,2624 1857,2618 1857,2566 677,2580"/>
                <Baseline points="691,2618 748,2616 806,2615 863,2614 921,2613 978,2613 1036,2613 1093,2613 1151,2613 1208,2614 1266,2614 1323,2614 1381,2615 1438,2615 1496,2615 1553,2615 1611,2614 1668,2614 1726,2612 1783,2611 1841,2609"/>
                <TextEquiv>
                    <Unicode>zeugt für ein Lustspieltalent vom Format des Aristophanes.</Unicode>
                </TextEquiv>
            </TextLine>
            <TextLine id="r2l49" custom="readingOrder {index:48;}">
                <Coords points="1857,2629 3043,2616 3019,2572 2683,2558 1857,2579"/>
                <Baseline points="1871,2617 1928,2618 1986,2618 2044,2618 2102,2618 2160,2619 2218,2619 2275,2619 2333,2619 2391,2618 2449,2618 2507,2618 2565,2618 2623,2618 2680,2618 2738,2618 2796,2617 2854,2617 2912,2617 2970,2617 3028,2617"/>
                <TextEquiv>
                    <Unicode>in dem Buche wieder auf, das wir jetzt besitzen. Dieses Buch</Unicode>
                </TextEquiv>
            </TextLine>
            <TextLine id="r2l50" custom="readingOrder {index:49;}">
                <Coords points="687,2682 1843,2673 1861,2618 687,2620"/>
                <Baseline points="702,2665 759,2664 816,2663 873,2662 931,2662 988,2662 1045,2661 1102,2661 1160,2661 1217,2661 1274,2661 1331,2661 1389,2661 1446,2661 1503,2662 1560,2661 1618,2661 1675,2661 1732,2661 1789,2660 1847,2659"/>
                <TextEquiv>
                    <Unicode>Doch die Hand der Vorsehung, die das V##rden Schnitzlers</Unicode>
                </TextEquiv>
            </TextLine>
            <TextLine id="r2l51" custom="readingOrder {index:50;}">
                <Coords points="1866,2677 2970,2680 3046,2651 3046,2616 1866,2619"/>
                <Baseline points="1880,2667 1937,2666 1995,2666 2052,2665 2110,2665 2167,2665 2225,2665 2282,2665 2340,2665 2397,2665 2455,2665 2512,2665 2570,2665 2627,2665 2685,2666 2742,2666 2800,2666 2857,2666 2915,2665 2972,2665 3030,2665"/>
                <TextEquiv>
                    <Unicode>ermöglicht allen, die Schnitzler nicht persönlich kannten, ihm</Unicode>
                </TextEquiv>
            </TextLine>
            <TextLine id="r2l52" custom="readingOrder {index:51;}">
                <Coords points="684,2721 1852,2725 1852,2664 684,2685"/>
                <Baseline points="698,2714 757,2712 817,2711 877,2710 937,2710 997,2709 1057,2709 1117,2709 1177,2709 1237,2709 1297,2709 1357,2709 1417,2710 1477,2710 1537,2710 1597,2710 1657,2710 1717,2710 1777,2709 1837,2709"/>
                <TextEquiv>
                    <Unicode>gelenkt hat, bestimmte es anders. Dem Blick war auf Elend,</Unicode>
                </TextEquiv>
            </TextLine>
            <TextLine id="r2l53" custom="readingOrder {index:52;}">
                <Coords points="1866,2717 2917,2733 3042,2726 3042,2679 1865,2673"/>
                <Baseline points="1880,2716 1937,2716 1994,2717 2052,2717 2109,2717 2167,2717 2224,2717 2281,2716 2339,2716 2396,2716 2454,2715 2511,2715 2568,2715 2626,2714 2683,2714 2741,2714 2798,2713 2855,2713 2913,2713 2970,2713 3028,2713"/>
                <TextEquiv>
                    <Unicode>näher zu kommen, gibt allen, die ihn erlebt haben, Auf¬</Unicode>
                </TextEquiv>
            </TextLine>
            <TextLine id="r2l54" custom="readingOrder {index:53;}">
                <Coords points="673,2764 1859,2774 1838,2710 673,2714"/>
                <Baseline points="689,2759 746,2759 804,2758 862,2757 919,2757 977,2757 1035,2757 1092,2757 1150,2758 1208,2758 1266,2758 1323,2758 1381,2758 1439,2758 1496,2758 1554,2758 1612,2758 1669,2757 1727,2756 1785,2755 1843,2753"/>
                <TextEquiv>
                    <Unicode>Krankheit und Tod gerichtet durch das ärztlich Studium,</Unicode>
                </TextEquiv>
            </TextLine>
            <TextLine id="r2l55" custom="readingOrder {index:54;}">
                <Coords points="1873,2767 2872,2775 3041,2752 3041,2711 1873,2717"/>
                <Baseline points="1888,2760 1945,2760 2002,2760 2059,2760 2116,2760 2173,2761 2230,2761 2287,2761 2344,2762 2401,2762 2458,2762 2515,2762 2572,2763 2629,2763 2686,2762 2743,2762 2800,2761 2857,2760 2914,2759 2971,2758 3028,2756"/>
                <TextEquiv>
                    <Unicode>schlüsse zu seinem Gedächtnis, das immer lebendiger und</Unicode>
                </TextEquiv>
            </TextLine>
            <TextLine id="r2l56" custom="readingOrder {index:55;}">
                <Coords points="684,2810 1841,2816 1870,2749 684,2766"/>
                <Baseline points="700,2802 757,2802 815,2803 873,2803 931,2803 989,2804 1046,2804 1104,2805 1162,2805 1220,2806 1278,2806 1335,2806 1393,2806 1451,2806 1509,2806 1567,2805 1624,2805 1682,2804 1740,2803 1798,2802 1856,2800"/>
                <TextEquiv>
                    <Unicode>das tief in seinem Herzen Mitfühlen wachrief, das seine</Unicode>
                </TextEquiv>
            </TextLine>
            <TextLine id="r2l57" custom="readingOrder {index:56;}">
                <Coords points="1875,2812 3037,2822 3037,2773 2918,2758 1875,2768"/>
                <Baseline points="1889,2805 1945,2807 2002,2808 2059,2809 2116,2810 2172,2810 2229,2811 2286,2811 2343,2811 2399,2810 2456,2810 2513,2810 2570,2809 2626,2808 2683,2808 2740,2807 2797,2807 2853,2806 2910,2805 2967,2805 3024,2804"/>
                <TextEquiv>
                    <Unicode>leuchtender wird. Er hat mehr gewußt, Arthur Schnitzler, als</Unicode>
                </TextEquiv>
            </TextLine>
            <TextLine id="r2l58" custom="readingOrder {index:57;}">
                <Coords points="679,2858 1868,2869 1868,2805 679,2806"/>
                <Baseline points="693,2851 751,2851 809,2851 867,2852 925,2852 983,2852 1041,2853 1099,2853 1157,2853 1215,2853 1273,2853 1331,2853 1389,2853 1447,2853 1505,2853 1563,2852 1621,2852 1679,2851 1737,2851 1795,2850 1853,2849"/>
                <TextEquiv>
                    <Unicode>Fröhlichkeit oft und oft dämpfte. Sein Hinwandeln zwischen</Unicode>
                </TextEquiv>
            </TextLine>
            <TextLine id="r2l59" custom="readingOrder {index:58;}">
                <Coords points="1869,2859 3037,2862 3037,2818 2943,2803 1869,2809"/>
                <Baseline points="1883,2852 1940,2854 1997,2856 2054,2857 2111,2857 2168,2858 2225,2858 2282,2858 2339,2858 2396,2858 2453,2857 2510,2857 2567,2856 2624,2856 2681,2856 2738,2855 2795,2855 2852,2856 2909,2856 2966,2857 3023,2858"/>
                <TextEquiv>
                    <Unicode>die Leser gewöhnlich merken. Sein Verhältnis zum Dasein,</Unicode>
                </TextEquiv>
            </TextLine>
            <TextLine id="r2l60" custom="readingOrder {index:59;}">
                <Coords points="682,2892 2953,2916 3044,2846 682,2860"/>
                <Baseline points="695,2897 811,2897 928,2897 1045,2897 1162,2897 1278,2897 1395,2898 1512,2899 1629,2899 1745,2900 1862,2901 1979,2901 2096,2902 2212,2902 2329,2902 2446,2902 2563,2901 2679,2900 2796,2899 2913,2898 3030,2896"/>
                <TextEquiv>
                    <Unicode>hellstem Glanz und traurigsten Nachtseiten des Daseins gab dieses erst nur ahnende, später ganz bewußte freie, tapfere</Unicode>
                </TextEquiv>
            </TextLine>
            <TextLine id="r2l61" custom="readingOrder {index:60;}">
                <Coords points="677,2946 1801,2961 1854,2900 677,2908"/>
                <Baseline points="691,2941 748,2941 805,2941 863,2941 920,2941 978,2941 1035,2942 1092,2942 1150,2942 1207,2943 1265,2944 1322,2944 1379,2944 1437,2945 1494,2945 1552,2945 1609,2945 1666,2944 1724,2943 1781,2943 1839,2941"/>
                <TextEquiv>
                    <Unicode>der Schwermut Anlaß über Anlaß, der Neigung zur Melan¬</Unicode>
                </TextEquiv>
            </TextLine>
            <TextLine id="r2l62" custom="readingOrder {index:61;}">
                <Coords points="1863,2954 3025,2955 2987,2905 1863,2919"/>
                <Baseline points="1877,2944 1933,2945 1990,2946 2047,2947 2103,2947 2160,2948 2217,2948 2273,2948 2330,2949 2387,2949 2444,2949 2500,2948 2557,2948 2614,2948 2670,2948 2727,2948 2784,2947 2840,2947 2897,2947 2954,2947 3011,2947"/>
                <TextEquiv>
                    <Unicode>und ernste Ringen mit dem Schicksal ist sein hohes Werk,</Unicode>
                </TextEquiv>
            </TextLine>
            <TextLine id="r2l63" custom="readingOrder {index:62;}">
                <Coords points="685,2995 2968,3021 3041,2945 685,2957"/>
                <Baseline points="700,2988 816,2990 932,2991 1049,2992 1165,2993 1282,2994 1398,2995 1514,2995 1631,2996 1747,2996 1864,2996 1980,2996 2096,2996 2213,2997 2329,2996 2446,2996 2562,2996 2678,2996 2795,2996 2911,2995 3028,2995"/>
                <TextEquiv>
                    <Unicode>cholie, die in der Seele jedes Dichters schlummert, auch des ist seine hohe menschliche Leistung geworden. Dessen bleibt</Unicode>
                </TextEquiv>
            </TextLine>
            <TextLine id="r2l64" custom="readingOrder {index:63;}">
                <Coords points="678,3038 2739,3045 678,2997"/>
                <Baseline points="691,3037 792,3039 894,3041 995,3042 1097,3043 1199,3044 1300,3044 1402,3044 1503,3044 1605,3044 1707,3044 1808,3044 1910,3044 2011,3043 2113,3043 2215,3043 2316,3043 2418,3044 2519,3044 2621,3045 2723,3047"/>
                <TextEquiv>
                    <Unicode>Dichters, dessen Natur von Humor gesegnet ist. Dann haben“ dieses Nachlaßbuch ein wichtiges Dokunent.</Unicode>
                </TextEquiv>
            </TextLine>
            <TextEquiv>
                <Unicode>—
box 38/2
Schnitzlers persönliche Schicksale das übrige getan. So war
loses Schluchzen aus. In der legendenhaften Erzählung „Um
in ihm eine kostbare Mischung vollendet: Tragik, Humor,
eine Stunde“ schwingt ein Echo dieses tragischen Ereignisses.
Ernst, Witz und tieferes Bedeuten. Dieses Dichterwesen in
Einige Jahre mußten vergehen, bis dieser Schlag halbwegs
seiner herbsüßen Art, in seinem würzigen Gehalt, in seinem
überwunden werden konnte, lange Jahre brauchte es, bis
Wechsel von Trauer und Gelächter, in seinen Uebergängen
Schnitzler in einem neuen Bund Beschwichtigung zu finden
aus Dur in Moll, stellt eine Einmaligkeit dar der man sich
vermochte.
nicht entziehen kann und deren persönlicher Wirkung keiner
Erinnert man sich des Humors, den Schnitzler so reich¬
je vergessen wird, der sie erfahren durfte. Schnitzlers Phantasie
lich und so erfrischend besessen hat, denkt man seiner fast
sprudelte unerschöpfliche Stoffe, Entwürfe, Pläne zutage.
kindlich naiven Sinnenfreude, seines gelegentlichen Ueber¬
Wie oft, wie sehr oft kam er und sagte mit einer komischen,
mutes, der freilich nur selten, dann aber hinreißend auf¬
mit einer schalkhaften Miene: „Mir ist schon wieder ein
schäumen konnte, besinnt man sich der ungeheueren Einfalls¬
Lustspiel eingefallen .. .“ Er zögerte, brach in helles Lachen
fülle humorig, blitzender Sentenzen und Situationen, die
aus und berichtete sodann voll Ergötzen: „.. aber der Held
ihm zuströmte, dann glaubt man, er war zur Heiterkeit ge¬
wird ermordet!“ Wie oft kreuzte er in selbstironischer Rat¬
schaffen. Liest man in dem jetzt vorliegenden Band die Titel¬
losigkeit die Hände, griff mit der Rechten das Gelenk der
novelle oder „Er wartet auf den vazierenden Gott“ oder
Linken, eine Gebärde, die ihm eigentümlich war, und rief:
„Welch eine Melodie“ oder die ins Groteske spielende Ge¬
„Was soll ich anfangen? Meine Lustspielpersonen nehmen
schichte „Wohltaten, still und rein gegeben“ oder gar
alle ein schreckliches Ende!“ Und schien gar nicht zu wissen,
„Exzentrik“, festigt sich die Meinung, hier sei ein Dichter
wie unentrinnbar er einem Schicksal verknüpft blieb, das
gewesen mit der Gabe begnadigt, alles Schwere, alles Trüb¬
stärker war als er. Oder wußte er es doch? Dieser wunder¬
selige in die Höhensonne des Lächelns zu erheben. Eines von
bare, innerlich reine und adelige Mensch, dessen Nähe so viel
Schnitzlers Meisterwerken, das jetzt zu Paris den stürmischen
Beglückung spendete, dessen Verlust so schwer zu tragen ist,
Frohsinn aller Verstehenden erregt, die Szenenfolge „Reigen“,
lebt mit allen Elementen seines Werdens seines Schaffens
zeugt für ein Lustspieltalent vom Format des Aristophanes.
in dem Buche wieder auf, das wir jetzt besitzen. Dieses Buch
Doch die Hand der Vorsehung, die das V##rden Schnitzlers
ermöglicht allen, die Schnitzler nicht persönlich kannten, ihm
gelenkt hat, bestimmte es anders. Dem Blick war auf Elend,
näher zu kommen, gibt allen, die ihn erlebt haben, Auf¬
Krankheit und Tod gerichtet durch das ärztlich Studium,
schlüsse zu seinem Gedächtnis, das immer lebendiger und
das tief in seinem Herzen Mitfühlen wachrief, das seine
leuchtender wird. Er hat mehr gewußt, Arthur Schnitzler, als
Fröhlichkeit oft und oft dämpfte. Sein Hinwandeln zwischen
die Leser gewöhnlich merken. Sein Verhältnis zum Dasein,
hellstem Glanz und traurigsten Nachtseiten des Daseins gab dieses erst nur ahnende, später ganz bewußte freie, tapfere
der Schwermut Anlaß über Anlaß, der Neigung zur Melan¬
und ernste Ringen mit dem Schicksal ist sein hohes Werk,
cholie, die in der Seele jedes Dichters schlummert, auch des ist seine hohe menschliche Leistung geworden. Dessen bleibt
Dichters, dessen Natur von Humor gesegnet ist. Dann haben“ dieses Nachlaßbuch ein wichtiges Dokunent.</Unicode>
            </TextEquiv>
        </TextRegion>
    </Page>
</PcGts>
