3344 4384
125 268 731 382 2. Cuttings
1808 187 2387 259 —
878 261 1320 349 box 38/2
836 1211 962 1273 108
1185 1197 1905 1291 THE GERMAN OUARTERLY
844 1298 2262 1353 very happy comparison of these two works. Nor does the state¬
842 1378 2253 1425 ment (p. xiii, lines 22, 23) that Das Vermächtnis“ is a drama for
833 1426 2257 1471 parents-in-law'' seem particularly apt for a play whose theme is
848 1459 2262 1505 that of the unmarried mother. It is not very clear why Berta
842 1499 2258 1557 Garlan in comparison with Frau Beate should be characterized as
838 1555 2266 1610 #frivolous'’ (p. xvili, l. 25). On p. xix (lines 3, 4) we are quite
834 1606 2265 1652 seriously told that" In Doktor Gräsler, Badearzt .. we have
843 1645 2231 1702 what may be reasonably called either an experiment or a joke.'
836 1687 2265 1746 It is much to be doubted,'' Dr. Porterfield predicts (p. xxvili,
830 1745 2262 1796 lines 3-8),“whether he himself fie, Schnitzler) could throw
842 1783 2265 1825 the light that never fails on the question of his sources; nor
844 1825 2251 1875 is it at all probable that he will ever write his autobiography, for
835 1876 2256 1928 he has given a number of intimidating hints that his private life
846 1926 2263 1977 is his private affair.?' One does not like to share this doubt.
833 1968 2260 2025 Failure to purvey biographie details to others is no reason for such
848 2013 2260 2066 a positive assumption. To comment on Schnitzler's“lyrie inabil¬
835 2053 2260 2115 ity'’ (p.xxvii, l. 16) needs further definition. Schnitzler never at
845 2111 2266 2152 any time plumed himself as a writer of lyric poems; but that there
847 2152 2258 2203 are lyrie elements in his works there can, however, surely be no
836 2197 1020 2257 doubt.
917 2239 2250 2308 The potes as a whole leave much to be desired. Many of them
848 2286 2257 2345 are entirely too obvions or far-fetched, or are given to the elucida¬
833 2332 2264 2400 tion of analogies of doubtful pedagogie value. (The type of
849 2397 2267 2444 student reading the book can hardly be expected to be acquainted
848 2433 2253 2487 with the works of Goethe, Herder, Tieck, Hebbel, Dehmel, etc.)
840 2476 2262 2517 They are quite contraryto Schnitzler's express wishes as stated on
848 2535 2257 2582 page iii, lines 26-28, ##that the selections be allowed to speak for
838 2578 2265 2627 themselves, and that the annotations be confined to matters of
849 2627 2261 2676 syntax.'' One can easily imagine Schnitzler as being“erschüt¬
849 2663 2262 2725 tert'’ (a word quoted by Dr. Porterfield from a letter from the
850 2707 2262 2757 Austrian author, translated as “agitated,'’ p. 216, l. 26, and as
862 2754 2259 2804 “convulsed, paralyzed,'’ p. 257), if he knew to what extent his
842 2800 2255 2850 express desire was violated. The editor’s estimate of the Ameri¬
841 2846 2254 2899 can student’s mental capacity is entirely too low, if he thinks him
851 2904 2273 2952 so very dependent on editorial rumination. The average student
839 2943 1266 3000 rather resents that.
921 2977 2261 3049 For lack of space we shall confine ourselves to a sampling of
840 3030 1088 3095 the notes:
914 3089 2252 3139 P. 11, l. 6 (note, p. 204): In his zeal to check up Dr. Schnitzler
861 3126 2259 3181 (evidenced in numerous notes), the editor here allows himself a
841 3172 2259 3228 personal slip. It is quite immaterial whether or not a character
849 3231 2263 3278 repeats another’s words verbatim, after a lapse of time, if the sense
850 3265 2266 3318 is retained. One might say that such slight inaccuracies are the
840 3321 2265 3375 rule in everyday conversation. The passage in question, p. 9, l. 23,
837 3366 2280 3414 is misquoted: in this note the nur has been omitted. Compare also
844 3400 2164 3459 p. xii, l. 23:“ Nur um mick bei euch nicht als feig zu gelten.?
911 3462 2281 3524 P. 24, lines 7-11 (note, p. 207): Carlo while trying to steal the#
