3392 4352
181 243 786 353 2. Cuttings
930 237 1389 325 box 38/2
1158 529 1539 681 GRATIS
930 713 1830 832 DOBSERVERC
1053 811 1736 866 I. österr. behördl. konzessioniertes
993 850 1783 920 Unternehmen für Zeitungs-Ausschnitte
1060 906 1732 985 WIEN, I., WOLLZEILE 11
1149 967 1636 1026 TELEPHON R-23-0-43
948 1099 1321 1178 Ausschnitt aus:
1139 1155 1695 1231 Comöedia, Paris,
1225 1258 1589 1345 31.5. 12#3
950 1323 1114 1404 vom:
1283 1498 2084 1580 LETTRE DE VIENNE
904 1623 2420 1749 Petit panorama de la vie littéraire
1405 1759 1965 1885 et artistique
2425 1935 2491 1976 al
1705 1916 2420 1995 le vienx Lord, Beaconfsfield et Jui
1363 1935 1661 2016 Vienne, mai.
1674 1971 2450 2040 envoie des roses à son hôtel berli¬!
1047 1979 1595 2059 (De notre correspondant)
1684 2003 2504 2071 nois au Congrès de 1878 ou le vieil-d
1702 2054 2441 2103 lard se mesure avec Bismarck: Ce
973 2047 1692 2110 Un grand poête autrichien vient
1698 2070 2484 2153 résumé indique toute l'ampleur de r
935 2097 1689 2148 de disparattre prématurément en
1978 2122 2491 2191 Mme Louise-Marie
936 2133 1679 2182 pleine activité littéraire et au len¬
1696 2133 1979 2185 Teuvre de
1696 2163 2510 2230 Mayer, dont la formule théatrale est st##
944 2175 1678 2228 demain de la clôture brusque d’un
1697 2207 2435 2258 réellement intéressante, et l’on com¬
932 2214 1683 2272 änterméde bureaucratique de si vie
1696 2251 2433 2312 prend aussi que le public ait fait à
938 2238 1685 2301 par instants fort agitée. Anton Wild¬
1705 2284 2504 2336 linterprête de Disraeli, parfail àsg
943 2287 1689 2348 gans, né à Vienne en 1881, était venn
1704 2317 2512 2390 travers tous les äges, le succès que f
947 2326 1694 2380 à la notoriété comme poèle lyrique
1702 2358 2439 2432 méritait la souplesse de son talent.
945 2363 1690 2431 avec ses Sonnets à Ead, Printemps
940 2402 1704 2457 T’automne, Midi, volumes de rs
953 2429 1706 2491 échelonnés de 1913 à 1917, qui é-
944 2469 1727 2536 vélaient en lui un maitre accompli!
951 2511 1709 2566 de la forme, nous dirions volontiers
953 2556 1722 2604 un parnassien autrichien, si Wild¬s
957 2597 1712 2653 gans ne devait pas l’impeccabilité de
948 2633 1712 2691 son style et sa vigueur concentrée
953 2671 1715 2723 aux classiques latins plus qu'a des
959 2711 1712 2767 influences françaises, par ailleurs si
950 2748 1719 2814 fortes sur la littérature autrichienne
947 2792 1299 2849 contemporaine.
997 2825 1713 2885 Poète-philosophe, il aurait quel¬
955 2876 1719 2941 ques traits communs avec notre
959 2919 1713 2966 Sully Prudhomme, mais avec une
956 2952 1720 3014 sensibilité vibrante qui l’apparente¬
969 2989 1720 3043 rait dans une tout autre direction
965 3039 1727 3087 avec un Albert Samain. De la poésie
957 3069 1721 3130 lyrique à la poésie dramatique, i!
969 3106 1722 3157 n’y a qu'un pas, vite sauté à une
962 3140 1715 3198 epoque ou tout versificateur pouvait
968 3172 1722 3227 encore réver de l’éclalant exemple
963 3225 1721 3278 de succes donné par Edmond Ros¬
966 3269 1722 3321 tand. Wildgans fit jouer lour à lour,
964 3298 1721 3361 de 1914 à 1920, de grandes tragé¬
972 3338 1721 3398 dies en vers, Armut (Pauvreté),
960 3381 1716 3431 Liebe (Amour), Dies ira, Cain. Cette
962 3395 1733 3471 dernière cuvre, e poème mythique
965 3447 1729 3513 en eing actes s, jouée au Burglhea¬
964 3479 1720 3540 ter, y consacrait l'alliance de Péeri¬
966 3516 1724 3574 vain avec ladministration. Wild¬
968 3553 1734 3628 gans, en pleine erise de T’inflation
970 3599 1721 3648 et de la débacle de la couronne,
977 3636 1735 3688 avait accepté le poste tentant, mais
980 3680 1737 3734 terrible, de directeur de la grande
982 3710 1744 3771 scène non lyrique subventionnée que
968 3753 1741 3803 la République avait héritée de I’Em¬
968 3802 1736 3848 pire sans pouvoir Jui assurer des
979 3828 1745 3883 ressources budgélaires aussi stables.
978 3877 1738 3919 Cette première période d’activité di¬
973 3902 1737 3967 rectoriale fut traversée de tant d’in¬
982 3936 1739 4003 irigues que Wildgans évita toujours
984 3978 1745 4047 par la suite d’en parler ou d’en
979 4031 1739 4086 #terire. L’ameriume des rares allu¬
988 4057 1752 4117 sions qu’il y a faites ne T’empécha
979 4098 1751 4154 cependant pas d’accepter une se¬
992 4124 1741 4194 conde fois, en 1930, le poste rede¬
