3392 4384
209 176 790 285 2. Cuttings
938 163 1394 266 box 38/2
977 773 2254 904 Anum Su
1361 911 1898 1016 Drag 1130
1455 1187 1769 1264 REVIEWS
907 1285 2320 1354 Schnitzler, Arthur. Stories und Plaus. Edited with Introduction,
971 1346 2324 1418 Notes, and Vocabulary by Allen W. Porterfield. Heath's
977 1386 2323 1434 Modern Language Series. D. C. Heath and Company, Bos¬
973 1435 2331 1502 ton, New York, etc.: 1930. xxix + 198 pp. of text + 36 pp. of
976 1476 1783 1540 notes + 68 pp. of vocabulary. 81.36.
913 1532 2306 1594 Schnitzler, Arthur. Der blinde Geronimo und sein Bruder.
978 1578 2313 1638 Edited with Notes and Vocabulary by Lawrence M. Price.
977 1623 2321 1670 * The University of Chicago Junior College Series. The Uni¬
972 1672 2332 1716 versity of Chicago Press. Chicago: 1929. xili + 32 pp. of
973 1714 1949 1785 text + 25 pp. of vocabulary +1 map. 8.60.
976 1768 2320 1811 Of late years much has been said about the persistence of
906 1812 2316 1873 antiquated modern language texts and of the advisability of in¬
911 1866 2322 1915 fusing new life into our language classes by the adoption of texts
907 1923 2320 1971 by representative moderns. Among the steps taken in that direc¬
909 1960 2313 2008 tion one welcomes particularly the inclusion of the works of Arthur
913 2007 2316 2064 Schnitzler. These very fortunately combine high literary merit,
900 2055 2314 2107 sustained interest and a lucid style, and are sufficiently simple
908 2099 2318 2150 syntactically and from a vocabulary standpoint to be read with
901 2145 2321 2186 comparative ease in the fourth semester of a college course or per¬
909 2188 1316 2254 haps even earlier.
977 2218 2324 2278 Of Schnitzler’s works previously ayailahle in America in edited
904 2282 2315 2337 texts one might mention: Der grüne Kakadu, Literatur Die letzten
909 2312 2313 2367 Masken (Editor: Otto P. Schiüinerer. Knopf, 1928), Die dreifache
916 2371 2314 2420 Warnung (in Modern German Stories. Editor: Allen W. Porter¬
904 2430 2316 2481 field. D. C. Heath and Co., 1928), and Der Puppenspieler (in
900 2476 2313 2522 Lust und Leid. Editors: William Diamond and Christel Sclo¬
901 2523 2319 2576 maker. Henry Holt and Co., 1929). Professors Porterfield and
903 2558 2319 2607 Price have now enriched the list by Der blinde Geronimo und sein
902 2604 2308 2653 Bruder, while the former editor’s book also contains the four
903 2654 2322 2696 Novellen Der Ehrentag, Die Weissagung, Blumen, and Leutnant
905 2710 2276 2756 Gustl, and the two plays Der Puppenspieler and Große Szene.
983 2743 2320 2796 Dr. Porterfield’s long introduction summarizes the main events
902 2788 2313 2841 of Schnitzler’s life and attempts an appreciation of his most im¬
900 2842 2321 2889 portant works grouped chronologically into four decades. It is
901 2885 2315 2942 the fruit of an extensive acquaintance with the works of Schnitzler
898 2935 2316 2990 and the important critical literature, and is told interestingly and
901 2980 2326 3037 with commendable enthusiasm. The wording, however, does not
895 3020 2307 3072 always seem felicitous. Thus, when in the discussion of Fräu¬
895 3063 2322 3125 lein Eise (p. xxiii, lines 3, 4) Dr. Porterfield says“ Though
898 3109 2325 3163 great art, it is of doubtful value, it is difficult to follow the logie
899 3167 2322 3224 of this statement. To say that Therese is an intensified Frau
909 3211 2330 3260 Berta Garlan'' (p. xxiii, lines 25, 26) evidently does not seem a
974 3271 2330 3327 1 A selection from this work appeared also in Deutsches Geistesleben der
902 3310 2252 3379 Gegenwart (Editor: Otto Koischwitz. N. Y.: Knopf: 1928), pp. 101—105.
1562 3360 1669 3432 107
