3344 4320
2053 136 2285 217 ——
878 220 1322 313 box 38/2
120 222 738 328 2. Guttings
275 1070 1137 1184 „OBSERVER
384 1154 1088 1217 I. österr. behördl. konzessioniertes
344 1202 1126 1275 Unternehmen für Zeitungs-Ausschnitte
426 1258 1049 1342 WIEN, I., WOLLZEILE 11
499 1322 989 1377 TELEPHON R-23-0-43
300 1437 688 1534 Ausschnitt aus:
603 1513 1136 1655 Rens Preie brast. Wige
620 1680 1062 1800 S1.WAI 1332
1300 1922 2482 2026 erzählt er uns eine Geschichte“ denkt der Philosoph, wenn
1309 1978 2483 2055 er ein Buch des Dichters aufblättert, und: „Weil er nichts
1311 2028 2475 2110 zu sagen hat, philosophiert er“, tröstet sich der Poet. Dennoch
1319 2074 2478 2160 sind sie beide desselben Geistes, nämlich des Geistes, Kind,
1319 2117 2478 2194 und als solche brüderlich auf einander angewiesen. Was bleibt
488 2073 955 2240 Feuilleton.
1316 2165 2483 2249 von Plato, wenn man den Dichter vom Denken abzieht, was
1319 2212 2480 2295 von Euripides, wenn man seinen Vers entallgemeinert?
402 2239 1062 2336 Dichter und Philosoph.
1326 2247 2494 2337 Molière hat bei Gassendi räsonnieren gelernt und Schiller bei
1305 2304 2484 2385 Kant postulieren. Ein Dichter wie Flaubert ist nur im neun¬
434 2319 1008 2404 Von Raoul Auernheimer.
1323 2369 2482 2431 zehnten Jahrhundert möglich. Und warum? Weil der
549 2371 1320 2462 Dieser Aufsatz gelangt in französischer
1319 2401 2489 2481 Pessimismus seiner Prosa, ebenso wie die Musik Richard
468 2430 1319 2511 Sprache demnächst im Maiheft der Pariser
1321 2452 2497 2525 Wagners die Philosophie Schopenhauers voraussetzt, ohne
468 2497 1316 2560 „Revue d'Allemague“ zur Veröffent¬
1320 2491 2488 2575 den beide undenkbar, das heißt unmöglich wären. Auch
474 2532 1322 2602 lichung, das anläßlich des bevorstehenden
1330 2548 2483 2615 Schnitzler, der wie Flaubert zu Füßen seines Schreibtisches
471 2585 1319 2647 siebzigsten Geburtstages des Dichters als
1315 2592 2499 2668 sterbend zusammensank; Schnitzler, dessen letzter Roman
476 2624 1318 2709 Schnitzler=Heft mit einer Reihe hervor¬
1322 2642 2495 2721 „Therese“ von einem österreichischen Flaubert sein könnte,
478 2671 989 2763 ragender Beiträge erscheint.
1326 2690 2485 2761 war gleichfalls durchaus pessimistisches neunzehntes Jahr
1321 2736 2488 2807 hundert. Freilich, er ahnte bereits das zwanzigste und sah mit
215 2733 1319 2824 Dichter und Philosoph waren nie besonders gut auf
1320 2779 2496 2859 seinem unbestechlichen Geistesauge tief hinein. Aber wie
148 2803 1315 2862 einander zu sprechen und sind es in diesen letzten Nachkriegs¬
1313 2826 2500 2918 ahnte, wie sah er es? Berühmt geworden ist sein Ausspruch
149 2846 1325 2914 jahren, in denen die Kunst mit der Philosophie gebrochen zu
153 2882 2487 2977 haben scheint, weniger denn je. „Weil er nichts zu sagen hat, aus der Vorkriegszeit über die heraufrückende Jugend:
495 3048 2079 3160 Jpezialkaufhäuser für Modewaren.
1543 3123 2373 3220 Alles Für die Firmnung:
275 3138 1327 3235 Fraktische Besdhenke Für den
2061 3172 2440 3271 per Meter S 2.40
586 3203 1024 3273 Muttertag:
1484 3196 2078 3275 K’seiden-Losisine, weiss
2316 3240 2435 3298 3.90
2074 3247 2315 3305 per Meter S
1467 3256 1914 3308 Bembergseide, weiss
142 3244 1459 3320 Reinseiden-Crépe de Chine-Schals u.-Tücher mit Hund-,
2315 3283 2444 3338 4.20
1469 3284 2311 3339 Agla Travis, K’seide, weiss per Meter S
145 3291 1460 3372 Sprilzmalerei, Batik u. Druck, konlektionierte Kragen, Kragen¬
2316 3319 2440 3385 4.90
1483 3320 2313 3377 Crêpe Georgette und Mongol, p. M. S 6.40,
141 3350 1464 3407 Garnituren, Gürtel, Milieux, Deckerin, Handlaschen,
1471 3362 2325 3428 Reinseiden-Crêpe de Chine und Georgefte,
2312 3380 2439 3464 3.—
1946 3400 2324 3459 per Meter S 8.50 u.
1519 3409 1655 3459 weiss
150 3383 1468 3458 Geldbörsen, Manicures, Nähzeuge, Servierfassen,
1483 3415 2331 3517 Cheviote und Kammgarne, blau u. schworz,
139 3442 1469 3516 Koller, Schirme, Hausschuhe, Strümpie, Handschuhe,
1992 3444 2434 3532 per Meter aufw. S 2.—
137 3492 1475 3561 Taschentücher, Tischgedecke, Wäsche, Pyjama, Schlai¬
1483 3509 2452 3575 Schullerlücher, weiss . per Stück S 13.— u. 10.50
144 3537 1471 3602 röche, Hauskleider, Blusen, Schossen, Dirndl, Sommer¬
1486 3558 2446 3622 Kleidchen aus Etamine, K.- und Reinseide, reizende
150 3573 1479 3660 kleider, Complets u. Mäntel, vorzüglich sorlierte Seiden-,
1518 3606 1890 3661 Buchfischkleider.
1475 3625 2446 3709 Knaben-Anzüge (kurze und lange Hosen) in allen
161 3633 1464 3698 Woll- u. Waschstoff-Loser für Sommerkleidung in reich¬
1511 3681 1961 3743 Grössen und Preislagen.
158 3688 1469 3761 haltigster Auswahl u. trotz Billigkeit nur in besten Qualitäten.
1458 3723 1960 3817 Woll. und Wascheiosten!
634 3734 1459 3815 Tamsende Reie von letstenedernen Seiden.,
764 3805 1853 3861 in der Resienschwemme zu besonders herabgesetzten Preisen.
1606 3872 1792 3943 K
