3344 4320
210 229 792 322 2. Cuttings
957 216 1399 303 box 38/2
1214 1420 2109 1535 DOBSERVERC
1329 1517 2009 1572 I. österr. behördl. konzessioniertes
1287 1555 2056 1619 Unternehmen für Zeitungs-Ausschnitte
1345 1614 2015 1677 WIEN, I., WOLLZELLE 11
1433 1672 1909 1724 TELEPHON R-23-0-43
1244 1803 2166 1900 Ausschnitt aussg. ALeiHIIg IITeN
1238 2039 1398 2093 vom:
1572 1989 1976 2099 19. JAll. 1932
1226 2227 1605 2294 Radio-Notiz
1224 2264 2148 2370 Moritzscheyer über ArturSchnitzler
1305 2359 2142 2428 Mit einem stupenden Geschick, das sich
1234 2407 2144 2478 völlig der Verehrung unterordnete, gab Moritz
1246 2449 2133 2504 Scheyer im Radio eine Uebersicht über
1233 2486 2158 2548 Schnitzlers Novellen „Fräulein Else“, „Traum¬
1239 2533 2143 2599 novelle" und „Flucht in die Finsternis“. Aus
1243 2576 2138 2645 dem Titel der letzten formte er die Gedanken
1242 2617 2151 2679 einer klugen Einleitung und steigerte sie zum
1238 2661 2148 2731 Ausdruck der beiden Schatten über der Zeit:
1253 2704 2155 2765 Einsamkeit und Abschied. Er erklärte beweis¬
1250 2750 2151 2818 kräftig, warum Schnitzlers Werk aktuell im
1255 2793 2149 2853 sublimsten Sinn des Wortes ist, und schilderte
1255 2835 2146 2890 die Personen der drei Novellen als Menschen,
1246 2882 2150 2942 die unendlich einsam und unentrinnbar ein¬
1247 2928 1933 2991 geschmiedet in das Alleinsein sind.
1321 2965 2164 3043 Selten wurden diese zarten, peinlich aus¬
1256 3022 2167 3085 gewogenen und aus tausend Hintergründen er¬
1254 3063 2165 3118 leuchteten Kabinettstücke Schnitzlerscher Kunst
1256 3105 2160 3165 knapper und geistvoller zusammengefaßt. Der
1262 3146 2173 3212 Scheyersche Vortrag war mehr als eine In¬
1250 3187 2174 3266 haltsangabe und ein Werturteil; er war wohl¬
1259 3242 2166 3305 geformte Variation eines großen Themas und
1257 3296 2165 3349 gelungener Dienst an einem ehrfürchtig Ge¬
1989 3325 2132 3384 Ilg.
1266 3342 1433 3396 liebten.
