3296 4352
894 205 1355 298 box 38/2
166 227 767 331 2. Cuttings
508 820 1077 907 N• DE DEBIT — e e e e
302 915 1327 1016 Ergoit de : LE JOURNAL DES DEBATS
534 1004 1304 1092 Rue des Prétres S Germain: Auxerrols, 17,I°
309 1040 522 1121 Adresse:
319 1153 473 1216 Date:
763 1121 1216 1230 II JUIN 1932
307 1213 1314 1318 Signakure
304 1321 642 1428 Erposition—
1331 1459 3082 1522 exes dans Mmoneite, dans Anatole, dans 1d’avoir tracé une image immorale, almable
3083 1439 3307 1518 voir teni
399 1445 1327 1559 FRULLLRTON DU JOURNAE DES DEBATS
1336 1503 2204 1564 leigen! II semble presque, à dire Arthur
3083 1502 3300 1564 Félix s’e
2194 1508 3086 1565 et jolie de la grisette viennoise: das Süsse
685 1520 1039 1591 du 8 juin 1932
3091 1551 3301 1611 et d’aimer
1341 1548 3082 1594 chmitzier, que les Viennois de 10oon’eus- Maedel. Comme tous les étres profondé¬
1340 1594 2186 1645 ent rien dautre à faire qu'à aimer, à
3082 1599 3296 1655 à ses en
2196 1597 3076 1668 ment sensuels, Schnitzler avait l’horreun
601 1613 1028 1697 HORS DE FR“
1343 1639 2191 1699 imer en badinant, quitte à pätir de leur
3085 1639 3298 1700 & Non, Iu
2207 1642 3091 1701 de la mort et cette horreur qui pénètre
1329 1687 2194 1749 adinage, mais ces lnstoires d’amour sont
2201 1698 3297 1749 ses récits leur donne unc gravité qu'il faut que c’est
1325 1719 2194 1800 elicieusement écrites, elles dégagent une
2204 1728 3298 1794 étre aveugle pour ne point apercevoir. Lapuisque t
411 1612 915 1855 ARrnun se
1312 1780 2195 1837 endresse et unc mélancolie qui leur assu¬
2198 1777 3301 1834 peur de la mort empoisonne chez Schnitz-) Marie ne
1312 1831 2186 1885 rent la ddurée. Et puis, Schnitzler s’essava
3091 1827 3300 1884 au morib
2207 1830 3081 1891 ler les joiesqu'une-tendresse partagée pro¬
1310 1858 2191 1927 bel et bien, ensuite, à des sujets plus éle¬
3093 1872 3300 1926 tol. „ II
2195 1867 3081 1938 cure aux amants. Je ine demande mncme si
470 1857 1248 1959 A propos d’une cuvre posthume
1314 1912 2195 1972 ves et de nature à Jui gagner l’estime des
3085 1914 3294 1977 drame 80
2200 1920 3076 1976 cette äpreté, si cette haine presque per¬
3085 1959 3295 2030 cette peu
1317 1967 2198 2018 critiques allemands les plus difficiles a
2203 1958 3076 2017 sonnelle avec lesquelles Schnitzler peint la
441 1958 1297 2052 Je me trouvais à Vienne, l'automne der¬
1321 2006 3305 2063 satistaire. Qu'est-ce que Professor Bern-]mort ne l’emportent pas, dans ses fictions d’autant
414 2025 1304 2083 nier, quand mourut T’excellent dramaturge
3084 2051 3308 2109 tempérée
2197 2051 3088 2112 les plus ardentes, sur la douceur des
413 2080 1300 2128 et romancier Arthur Schnitzler, II serait
3087 2092 3300 2157 croyance
1314 2097 2197 2154 des sociales on la gräce du style se marie
2204 2095 3085 2164 étreintes et l’ivresse des baisers qu'il dé¬
404 2127 1306 2186 entre, il y a un mois, de 15 mai de cette
3078 2144 3294 2203 mort, po#
1321 2139 3079 2208 àfl’acuité de la pensée avec un rare bon- crit avec tant de complaisance. Apres
409 2177 1309 2239 année 1032, dans sa soixante et onzième
1320 2191 3072 2252 heur? Arthur Schnitzler avait pratiqué l'amour, T'animal est triste. Les personna¬
3083 2186 3304 2247 point de v
413 2219 1296 2288 annéc. Et sans doute de grandes fétes lit¬
2191 2228 3079 2297 ges de Schnitzler confirment cette sentence
3092 2230 3306 2296 rialiste ap
1319 2223 2190 2293 quelque temps la médecine avant de
404 2264 1304 2318 teraires eussent marqué cet anniversaire.
3087 2280 3304 2340 touchant
1309 2276 3075 2337 s'adonner à la poésie. Ily parait jusque qui doit reposer sur une observation sécu¬
408 2315 1310 2366 Schnitzler était fort mnmé des Viennois, et
3089 2324 3294 2383 femme a
1327 2328 2200 2391 dans les plus g frivoles s de ses contes
2196 2320 3081 2391 laire. Ses femmes, surtout, sont obsédées
397 2366 1300 2417 a juste titre. II incarnait à merveille l’es¬
3076 2371 3307 2428 à son an
1309 2373 2188 2435 et dans ses drames les plus légers en appa¬
2195 2370 3083 2431 par la fragilité des amours et leur fin né¬
406 2410 1306 2459 prut de Tancienne Autriche et de son ai¬
3080 2416 3301 2476 femme #t
1310 2422 2188 2477 rence. IIs sont pleins d’observations justes,
2201 2416 3079 2482 cessairement tragique, simple prélude, au
398 2448 1311 2504 mable capitale. Scimitzler était aussi Vien¬
3087 2465 3307 2519 son aman
1318 2466 2189 2523 mäme profondes, sur le cceur humain et
2206 2465 3074 2524 demeurant, à la fin non moins épouvan¬
413 2496 1303 2554 nois que Meilhac et Halévy furent jadis
3078 2507 3297 2568 suivant, 1
1312 2506 2191 2568 sur sa façon de réagir aux coups que lui
2196 2512 3076 2578 table de l’existence elle-mème. Les dialo¬
400 2544 1302 2606 Parrsiens. D’ailleurs, quand on voulait
3082 2554 3300 2622 fois pour
1320 2552 2183 2616 inflige ia destinée. Schnitzler a subi aussi,
2188 2557 3074 2631 gues d’amour de Schitzler sont d’une
399 2583 1312 2659 faire plaisir à Schnitzler, on d’appelait un
3081 2599 3293 2658 de ce ch
1325 2602 2190 2651 comme tous les écrivains d’imagination de
2199 2611 3074 2670 gräce sans exemple dans la littérature alle¬
404 2634 1314 2696 Parisien de Vienne. Les Allemands
3079 2640 3308 2707 tressaille
2195 2647 3075 2717 mande de ce temps, mais seule une criti¬
1314 2647 2194 2711 1’Allemagne et de l’Autriche contempo¬
409 2680 1321 2747 davant la guerre qui se piquaient de toute
3086 2694 3296 2751 nous ne C
1314 2695 2192 2742 raines, l’influence de Sigmund Freud. je
2203 2703 3067 2755 que superficielle a pu méconnaitre la tra¬
405 2728 1320 2792 sorte de vertus auxquelles n’ont jamais
3085 2738 3294 2799 la compre
1307 2740 2193 2796 vois que l’étoile du grand maitre de l’In¬
2194 2747 3072 2798 gedie qu'ils dissimulent sous l’apparence
411 2771 2194 2834 prétendu les Viennois témoignaient à T'au-conscient commence à palir déja dans
3088 2782 3297 2842 verité, n
2202 2787 3085 2851 du triomphe de la gaietél et de l'’apothéose
409 2824 2187 2877 teur de Liebelei une sévérite ou ii entrait cette partie de l’Europe ou il jouit naguère
3078 2816 3306 2890 disparu C
2198 2829 2458 2904 du plaisir.
412 2877 2190 2934 un peu de dedain. II est très significatifd'un prestige spirituel presque sans exem¬
3077 2873 3306 2933 rien de
2233 2884 3070 2973 Ce n’est-peint par hasard, me semble¬
410 2912 2198 2966 que le critique Adolf Bartels, réaction-)pie. Peut-étre la science ne retiendra-t-elle
3065 2914 3296 2990 toute reia
411 2958 1314 3012 naire à tout erin, ait écrit dans une étude
2195 2955 3076 3017 t-il que de petit roman qui mit Arthur
3120 2965 3295 3023 Onmn'a
1308 2971 2186 3030 pas grand'chose de ses prétendues décou¬
401 3000 1309 3047 sur Schnitzler: & Nous autres Allemands
2203 3003 3071 3051 Schnitzleren vedette portait ce titre lugu¬
3072 3000 3294 3071 de da mor
1312 3019 2182 3075 vertes. II passera peut-être comme Lom¬
2199 3049 3068 3101 bre.: Sterben (Mourir). Toute la philoso¬
409 3045 2186 3124 nous ne saurions le prendre pleinement au broso; mais la littérature de langue alle¬
3075 3054 3295 3118 exigé par
401 3091 1309 3148 #erieus, 2 Arthur Schnteler pour l#¬
2191 3096 3069 3155 phie desespérée de Schitzler tenait dans
3083 3102 3295 3163 Geur d’un
1304 3099 2185 3164 mande restera pleine de son souvenir.
404 3131 1302 3185 Allemands d’ancien régime, péchait par
1306 3139 3068 3197 Freud a exercé sur les romanciers petchn-scette simple idylle. Felix aime Marie,n
3073 3143 3300 3202 #n dépout
413 3181 1301 3234 exces de frivolité, II des effrayait par
2195 3185 3075 3244 maitresse, il l'aime dautant plus que cette
3081 3186 3300 3251 bien, ce
1307 3195 2188 3255 logues, ses contemporains, une influence
400 3227 1308 3281 son indiscipline générale et par sa sensüh¬
2198 3235 3074 3289 amourette est condamnée à finir prochal¬
3068 3232 3299 3306 nous réve
1311 3240 2180 3309 qui s’éleva parfois jusqu'à la hautise. II v.
2193 3274 3069 3343 nement. Félix est phtisique au dernier de¬
397 3286 2186 3346 lité, mélée de pessimisme. Schnitzler etait, ja, dans Touvrage posthume dont nous di¬
3074 3277 3304 3344 sa jeuness
398 3324 1310 3376 ales en croire, un gauteur Crotiques, trop
2192 3323 3065 3380 gré. Et le fatal oracle d’Epidaure lui a
3076 3325 3257 3400 lesse 1
1305 3331 2181 3383 rons plus loin quelques mots, la Auite dans
409 3365 1310 3433 curieux de l’Eternel féminin et trop obsédé
2194 3369 3069 3422 laissé entendre qu'il n’avait plus que quel¬
1305 3377 2178 3439 es ténébres (1), un élément freudien d’une
404 3399 1299 3466 par lui pour figurer jamais dans le Wal¬
2196 3418 3081 3474 ques mois à vivre. Cependant, plus il ap¬
1308 3417 1635 3496 rare intensité.
2186 3456 3071 3508 proche de la tombe, plus l'amour lui sem¬
3103 3434 3308 3525 IIn’y a
1700 3453 1798 3554 720
399 3498 821 3565 poétes allemands.
2199 3506 3067 3571 ble beau et pius la nature lui parait belle.
3076 3505 3293 3568 chalance
2195 3550 3070 3605 II se raccroche, il se cramponne éperdü¬
450 3521 1321 3606 IIya peut-être quelque chose de fondé
3071 3546 3293 3613 qui l’occu
1340 3535 2187 3614 Plus on lit, d’ailleurs, ou relit Schnitzler
2190 3593 3064 3664 ment à la douceur des soins et à l’amour
417 3589 1305 3639 dans ce reproche, si c’en est un. Artliur
3082 3597 3306 3659 nes de sor
1316 3597 2189 3651 en essavant de le comprendre à fond, plus
2202 3645 3063 3692 caressant de sa maitresse. Jeune et pleine
410 3635 1301 3702 Schnitzler a debuté par des récits roma¬
3077 3644 3301 3712 suite apré
1306 3647 2180 3706 on inclinc à penser qu'on lui a fait tort
2197 3688 3073 3749 de santé, Marie a commis naguère l’im¬
3075 3690 3306 3748 bres. Une
403 3685 1303 3742 nesques et des pieces de théätre ou da pas¬
1321 3690 2184 3760 en le traitant d’érotomane invétéré et en
2198 3731 3061 3790 prudence de dire à son amant: 4 Je par¬
401 3727 1303 3790 sion charnelle joue de principal röse.
3070 3732 3306 3799 de qualifie
1318 3737 2199 3815 Jui refusant tout autre mérite que celui
2196 3780 3069 3839 tirai avec toi 8, mais plus approche pour
419 3770 1319 3840 Quelle peinture ardente de la lutte des
3079 3777 3306 3842 dans cette
2192 3822 3296 3884 Félix le moment du départ, plus Marie dé-l’autre. Or
1355 3830 2192 3902 (1) Flucht in die Fingternig. Berlin, chez S.
1302 3858 1606 3942 Fischer, 1031.
441 3862 919 3947 Rebroduction interdite.
2185 3860 3306 3947 teste sa promesse et désespèrc de la pou¬ Arthur S
