3344 4384
2105 141 2239 226 ——
930 230 1391 340 box 38/2
186 238 784 358 2. Cuttings
1619 584 1760 661 114 —
1718 650 2098 744 Norden (Henrik
1250 660 1686 751 Jude war zu ernst,
1676 710 2130 783 Ibsen), Osten (Leo
1253 720 1688 786 um sich ganz ernst
659 633 938 845 —
1682 764 2124 823 Tolstoi, Fedor Dosto¬
1258 769 1694 830 zu nehmen, Daneben
757 766 986 872 g
1683 812 2128 880 jewski) und Westen
1255 808 1692 886 das kindhafte Schwei¬
1688 851 2139 918 (Emile Zola) wurde
1261 856 1685 917 fen, Entdecker¬
1688 896 2125 962 Deutschland aufge¬
1255 896 1691 964 freude in Shake¬
1695 934 2143 1003 rüttelt. Plötzlich
1257 931 1693 1010 speares Märchenland,
1700 984 2142 1048 stand ein Drama
1264 991 1684 1061 das noch keiner
1699 1027 2140 1091 der Zeit da. Es
1490 1027 1690 1090 betreten
1256 1041 1507 1096 singend
1697 1068 2139 1134 war und konnte
1258 1079 1685 1142 hatte: der siebzehn¬
1692 1112 2134 1169 noch kein jüdisches
1484 1123 1686 1176 wunder¬
1255 1121 1453 1189 jährige,
1697 1161 2141 1220 Drama sein. Aus
1266 1158 1681 1233 same Mendelssohn.
1693 1203 2141 1269 dem Erdreich seines
1292 1208 1686 1265 Ein großer Auf¬
1691 1243 2127 1309 Volkes trat Ger¬
1269 1249 1690 1316 takt jüdischen Schaf¬
1697 1283 2136 1346 hart Hauptmann zu
1266 1299 1699 1347 fens, aber nicht die
1690 1341 2132 1394 Ibsens Forderung
1272 1336 1699 1404 mögliche Höhe, nicht
1692 1374 2142 1447 Aber es zeigte sich,
1274 1384 1692 1445 das Drama. Als es
1702 1423 2137 1482 daß der kostbare
1269 1425 1693 1490 sich regen wollte,
1706 1463 2141 1518 Fund am tiefsten
1266 1475 1695 1533 wurde es schon von
1697 1505 2140 1570 doch von jüdischem
1267 1516 1708 1576 der Gegenseite des
1705 1558 2150 1627 Geist ergriffen und
1267 1554 1706 1625 jüdischen Geistes
1704 1597 2143 1662 gefördert wurde.
1587 1602 1697 1660 die
1264 1588 1554 1671 festgehalten:
2348 1616 2709 1693 Arthur Schnitzler
1702 1635 2155 1705 Gerhart Hauptmann
686 1620 1043 1719 Georg Hirschfeld
1256 1635 1710 1720 Kritik entstand, das
1708 1688 2146 1761 ohne Otto Brahm,
1319 1691 1645 1753 journalistische
1592 1726 1693 1795 die
1709 1731 2160 1802 den Kritiker, den
1259 1725 1570 1802 Funkenspiel,
1708 1740 2929 1828 Theatermann, hätte doch wohl die dunklen Umwege des
464 1757 1697 1854 Macht der Zeitung. Hier durfte glänzen, was noch
1704 1791 2935 1865 Deutschen nicht vermieden. Die Klarheit seiner selbst
467 1824 1697 1908 nicht brennen konnte. Hier war die große Zucht der Ver¬
1702 1844 2938 1914 wurde ihm von jüdischen Freunden vollendet, denn zu Otto
476 1870 1702 1948 antwortung von vornherein nicht gegeben. Jahrtausendlang
1707 1899 2879 1966 Brahm traten Alfred Kerr und Moritz Heimann.
469 1918 1705 1980 in Knechtschaft — sollte, konnte man entfesselt sofort
479 1958 1703 2029 Führer sein? Hatte der „Gast“ gesammelt, in Leid und
1776 1945 2939 2020 Und nun regte es sich auch unter den Schwingen und
480 2003 1707 2071 Unterdrückung, was nun als des Wirtsvolkes labende Quelle
1706 1993 2939 2074 den Stacheln der empörten Zeit in jüdischer Schaffenskraft.
468 2046 1693 2120 fließen konnte? Zerrissen fühlte er, im Rausch der „Be¬
1706 2052 2945 2115 Bald nach Hauptmann erschienen Arthur Schnitzler und
475 2088 1700 2166 freiung“, daß er auch die Quelle von Kanaan nicht mehr in
1715 2096 2951 2157 Georg Hirschfeld Reifend folgten ihinen Hugo von
471 2138 1710 2197 sich trug. Der Weg war viel zu weit gewesen, der Weg
1703 2146 2784 2224 Hofmannsthal, Richard Beer-Hofmann.
477 2185 1701 2269 durch die Wüste der Diaspora. Man konnte klagen, singen,
1781 2180 2950 2264 Ein tiefer Zauber und ein tiefes Leid ist um die Er¬
483 2236 1239 2315 urteilen — keine Tragödie schaffen.
1723 2263 2941 2316 scheinungen dieser ersten jüdischen Dramatiker dichterischer
548 2271 1701 2351 Heine, der erste große Poet des Judentums, ließ es bei
1714 2284 2950 2364 Prägung. Zuerst werde hier von Sehnitzler, Hofmannsthal
478 2344 1702 2401 dramatischen Versuchen; Schöpfung erwartete die Welt von
1710 2334 2950 2407 und Beer-Hofmann gesprochen — zuletzt von Hirschfeld.
1716 2380 2952 2445 Nicht zufällig, sehr begründet, traten in Oesterreich die
486 2376 1719 2455 ihm und seiner geistigen Nachfolge nicht, Schöpfung im
1708 2418 2945 2498 sichersten Könner jüdischer Dramatik auf. Die Gewalt der
481 2423 1718 2496 Sinne Lessings, Goethes, Schillers. Nur der Anker im
1715 2465 2948 2533 „Weber“ und des „Florian Geyer“ konnte dort nicht los¬
477 2474 1707 2566 Meeresboden der Seele, der das Judentum geblieben, war
1721 2510 2942 2579 brechen — Oesterreich blieb, von dem starken Tiroler Karl
472 2518 1718 2587 durch Lessings Nathan, durch Goethes Weltgefühl und
1709 2551 2957 2633 Schönherr abgesehen, Wien, und Wien ging immer abwartend.
481 2568 1706 2638 Byrons Kain der Neuzeit bewußt geworden. Dramatiker bei
1711 2594 2951 2667 aber liebenswert den sekundären Weg. Nicht das soziale
483 2622 1719 2693 den Deutschen wurden nur Deutsche. Kleist und Heubel,
1709 2645 2949 2704 Pathos, sondern der gestaltete Zauber des Daseins mußte
487 2666 1707 2735 Otto Ludwig, Grabbe, Georg Büchner. In Oesterreich Grill¬
1712 2696 2945 2763 hier die Kraft sein. Arthur Schnitzler ist so als Oesterreicher
490 2710 1720 2793 parzer. Das war die vermärzliche Zeit. Dann grollte das
1721 2739 2943 2809 und als Jude der eigentliche Dramatiker Wiens geworden.
479 2746 1715 2823 soziale Erwachen, dem Bürger trat das Proletariat entgegen
1727 2792 2951 2857 nach Anzengrubers großer Primitivität. Seine dichterische
487 2802 1715 2885 blieb künstlerisch bei Mut und Witz, im tiefsten Sinne beim
1721 2844 2945 2918 Kultur ist lebend und sterbend zugleich. Immer wird die
481 2847 1727 2951 Tagesspiel. Zusammenraffende Kunstwerke entstiegen nicht
1716 2893 2790 2956 junge Wienerin gläubig an seinem Denkmal stehen.
483 2917 843 2998 dem Judentum.
1795 2932 2952 3015 In Wien nicht gefangen. çondern aus ihm entstrahlend,
572 2948 1711 3042 Wenn wir den Weg in Deutschland verfolgen, den uns
1719 3003 2940 3061 erfüllte sich die Sendung Hugo von Hofmannsthals, des allzu¬
479 3005 1708 3105 sichtbaren Weg, wird in der ersten Hälfte des neuen jüdi¬
1718 3036 2960 3113 früh Heimgegangenen. In dieser Persönlichkeit verwahrt sich,
480 3054 1718 3147 schen Jahrhunderts seine Gefahr sehr deutlich, deutlicher
1725 3103 2958 3171 weil von jüdischem Geist erkannt, was von Oesterreich
492 3093 1719 3188 noch als die Leistung — besonders auf dem Gebiet des
2105 3129 2954 3200 unsterblich bleibt. Ein Garten birgt es
479 3159 1353 3244 Dramas. Die Entwicklung von 1860 bis
2106 3174 2953 3247 für die Nachwelt, kein Museum. Schubert
481 3201 1355 3291 1890, eine Kopie des französischen
2110 3227 2951 3302 vollendete sich naiv — künstlerische
482 3260 1348 3349 Theaters und das farblose Rührstück, lag
2111 3276 2955 3333 Genießerfreude mußte, vom Bewußtsein
496 3311 1359 3377 bei jüdischen Autoren. Paul Lindau,
2099 3327 2946 3382 gepfiezt, jüdische werden in dem Halb¬
491 3355 1341 3428 Oskar Blumenthal waren damals „Führer“.
2106 3368 2963 3433 juden Hofmannsthal, der sich einem
495 3388 1359 3474 Adolf L’Arronge wurde geliebt, vor ihnen
2102 3412 2955 3499 Antipoden Schuberts, Richard Strauß.
494 3433 1363 3511 unterhielt David Kalisch die Großeltern.
2118 3475 2326 3540 gesellte.
490 3499 1359 3583 Ein zarter Keim zum ersten Tragiker am
2162 3505 2959 3588 Richard Beer-Hofmann aber, der
495 3541 1354 3614 Anfang des 19. Jahrhunderts erstarb
2105 3568 2970 3644 Dichter Jaakobs und des Grafen von
502 3585 1361 3656 neben den großen Deutschen: Michael
2112 3624 2955 3679 Charolais, könnte schon an einem er¬
494 3638 1359 3715 Beer, der Bruder Giacomo Meyerbeers,
2110 3658 2960 3733 träumten Ziel vom jüdischen Drama
503 3688 1356 3752 der alle Gefahren des jüdischen Er¬
2121 3716 2965 3780 stehen, wenn er es nicht als Oesterreicher
494 3729 1365 3792 wachsens verkörperte, Michael Beers
2107 3761 2957 3823 in deutscher Sprache schricbe. So rasch.
500 3761 1368 3861 „Paria“ und „Struensee“ starben bald
2122 3812 2956 3886 wie das Jahrhundert judischer Befreiung
505 3832 989 3906 nach ihrem Schöpfer.
2107 3851 2969 3929 fortschritt, zeigte sich dieser echte, aber
559 3866 1351 3953 Erst als der große, stürmische Abend
2127 3886 2961 3967 „zu glückliche“ Künstler. Kann ein
498 3935 1360 3993 des 19. Jahrhunderts kam, endete die
2108 3939 2967 4019 Schaffender zu glücklich sein? Die Frage
500 3985 1356 4059 Pause, in der das deutsche Drama sich
2111 4004 2973 4072 bleibe offen, denn Mozart sank ins
1574 4004 1910 4085 Morit Heimann
514 4032 1373 4085 scheinbar verloren hatte. Die Fragen der
507 4047 2973 4131 Gesellschaft traten in den Streit — von (Phot: Fritr Heimann, Berlin-Schmargendorf) Armengrab. Dies aber ist gewiß in
