3344 4352
170 229 1386 348 2. Cuttings box 38/2
1806 362 1892 434 r·8
1911 383 2640 436 In Schnitzler Pebrco, il medico,
1887 419 2639 507 il seguace del naturalismo s’incon¬
1797 475 1877 542 S,
1878 482 2638 549 trano per fargli assumere Tatteg.
1798 524 1863 578 18
1883 531 2637 598 giamento di osservatore e registra¬
1806 572 2003 638 nistore.
1904 615 2644 701 Egli appartiene al naturalismo
1804 658 2650 746 irg ein pieno sccolo AX serive ancoin
1811 715 1874 775 I11
1875 727 2634 797 come i compagni di schola dell’ot¬
1861 783 2634 827 Ttocchto) per in carattere esclusiva¬
1862 819 2650 905 mente commnichtivo, registratore,
1876 874 2651 943 cadaverico della sua parola. Egli
1874 915 2643 993 e antipocta nei senso pin preciso
1873 963 2653 1035 delia parola, e neppure prosatore
1875 1018 2646 1081 (sccondo T’ideale di Flaubert). La
1802 1058 1856 1126 0
1866 1073 2647 1141 qualilicazione adatta per lui 6
1872 1115 2653 1182 quella di cronista: cronista delia
981 1116 1693 1240 IL MARE- RAPALLO
1877 1176 2641 1238 dolce Vienna, un po' decadente,
1862 1212 2644 1283 un po' superliciale, un po' melan¬
1242 1226 1583 1343 26 KlOV. 1932
1859 1269 2633 1336 coniea; cronista della borghesia
1846 1317 2644 1378 Tbenestante, degli intellettuall, e di
1866 1365 2633 1431 preferenza dei medici. Non e mai
1856 1413 2643 1489 Fuscite dal proprio ambiente, se non
1194 1412 1770 1518 Inflazione
1861 1472 2638 1532 coine i1 fils d papa che la domenien
1894 1516 2630 1576 — con i soldi della settimana in
1111 1502 1847 1580 SCHNITZLERIANA
1857 1569 2634 1620 tasca — vaa divertirsi con le pro¬
1870 1599 2643 1684 stitute, Reigen e una C scappatu )
1125 1614 1847 1678 Ci si aspettava una decrescenzn
1876 1662 2270 1730 di questo genere,
1084 1663 1851 1736 degli elogi all'indirizzo di Schnitz¬
1093 1708 1866 1785 ler; invece e successo il contrario.
1902 1718 2625 1788 In Fondlo egli ha paura. Non ha
1085 1772 1860 1843 En anno fa, quando e morto, s!
1872 1774 2631 1837 voluto ritrattare la biittezza e in
1095 1807 1855 1881 tenevn conto della pieta necrolo¬
1870 1818 2622 1885 mediocrita ripugnante della sun
1085 1860 1854 1928 gien e della fretta giornalistien,
1859 1868 2628 1933 beneamata borghesia: ha preferi¬
1096 1904 1854 1984 scusando in esagerata pretesn di
1860 1903 2644 1979 to fire n giallare, mostrarle certj
1086 1956 1851 2036 chiamarlo poeta e gloria della let¬
1866 1970 2622 2034 aspetti di grandezza illusoria, in.
1084 2008 1856 2074 teraturn tedesen attuale. Mu oggi
1860 2018 2628 2089 dulgere al suo gusto di lusso e
1861 2057 2621 2133 di mondanita (certo anche que¬
1078 2067 1851 2130 ci rbelliamo contro una eritich ot.
1867 2111 2619 2172 sto mondo ebrco), acchrezzare 1
1079 2121 1848 2183 tocentesca che ei vuol far digerire
1858 2165 2621 2215 Stoi istinti eroticie i suoi desi.
1080 2173 1853 2237 come piatto fresco il passatismo
1857 2209 2624 2266 deri latenti e addomesticati di u¬
1078 2209 1851 2276 viennese. E' il momento di preci¬
1078 2260 1849 2333 sare il posto che spetta allo scrit¬
1863 2266 2628 2342 ua vita pin avventurosa e piu li¬
1856 2310 1989 2377 bera.
1090 2315 1851 2387 tore anstriaco, posto che non ecer.
1087 2368 1852 2437 tamente quello che si vuol far ere¬
1893 2351 2625 2425 Notevole e la sua mancanza di
1086 2408 1239 2473 dere.
1845 2415 2622 2476 capacita costruttivae di senso ar¬
1128 2450 1839 2523 L’arte di Schnitzler garte di an¬
1860 2464 2621 2537 chitettonico. Cio che egli puo dire,
1075 2511 1842 2582 teguerra. La sun opera non ha piu
1863 2513 2626 2576 lo dice meglio nella piccola scena,
1073 2572 1836 2620 importanza per la vita attuale.
1860 2564 2623 2626 nella novella e nella sua forma
1079 2611 1821 2681 Cornice ne e il secolo passato.
1856 2614 2625 2675 drammatizzata e dialogata: il pie¬
1126 2663 1843 2723 Un doppio ordine di elementi de¬
1846 2658 2626 2742 colo dramma. Uscire da questi li¬
1084 2711 1842 2779 termina 1°opera di Schnitzler,
1852 2712 2627 2787 miti signilica per Schnitzler cade¬
1848 2759 2619 2834 re hello schematismo (Reigen, fila
1072 2775 1845 2827 cioc, da una parte, lo stato d’ani¬
1078 2813 1835 2883 ino che rispecchiano le sue opere:
1859 2813 2618 2873 di scene: la prostituta eil solda¬
1081 2865 1844 2935 sccolo decimonono, naturalismo; e
1855 2863 2620 2938 to, il soldato e la cameriera, la
1077 2906 1843 2972 d’altra parte la sua condizione di
1845 2910 2621 2982 cameriera e il signorino, il signo¬
1076 2956 1680 3032 ebreo, viennese e medico.
1844 2974 2617 3032 rinoe la giovane donna, ecc.) 0
1118 3005 1767 3064 Cominciando dal secondo:
1846 3012 2623 3078 perdersi in un labirinto di perso¬
1855 3042 2617 3144 naggi e situazioni (Der Weg ins
1118 3064 1843 3128 Nei paesi latini ci si rende dif¬
1856 3112 2011 3187 Freie).
1073 3106 1835 3172 licilmente una idea esatta dell’in¬
1076 3154 1843 3220 flusso e della portata dell' ebrai¬
1885 3157 2614 3224 Leitmotif per Schnitzler é l’ero¬
1071 3212 1844 3268 sio nella civilta germanica. Pare
1847 3211 2621 3293 tismo. Fuori di esso — nonostanteg
1070 3265 1831 3327 che nei lunghi sccoli di oppressio¬
1853 3261 2624 3330 Ie sue proteste — i problemi 80-5
1078 3315 1841 3372 ne lo spirito ebraico abbia non
1857 3310 2619 3372 ciali equelli di famiglia sono per#
1077 3363 2609 3407 soltanto conservato integrafmenteftat di und importanza secondaria.
1074 3406 2617 3480 i1 proprio genlo, mu accentuato lar La sua concczione dell’amore ri¬
1063 3451 2612 3513 impronta individuale e aumentatosvela in modo particolarmente chin
1076 3510 2623 3569 la forza espansiva. Cio spieghereb-Tro la sun triplice mentalita. Comen
1070 3547 1847 3618 be Pesplosione dell’ebraismo intel¬
1854 3573 2613 3629 viennese egli sta tra Weininger es
1071 3602 1837 3682 lettuale avvennta hella seconda
1848 3603 2614 3680 Frend, tra il filosofo sessuale, cher
1070 3657 1841 3726 meta del sccolo scorso, e in parte
1842 3650 2609 3720 gli lascio il pessimismo, e il bio¬
1065 3709 1842 3762 anche la violenta reazione, della
1856 3702 2622 3780 logo, da cui prese un briciolo dis
1074 3759 1838 3827 quale e ultimo risultato Pantise.
1846 3756 2609 3828 curiosità e di rigidita analitien.,
1070 3791 1541 3859 mitismo hitleriano.
1838 3808 2601 3868 All’amore di Schnitzler manca 6.
1112 3842 1840 3916 L’Austria imperiale pare sia sta¬
1839 3856 2610 3921 gni traccia metalisica, ogni impor-
1074 3902 1837 3961 ta una terra particolarmente pro¬
1842 3901 2618 3963 tanza spirituale, Afliora invece lag
1847 3963 2599 4018 sua sehsualita semitien che riscal¬
1064 3952 1837 4019 pizia a quella rapida fioritura del¬
1072 3999 1829 4053 T’ebraismo: la sun stanchezza po¬
1844 4015 2615 4065 da la fantasia di immagini lussu¬
1071 4051 1834 4106 litica dopo la disfatta del °66, in
1848 4063 2613 4110 reggiantie la conduce in sitnazioni
1061 4096 1838 4152 decadenza nazionale risultato del
1839 4111 2606 4174 andaci e riccreate, a un fasto ero¬
1058 4148 2295 4227 # mostn un Wuee Win bescn.
3059 4102 3229 4186 e
