3296 4352
171 309 768 413 2. Cuttings
146 1415 985 1480 hs uni, le plus inquiet, le plus en proie
145 1473 970 1523 ictions est, pour Schnitzler, le Juif.
154 1532 975 1577 par sa situation sociale, par cette
154 1578 968 1628 u'il mène parmi les & ennemis. aux¬
139 1618 966 1681 t tenir téte et les siens qu'il méprise.
137 1658 975 1729 nitzler qui a lancé la fameuse anec¬
147 1715 975 1768 f polonais qui, ayant pris place dans
139 1761 967 1813 iment ou se trouve un monsieur in¬
136 1814 970 1876 li, se comporte fort convenablement
151 1863 967 1915 oment ou, reconnaissant en son
160 1910 977 1968 de voyage un coreligionnaire, il
173 1956 975 2023 4 AsoII, et met les pieds sur la
138 2001 387 2071 'enface.
151 2045 975 2113 ment un personnage de Schnitzler
152 2107 973 2178 ette anecdcte: : La tragi-comédie
162 2153 959 2220 c’est l’absence totale de respect en¬
151 2202 967 2270 insi ne peuvent se respecter les pri¬
157 2263 960 2319 guerre concentrés dans un camp
147 2294 961 2370 x du moins qui ont perdu tout es¬
155 2354 602 2414 uvrer la liberté ...
151 2402 961 2452 itisme est ce traquenard extérieur
159 2459 956 2519 le Juif la conception harmonieuse
138 2504 961 2556 hile rend impuissant à s’extérioriser
162 2561 959 2615 vers un monde intérieur d’autant
145 2600 464 2659 xe et désolé.
143 2643 964 2717 n1908, après avoir créé la plupart
143 2701 964 2763 leures ceuvres, Schnitzler aborde,
143 2753 955 2809 ière fois, le problème juif, ou plu¬
137 2806 954 2862 eme de s l'’homme juif:, il se voit
137 2848 963 2910 nt la complexité de la matière,
146 2896 961 2963 er son genre favori, mais limité,
151 2953 963 3003 rme plus ample. Il fait donc un ro¬
148 2991 610 3056 hemin de la liberté.
163 3039 955 3115 roman de conteur, composé de
151 3090 957 3153 rie de récits détachés. La construc¬
147 3142 962 3209 ache, et l’épisode central, qui relate
145 3188 955 3250 'un jeune baron autrichien, compo¬
158 3240 957 3301 eur, et d’une jeune fille, dont il se
179 3295 969 3353 la mort de leur enfant, n’est, en
164 3345 973 3393 qu'une broche sur laquelle l’auteur
153 3386 953 3443 série de dialogues ou plutôt de mo¬
149 3432 959 3505 hr le baron ne fait qu’écouter des
151 3482 961 3548 barlent. Parvenus ou philosophes,
158 3539 958 3581 mmes de science, assimilés ou sio¬
174 3584 971 3637 demandent qu’à s’analyser, qu’a
163 3633 969 3693 plaies. Le véritable héros du roman
170 3673 964 3731 Bermann, écrivain et penseur.
163 3734 958 3788 re est paralléle à celle du baron
152 3785 961 3834 ne lui, il est fils d’un homme re¬
162 3832 955 3887 d’un juriste réputé qui, patriote
160 3875 952 3936 ardent, sur le point de participer
911 301 1382 396 box 38/2
990 1440 2068 1495 activement à la renaissance du pays, fut re¬
994 1486 2067 1539 jeté au fond de la province par la fureur an¬
998 1531 2075 1578 tisémite. Là il sombra dans la folie, ne pou¬
989 1575 2067 1649 vant survivre à son amour méconnu de l’Au¬
996 1621 1156 1684 triche.
1037 1670 2070 1736 Bermann aussi a un roman. avec une petite
992 1739 2076 1783 actrice, étre bizarre et incertain — ou qu'il se
984 1775 2067 1816 représente comme tel. Toujours est-il qu'il ne
988 1817 2072 1885 saurait accepter un amour tranquille et serein.
993 1877 2080 1931 Traquée par la jalousie de son amant, par son
985 1917 2080 1980 humeur sombre et fantasque, la petite actrice
995 1962 2068 2014 trouve le repos au fond d’un étang, et Bermann
999 2018 1870 2064 se sent atteint dans sa propre vitalité.
1034 2062 2072 2127 Homme de lettres, il veut écrire. Mais après
993 2115 2073 2163 une longue et douloureuse gestation, ses cuvres
985 2161 2069 2218 avortent. Il est trop raisonneur, trop fouilleur,
980 2212 2067 2266 trop profond s connaisseur de lhumanité et
992 2254 2063 2307 bien trop impitoyable “, pour trouver une issue
985 2308 2067 2356 dans la création. Il est condamné à l’insuccès
981 2359 2068 2414 par 4 excès d’intelligence s. —  Je ne suis pas
991 2402 2063 2447 au-dessus des partis, dit-Il. Je suis en quelque
985 2450 2063 2502 sorte dans tous et contre tous. Je possede non la
987 2503 2065 2564 justice divine, mais la justice dialectique 2. Et
992 2546 2063 2606 encore: 4 Pour posséder un monde organisé, je
991 2593 1865 2661 suis obligé de le recréer chaque fois .
1031 2645 2065 2694 C’est pourquoi, cependant que le chrétien
992 2697 2072 2759 Georg qui, lui, se meut dans un monde uni et
983 2741 2073 2807 bien organisé, est capable de considérer son
982 2786 2062 2862 aventure amoureuse du dehors et s’acheminer
988 2839 2059 2901 ensuite vers la réalisation et l’équilibre d’un mé¬
992 2891 2055 2943 tier, tandis que d’amateur il devient chef d’or¬
985 2940 2066 2998 chestre, Bermann ne parvient pas à sortir du
986 2980 2063 3051 jeu cérébral de son existence, qu’il ne perçoit
995 3037 2056 3094 que du dedans. La réalité n’en veut pas. Aucun
978 3089 2072 3132 personnage n’incarne mienx que ce raté hanté
977 3131 2060 3200 par le suicide l’épigraphe de la fameuse trilo¬
981 3181 1995 3230 gie dramatique de Schnitzler . Paracelse
981 3229 1706 3296 Lamie — Le perroquet vert:
1032 3290 2056 3351 Nous joucns tous: sage est celui qui le sait.,
1028 3346 2055 3399 L’inaptitude foncière de Bermann au réel, son
981 3389 2057 3459 impuissance d’extériorisation créatrice, sont le
986 3449 2050 3511 vice essentiel de son étre. Car si #les voies me¬
979 3502 2060 3552 nant vers la liberté sont cachées dans nous
975 3546 1917 3600 mèmes 2, il ne saurait les trouver en lui.
1030 3590 2057 3655 Schnitzler ne s’arréta point sur cette solution
984 3648 2055 3689 désespérée. Après avoir esquissé dans ses nou¬
990 3682 2060 3752 velles quelques figures de Juifs, il y revint peu
978 3741 2050 3788 d’années aprés. Comme jadis l’ampleur du pro¬
973 3787 2050 3833 bleme juif l’avait poussé de la nouvelle au ro¬
975 3838 2059 3886 man, ainsi maintenant il abandonne le cadre
976 3880 2067 3937 mordant et aphoristique de sketches et fait de
2090 1424 3199 1521 son Professeur Bernhardi une pièce en eind
2097 1484 2241 1538 actes.
2124 1519 3176 1601 L’action se passe en 1900. Un cas de conscien¬
2095 1570 3182 1649 ce met aux prises le professeur Bernhardi, di¬
2095 1642 3177 1695 recteur d’une grande clinique viennoise, et un
2085 1674 3179 1728 pasteur venu pour donner la dernière absolu¬
2096 1733 3176 1800 tion à une jeune mourante. Or, les pigüres de
2086 1788 3185 1846 camphre qu’on lui a faites l’ont amenée, après
2092 1832 3181 1881 une longue torture physique et morale, à un état
2094 1883 3179 1948 d’euphorie. Elle se croit guérie, aimée, attendue.
2088 1926 3177 1987 Le médecin, soucieux de lui conserver cette illu¬
2096 1973 3179 2030 sion jusqu'au dernier instant, barre la porte au
2093 2014 3178 2080 pasteur qui, apportant à la malade la consola¬
2089 2074 3166 2143 tion divine, achévera l’amère suite de ses dé¬
2087 2124 3183 2190 ceptions terrestres. Cet éternel problème qui ne#
2092 2171 3179 2239 cesse d’étre débattu autour du lit des malades,
2085 2218 3176 2285 se corse ici d’un conflit politique, car Bernhardi
2086 2269 3172 2335 est Juif et l’offensive antisémite en profite pour
2090 2321 3174 2384 l’accuser de crime de lese-religion. Calomnie
2136 2361 3172 2426 interpellation au Parlement — Cour d’assises,
2082 2413 3169 2484 suivies de la condamnation du professeur à l’em¬
2076 2454 2434 2517 prisonnement.
2135 2498 3170 2580 Bernhardi n’est pas Bermann. C’est un hom¬
2080 2558 3175 2623 me d’action. I sort de sa cellule avec une soif
2087 2612 3180 2675 ardente de faire la lumière, de dire leur fait à
2079 2657 3176 2722 ses ennemis, de se venger d’eux. Et voici qu'il
2087 2711 3168 2775 apprend un revirement de l’opinion: les libe¬
2082 2762 3176 2819 raux prennent le dessus, une révision de son
2075 2809 3175 2871 procès se prépare et il est possible qu’on le porte
2082 2858 3177 2914 à la candidature parlementaire. Aussitôt, son
2084 2905 3171 2965 élan tombe, sa haine se dissipe. II recule devant
2078 2954 3167 3003 le piètre triomphe et les promiscuités d’une vic¬
2086 2995 3176 3065 toire politique. II lui suffit de savoir que l’opi¬
2082 3051 3177 3113 nion publique lui donne raison. Il faut le cynis¬
2087 3092 3171 3155 me amusé d’un haut fonctionnaire — c’est le
2073 3146 3168 3193 sceptique viennois Schnitlzer qui laisse passer
2072 3185 3185 3255 le bout de l’oreille — pour convainere Bernhardi
2091 3241 3177 3308 que  personne n’est encore devenu populaire
2073 3294 3162 3338 pour avoir eu raison. Cela ne vous arrive que
2079 3330 3170 3407 quand vous tombez à un moment opportun créé
2074 3379 2955 3449 par le remous des partis politiques ..
2119 3442 3171 3509 Ainsi, mème dans ce drame, qui appartient
2077 3468 3172 3554 aux pius fortes cuvres de Schnitzler, on ne peut
2082 3529 3149 3591 se maintenir dans ; l’absolu s. L’auteur lui¬
2076 3578 3162 3647 méme ne le dénomme-t-il pas & comédie .? Si,
2076 3620 3155 3695 au nom d’un sentiment intérieur obscur, ses per¬
2083 3680 3171 3749 sonnages se tendent parfois la main par-dessus
2069 3733 3159 3799 l'abime, c’est pour étre aussitôt séparés par le
2083 3773 3156 3844 flot de l’éternelle incertitude, de l’éternelle re¬
2079 3822 2752 3892 lativité des choses humaines.
2623 3878 3111 3968 Nina GOURFINKEL,
