3344 4352
1975 170 2295 242 —
1483 248 1949 348 box 36/2
231 257 1332 364 Panphlets Offorints
915 1067 2252 1135 immer, wer es weiß, ist klug.“ Auch der Versuch uns die
913 1118 2248 1183 Renaissance vorzuzaubern gelang nicht ganz; die anfangs klare
918 1183 2249 1237 Handlung im „Schleier der Beatrice“ wird immer verworrener,
921 1220 2258 1288 die anfangs tiefen, einfachen Probleme immer unklarer, aber
926 1268 2264 1338 eine Tat war es doch, dieses Werk, war es doch einmal wieder
922 1344 2263 1386 ein Drama großen Stils mit tausend Entwicklungsmöglichkeiten,
929 1375 2256 1445 mit tausend Aussichten; kein enger, von hohen Mauern um¬
918 1410 2259 1482 grenzter Hof; ein Platz, von dem nach allen Seiten Wege
914 1478 2266 1541 leiten. Der große Wurf glückte aber dem Dichter mit dem
923 1533 2254 1597 „grünen Kakadu“, genial hingeschmissen, ganz Fresko, keine
929 1563 2256 1643 Kleinmalerei, und das große blutrünstige Gespenst der franzö¬
926 1639 2267 1683 sischen Revolution starrt hinter dem perversen, grotesken Lachen,
930 1682 2258 1732 das das Stück durchzittert, bis das Lachen zum Schrei der
935 1709 2267 1792 Verzweiflung wird, und das Spiel zum Leben und das Leben
935 1780 2263 1841 zum Spiel. Schnitzler schrieb auch Novellen und einen Roman,
925 1809 2268 1885 entzückend feine Werke und für ihn überaus charakteristisch, aber
1893 1858 2268 1922 — seine Dialoge
935 1865 1865 1931 seine Dramen sind mir lieber, oder auch
942 1932 2272 1984 („Anatol“ und „Reigen"). Ich glaube nicht, daß seit dem Tode
937 1957 2272 2026 Boccaccios etwas so Kühnes, Geistreiches und satirisch Hoch¬
940 2011 2279 2085 steyendes geschrieben wurde, wie diese Plaudereien, über die sich
939 2061 2278 2123 so viele entsetzen, und die viele andere immer und immer wieder
930 2120 2285 2186 lesen, um immer neue Kleinodien darin zu finden, je mehr sie sich
933 2171 1296 2239 hinein vertiefen.
1055 2191 2266 2270 Ich sprach von dem jungen, reifenden Manne, der durch
945 2252 2282 2323 das Leben dahinschreitet mit scharfen, wachen Augen und einem
942 2302 2275 2368 Sinn, der offen steht für all die Erscheinungen, die ihm ent¬
937 2373 2277 2419 gegentreten, und einem Herzen, das noch Wunder fühlt, wo die
950 2403 2275 2477 anderen, die nicht Sonntagskinder sind, nur alltägliche Vorgänge
949 2457 1853 2532 sehen, nicht wert der Rede und Beachtung.
1071 2491 2286 2570 Vor mir liegt Arthur Schnitzlers letztes Werk; die Arbeit
954 2544 2283 2614 eines gereiften Mannes: „Der einsame Weg“ (Ein Schauspiel
952 2594 2289 2669 in fünf Akten). Sie ist zu reich, diese Arbeit, zu verschwenderisch;
953 2663 2290 2718 nicht viele Werke wurden in unseren Tagen geschaffen, von denen
942 2695 2280 2747 wir sagen konnten: sie sind zu reich. Der Dichter hat uns zu
956 2739 2294 2808 viel sagen, zu viel schildern wollen und hat dadurch selbst den
954 2799 2287 2861 knappen, dramatischen Aufbau durchbrochen und die Gesamtwir¬
958 2845 2286 2917 kung zerrissen. Aber was ist nicht alles da an psychologischer
957 2916 2296 2959 Tiefe und Feinheit, vornehm diskretem Gestaltungsvermögen
958 2936 2291 3005 und hoch, sehr hoch stehender Lebensweisheit, die empor gestiegen
968 2985 2295 3060 ist über den Tag und dort anfängt, wo die Fragen des kleinen
956 3038 2287 3114 Alltagslebens aufhören, gleich brandenden Wogen zerschellen an
963 3086 2295 3155 den granitenen Strandriesen. Als ich das Werk ausgelesen hatte,
963 3147 2298 3208 mußte ich an die gothischen Dome denken, an die Zeit, aus der
970 3194 2295 3265 sie hervorgewachsen sind, an die Zeit, die so schaffensfreudig
966 3230 2296 3304 war, daß sie aus reiner Freude am Schaffen all die grotesken
968 3282 2295 3361 Figuren und Figürchen, Fratzen und Masken schuf, wie sie uns
962 3329 2297 3404 aus allen Ecken und Nischen der Dome anstarren und angrinsen.
969 3374 2311 3463 Oft zerreissen sie die ruhige Monumentalität — aber möchten
1370 3425 2321 3514 ich glaube nein, denn wir lieben die Kraft,
964 3447 1329 3520 wir sie missen?
2560 4142 2613 4189 —
