3344 4352
1918 198 2348 278 ——
555 274 661 346 1e
1472 274 1937 367 box 36/2
173 271 1401 387 PanphOffbrints
857 1045 2178 1125 den Reichtum, der darinnen schlummert. Ist es nicht auch so
2148 1096 2198 1147 N
873 1100 2159 1185 mit dem „einsamen Weg“? Irgendwo im „Michael Kramer“
865 1152 2192 1228 hat Gerhart Hauptmann das wunderbare Wort gesagt, daß das
862 1198 2199 1276 große Mißlingen in der Kunst oft mehr sei, als das beste Ge¬
864 1268 2196 1322 lingen, auf Schnitzlers letztes Werk möchte ich dieses Wort an¬
861 1310 2205 1380 gewandt wissen. Was uns der Dichter weiter schenken wird?
870 1352 2203 1419 Darüber zu grübeln, wäre müssiger Zeitverlust; freuen wir uns
872 1394 2206 1467 dessen, was er uns geschenkt hat, und harren wir des Kommen¬
874 1445 2226 1521 den; er ist noch stark und jung, und er sagt ja selbst in seinem
881 1518 1185 1585 letzten Werk:
1038 1567 2065 1644 „Solang man jung ist, stehen alle Türen offen,
1026 1621 1901 1701 und vor jeder Türe fängt die Welt an!“
1472 1947 1635 2028 K
1310 2148 1827 2257 Junges Alter.
1190 2276 1763 2365 Ueber welke Rosen neigte
1193 2345 1865 2418 Sich ein Antlitz mild und fein,
1195 2402 1880 2484 Weißes Haar und helle Augen,
1190 2463 1908 2546 Drinnen lag's wie Jugendschein.
1185 2555 1828 2623 Aber auch die Rosen hatten
1193 2622 1875 2706 Insgeheim, doch süß und zart
1207 2685 1874 2752 Aus verrauschten Maientagen
1203 2742 1898 2809 Einen leisen Duft bewahrt ...
1614 2829 2198 2922 Franz Ritter v. Lefort.
1489 3060 1676 3167 180
1516 3172 1657 3226 r
1499 3499 1689 3585 — 5—4 —
