3532 4192
577 137 884 212 pisode
279 137 895 246 4.4. B
1014 126 1409 228 box 7/7
1482 1072 1903 1151 Telefon 12801.
1032 1194 2356 1265 Alex. Weigl’s Unternehmen für Zeitungs-Ausschnitte
2051 1241 2226 1302 Ausschnltt
2055 1266 2419 1399 w. 22
1353 1261 2005 1403 „OBSERVER“
973 1377 2416 1464 I. österr. behördl. conc. Bureau für Zeitungsberichte u. Personalnachrichten
1146 1470 2233 1550 Wien, IX Türkenstrasse 17.
1354 1545 2008 1628 Filiale in Budapest: „Figyelö“
982 1628 2408 1703 Vertretungen in Berlin, Chicago, Genf, London, Newyork, Paris, Rom, Stockbolm.
1792 1691 2393 1818 BRSATZ
962 1740 1506 1824 Ausschnitt aus:
1607 1828 2284 1964 Die Wage, Wien
971 1875 1198 1977 vom 2
1187 1877 1454 2002 ½ 101
1210 2169 2309 2312 Den Wend leitete Schuthtes enhüäknde Cpfoden (ue
1091 2233 2306 2361 dem Anatol=Cyelus) ein. Schnitzler fand die Kraft, aus seinem
1095 2269 2307 2419 Kreise herauszuwachsen. Die ewige Formel des Dichters heißt:
1096 2332 2293 2446 Ich und die Welt. Bei Georg Hirschfeld hört die für ihn er¬
1078 2378 2295 2532 kennbare Welt mit seinen nächsten Angehörigen und Be¬
1077 2421 1348 2494 kunnten auf.
1192 2480 2292 2610 Gespielt wurden die verschiedenen Acte des Abends
1067 2524 2273 2679 durchwegs vorzüglich. Insbesonders bewies Herr Jarno in
1074 2578 2260 2716 Hirschfeld's „Zu Hause“, wie groß seine Charakterisirungs¬
1055 2624 1260 2715 kunst ist.
2246 2689 2373 2775 sive
1601 2701 1699 2811 *
2227 2752 2350 2809 hrto.
1094 2783 1200 2829 200
2201 2791 2372 2852 hlbar
1968 2769 2152 2879 10—
1083 2819 1199 2867 500
1959 2838 2398 2916 „ 200.—) im Voraus.
1028 2857 1196 2922 „ 1000
1100 2894 2422 2961 Im Gegensatze zu anderen Bureaux für Zeitungsausschnitte ist das
988 2948 2419 3005 Abonnement durch keine bestimmte Zeitdauer begrenzt; — auch steht es den
978 2990 2276 3070 Abonnenten frei die aufgegebenen Themen zu ergänzen oder zu ändern.
1093 3064 2435 3130 Der „OBSERVER“ veranstaltet täglich einen Auszug. enthaltend die
989 3116 2413 3177 Inhaltsangabe aller wichtigen Mittheilungen der Wiener Morgen¬
993 3164 2411 3214 blütter (Tagesjournale ausser „Neue Freie Presse“ und Wiener Zeitung“)
989 3185 2419 3246 wodurch eine Uebersicht über das gesammte politische und wirthschaftliche Leben
989 3237 2434 3301 des In- und Auslandes in drastischer Kürze geboten wird. Diese Mittheilungen
980 3282 1790 3336 werden in Wien um 9 Uhr Früh verschickt.
1279 3340 2113 3450 Prospecte gratis und franco.
