3392 4192
554 111 807 192 isode
939 107 1346 225 box 7/7
193 125 819 239 4. 4. Epiesse
1618 1316 1689 1392 .—
1342 1312 1661 1424 —
1703 1318 1844 1422 —
1894 1406 3103 1464 lich auch unser armer Freund Pierrot, der sich wieder
719 1416 1914 1464 versitäten vorgebildeter Germanist wäre, könnte man aus
123 1415 290 1480 ält:
1899 1436 3098 1507 einmal umbringt aus unglücklicher Liebe. Buntes Theater!
729 1457 1909 1516 diesem wichtigen Ausspruche des Begründers vielleicht eine
127 1447 507 1547 ölkerkunde“:
479 1450 737 1548 „Neue
1906 1500 3086 1559 Gebt her, was nur irgend auf die Bühne gebracht wer¬
729 1497 1913 1571 Aesthelik des „Ueberbrettls“ ableiten. So lange nicht die
120 1513 729 1609 nüberseeischen Ver¬
1902 1542 3093 1608 den kann, und es wird auf diese Bühne gebracht werden!
729 1547 1913 1609 Aesthetik von etwas abgeleitet ist, ist überhaupt nichts
1895 1590 3097 1659 Buntes Theater heißt auf Französisch „Variété“. Die
726 1596 1903 1654 damit anzufangen. Die gewissen germanistisch geschulten
134 1589 725 1684 w. „Neue afrikanische
1908 1637 3095 1707 Uebersetzung kann gar nicht wörtlicher sein. Also meinet¬
722 1651 1913 1706 Essayisten und Literatur=Verkündiger machen sich bereits
143 1657 737 1755 .Ludwig Karell. Seite
1898 1667 3093 1757 wegen, das Ueberbrettl ist ein Variété. Oder auch, es ist
737 1697 1907 1763 seit einiger Zeit mit dem „Ueberbrettl“ zu schaffen. Daß
1902 1732 3097 1790 ein Brettl, da den Haupttheil des Programmes Lieder
743 1733 1912 1803 es eine neue Kunstepoche einleitet, ist noch nicht gesagt
1908 1767 3096 1843 bilden, wie sie auf dem Brettl gesungen werden. Nur ist
732 1788 1909 1850 worden, auch nicht, daß das Theaier des zwanzigsten
121 1800 731 1902 Momanes „Aussaat und
1899 1834 3101 1897 die Auswahl der Lieder geschmackvoller als sonst auf dem
739 1836 1905 1906 Jahrhunderts sich darin ankündigt; aber sagen wird man
1902 1877 3089 1943 Brettl (obwol man das Brettl nicht verachten soll; der
731 1872 1911 1947 es schon noch. Inzwischen hat man seine wesentliche Auf¬
126 1881 482 1960 in. Seite 18.
1908 1924 3092 1998 „Alte Drahrer“ ist alch von da gekommen). Das bunte
740 1932 1901 2008 gabe erkannt: es soll den Geschmack des Volkes bessern,
1902 1979 3082 2038 Theater ist also ein besseres Brettl, ein tréteau supérieur
743 1958 1916 2042 soll das Volk zum Schönen erziehen. Aehnlich also, wie
1904 1997 3110 2099 ein Ueberbrettl. So, jetzt hat das Wort „Ueberbrettl“ auch
121 1993 511 2102 leton.
731 2025 1915 2088 die Athene des Phidias, nur daß diese nicht den beim
1898 2071 2942 2140 einen Sinn, und nun können wir zufrieden sein.
737 2058 1906 2143 „Ueberbrettl“ eingeführten bunten Frack mit Metallknöpfen
119 2083 427 2183 verbrettl“.
1976 2098 3101 2179 Die Vorgeschichte ist bekannt. Das Pariser Cabaret
736 2108 1916 2182 trug. Man hat ferner festgestellt, daß das „Uebecbrettl“ ein
1911 2146 3094 2223 artistique sollte in Deutschland nachgeahmt werden. Die
130 2164 734 2235 o erstanden. In der „Seces¬
728 2164 1912 2230 literarisches Variété ist. Denn nur das Literarische hat
1906 2206 3100 2273 Idee lag nahe und war berechtigt. Wir haben in Deutsch¬
132 2202 729 2278 führt, und es war der erfolg¬
732 2205 1913 2278 Werth. Im Wintergarten aber und bei Ronacher
1903 2254 3098 2317 land fast alle Elemente, die dazu gehören, um ein
119 2262 743 2338 Aus am Alexanderplatz erlebi
736 2259 1916 2323 mangelt es an Literatur. Es gibt allerdings böse
1908 2295 3092 2370 Künstler=Cabaret zu schaffen wir haben Künstler und wir
130 2308 729 2372 hen Zwecken eröffnet wurde.
741 2316 1903 2375 Menschen die behaupten, daß sie nicht am wenigsten
1911 2350 3105 2423 haben Cabarets, und die Stimmung der Zeit ist auch
131 2336 733 2421 lieblichstes aller Secessions¬
722 2351 1913 2425 deßhalb so gerne diese Kunstinstitute besuchen. Wolzogen
1910 2399 3094 2461 danach. Die Stimmung der Zeit nämlich gegenüber den
125 2407 730 2468 t der Inschrift „Ansverkauft“.
728 2391 1908 2467 hat sich an all das Geschwätz nicht gekehrt, das die ge¬
1906 2440 3101 2511 Theatern. Es kann keinem Zweifel unterliegen: in Frank¬
126 2442 735 2526 te gekommen, ein glänzendes
730 2449 1914 2522 lehrte Zunft um ihn herum aufgeführt hat, und darum
1909 2471 3107 2553 reie) wie in Deutschland findet das Publicum in den
131 2490 735 2575 krische Gemeinde von Berlin.
741 2499 1914 2564 ist ihm ein Werk gelungen. Die kurzen Worte, mit denen
1913 2553 3093 2605 Theatern nicht mehr, was es sucht und was es bean¬
136 2556 730 2614 b Beifall in Fülle. Dieses
724 2540 1919 2614 er seine Vorführungen einleitete haben sympathisch be¬
1914 2589 3101 2653 spruchen darf, zu finden. Die Blüthe der Variétés, der
733 2588 1910 2654 rührt, weil ihnen jede literarische Prätention mangelte.
127 2596 732 2670 leben bleiben. Auf der deut¬
1914 2631 3112 2701 Ueberbrettl und der Unterbrettl, ist nicht, wie man so oft
734 2631 1929 2712 Er hat das Gut genommen, wo er es finden kornte, hat
124 2643 736 2712 mal etwas Neues zu sehen,
1915 2682 3099 2745 geschrieben hat, eine Fatalität für die Theater, sie ist eine
133 2682 1918 2759 uheit in diesen und jenem aus lustigen Fligen eine Narrenjacke zusammengesetzt, hat
1912 2726 3095 2792 Anklage gegen die Theater, sie beweist, daß die Theater
737 2737 1913 2796 alls allerlei drolligen und farbigen Stücklein ein buntes
134 2738 735 2833 kann, etwas Hübsches und
1907 2778 3098 2854 nicht mehr ihre Schuldigkeit thun. Dafür gibt es Gründe
743 2786 1920 2851 Theater aufgebaut. Das ist das richtige Wort zur Defi¬
1905 2820 3100 2897 genug, die sich hier nicht alle, ausführlich besprechen lassen.
729 2831 1917 2894 nition, und man braucht es nur auf dem Programm zu
155 2811 738 2904 um zü sagen, was „Ueber¬
1914 2878 3098 2937 Ein Grund ist die Unfähigkeit der Directoren, die
126 2872 1922 2949 ch bedeutet es nicht viel. Es lesen: das Ueberbrettl ist ein buntes Theater. Es ist ein
1908 2916 3099 2986 größtentheils entweder Geschäftsleute oder unkünstlerische
128 2920 1909 2989 einer Sache. Man plante ein Theater, in dem Vieles aufgeführt wird, und noch Eini¬
1912 2964 3100 3033 Literatur=Gelehrte sind. Von der Literatur überhaupt
725 2963 1920 3033 ges dazu. Es wird gemimt und gesungen declamirt und
136 2985 752 3048 ihm einen närrischen Titel:
1913 3014 3100 3077 kommt das Unglück. Die Directoren sind literarisch, die
726 3015 1921 3114 getanzt. Bunt, bunt, bunt ist die Losung. Schöne
139 3028 740 3091 er Begründer selbst, hat sich
1908 3064 3099 3133 Schriftsteller sind literarisch, vom Publicum wird literari¬
737 3065 1920 3138 Frauen, deutsche Lyrik, viel Licht und viel Farbe, ein
120 3072 740 3142 Es gibt Ueberziehe.. Ueber¬
1905 3099 3093 3173 sches Verhalten verlangt. Vor lauter Literatur geht die
147 3121 1920 3179 er. „Folglic kann es auch Ringelreihen, ein Tröpfchen Geist, ein Spitzchen Bosheit,
132 3183 3100 3253 man ein auf deutschen Uni= Politik, Literatur, ein Schattenspiel, ein Walzer und end= Kunst zum Teufel, Das Stückeschreiben ist ein ehrsames
