3436 4192
577 115 813 197 isode
240 102 1365 232 4.4. Eplagur box 7/7
1696 1510 3346 1563 sagst du dazu, Margot? Margot sagt: „C’est parsait! blumenreiche Beredisam
507 1485 1696 1582 Metier geworden. Man schilbert Milieus, man führt Pro¬
1684 1560 3345 1634 Et chantons au clair de la lune!“ Oder die Stanzen an v. Wolzogen ist auch ke
505 1565 1700 1635 gramme aus, man verfolgt Rich ngen. Eines Tages wird
1697 1610 3351 1663 Manon: „Verse, verse tes baisers à mes sens inapaisés!“ sondern kommt aus de
507 1601 1691 1671 ein Weiser einen großen Erfolg haben, welcher entdecken
1695 1645 3356 1723 Inzwischen hat Henri Rivière hinter der Bühne seine brettl“, um die gute G#
505 1660 1700 1727 wird, daß das Theater vielleicht auch dazu verwendet
1687 1707 3337 1773 Lanzen und seine farbigen Gläser gerichtet. Und nun als vornehmer Herr,
500 1702 1695 1761 werden könnte, das Publicum zu amüsiren. In Paris
1686 1751 2881 1826 zeigt das Théätre d’ombres die poctisch verklärte Welt, die
2860 1731 3340 1818 Biedermeier=Frack, mit
512 1759 1697 1824 gingen die Leute ins „Chat Noir“, um sich von der
1699 1797 2870 1860 er geschaffen, der Meister der Schatten und der Träume,
2869 1800 3349 1867 weltmännischer Sicher
513 1794 1694 1860 Literatur in den Theatern zu erholen. Da war Frische,
1698 1841 2868 1912 diese Bilder, die nie gemalt worden sind, die das Land
2864 1844 3330 1907 Theaters. Auch das
516 1834 1693 1919 Ursprünglichkeit, Poesie. Das natürliche Kunstempfinden
1701 1884 2872 1961 jeden Abend von neuem auf die Leinwand zaubert und
2862 1878 3353 1965 wol Humor haben mit
509 1897 1690 1960 und Kunstbedürfniß läßt sich nun einmal nicht todt¬
2869 1927 3343 2007 ernannte sich zwar in
1705 1932 2876 1999 die für immer verloschen sind mit den Lampen des
503 1938 1708 2014 machen, wenn man dem Publicum auch noch so sehr
1698 1985 2868 2047 „Chat Noir“. La marche à l’étoile. Am Himmel flimmert
2860 1976 3343 2046 zum Herzog von M
512 1980 1693 2056 einredet, es müsse literarisch sein. Artem expellas furca,
1688 2024 2876 2101 der Stern von Bethlehem, und auch in die Wüste ziehen
2869 2030 3339 2110 nehmheit war es doch
508 2027 1700 2095 und zurückkehren wird sie doch. In Paris kam sie über
2944 2080 3337 2145 Nach dem französi
1698 2079 2872 2142 in Schaaren alle die Unterdrückten und die von Leid Ge¬
507 2081 1688 2158 Montmartre zurück. In Berlin thut sich das „Ueberbrettl“
2870 2111 3350 2188 zogen jede Programmn
1688 2136 2866 2206 beugten, die Sklaven, die Krüppel, die Frauen, dem
511 2127 1699 2197 auf wenige Wochen nach der Première von „Michael
2873 2164 3340 2245 führt jeden Mitwirkend
1704 2174 2871 2240 Sterne nach, der Erlösung verheißt. Römische Legionen
506 2169 1495 2239 Kramer“. Schon darum möge es gesegnet sein.
2868 2214 3328 2287 der hervorragendsten
1697 2225 2874 2285 sind auf dem Marsch. Der Stern von Bethlehem ist auf¬
607 2205 1694 2286 Das „Chat Noir“ also ist das Stammhaus des Ge
2869 2249 3353 2341 Lieder werden gesunge
1694 2271 2879 2344 gegangen, und Rom ahnt unbekannte Gefahren. Jetzt
521 2254 1695 2331 schlechtes der „Ueberbretil“. Sein Glanz ist erloschen und
2866 2304 3346 2388 ponirt, die auch gesun
1706 2316 2876 2382 hängt Christus am Kreuze, Blitze zucken über Jerusalem.
521 2323 1695 2385 wird sich nie erneuern. Keines der zahlreichen tréteaux,
2871 2370 3337 2434 Gedichte vor. Das Let
510 2371 1695 2449 die nach ihm auf Montmartre entstanden sind, hat ihm
1701 2371 2878 2438 Aber am Schluß knien Alle, die durch die Wüste ge¬
2863 2409 3354 2477 zuwege. An jenem erst
1698 2414 2865 2473 kommen sind, Hirten, Frauen, Sklaven, vor der Krippe,
519 2397 1700 2480 gleichzukommen vermocht. Welche Erinnerungen steigen
2864 2462 3337 2528 von ihm Gedichte des
1695 2460 2869 2523 in der das Kind liegt, das Haupt von einem Schimmer
512 2450 1700 2519 da auf! „Meine sehr edlen und hochgefürsteten Damen,
2863 2500 3270 2574 eine hieß „Die Wa
1701 2512 2879 2589 umgeben Und ein altes französisches Weihnachtslied er¬
518 2509 1699 2575 meine erhabenen und durchlauchtigen Herren!“ redet
2868 2558 3204 2621 eine schöne Wa
1694 2560 2622 2632 klingt: Friede allen Herzen! Nos!! Noel!
524 2545 1695 2614 Rodolphe Salis, der zum cabaretier gewordene Maler,
1771 2587 2882 2668 Das „Ueberbrettl“ ist anders als das „Chat Noir“, und
2868 2598 3236 2668 und erörtern das
521 2606 1706 2660 die Gäste an. Dann überfluthet er sie mit dem nie ver¬
2868 2653 3327 2723 unglückliche Liebe hat
1704 2634 2877 2722 Herr v. Wolzogen ist ein anderer Mann als Rodolphe
517 2641 1701 2722 siegenden Strom seiner unwiderstehlichen Suada. Auf der
2862 2692 3339 2757 Nein, sagt der andere,
1693 2701 2873 2766 Salis, der verstorbene cabaretier von Montmartre (denn
523 2695 1704 2767 kleinen Schattenfläche zieht die Epopée“ des Baron
2867 2741 3351 2813 Teich gefallen. Ein dr
1693 2753 2877 2816 Salis ist todt, so unwahrscheinlich es klingt, daß dieser
519 2743 1693 2809 d'Ache vorüber. Die kaiserliche Garde rückt an und stellt
2877 2791 3351 2851 Leben kennt und weiß
1685 2788 2876 2851 rothbärtige Spaßvogel sich mit einer so ernsten Angelegen¬
509 2799 1693 2855 sich zur Revue auf. Die Front starrt von Gewehren und
2855 2845 3346 2915 lassen muß, so lange e
1690 2841 2864 2897 heit abgegeben hat, wie das Sterben ist). Das „Ueberbrettl“
523 2843 1708 2916 Bärenmützen. Man hat den Eindruck einer Armee auf
2861 2883 3341 2956 ist, als seine Zeit mit
1692 2891 2870 2957 ist auf einen ruhigeren Ton gestimmt, als seine französi¬
521 2907 1699 2957 einem Felde, das nicht viel größer ist als ein Taschen¬
1703 2938 3346 2994 schen Vorbilder, weil man nun einmal in Berlin nicht nichts, sondern beginn
519 2947 1704 2999 tuch. „Présentez armes!“ schallt das Commando. Der
2860 2976 3337 3041 zogen wußte durch se
1694 2991 2871 3051 so ausgelassen sein will oder sein kann als auf dem
513 2984 1701 3066 Kaiser reitet die Front ab, man sieht den kleinen Hut
2865 3034 3343 3091 thun, welch einen Gen
1689 3029 2873 3093 Berge der Märtyrer, auf dessen Höhe die rothe Mühle
519 3046 1704 3107 sich langsam über den Bärenmützen entlang bewegen. Das
2872 3071 3338 3154 schmecker ist, an einer
1691 3083 2869 3144 ihre lästerlich leuchtenden Flügel dreht. Das „Chat Nor“
521 3088 1695 3146 ist Paul Delmet („ßls naturel de M. Carnot,“stellt ihn
2960 3124 3346 3192 Mit einem Gedich
1698 3128 2869 3188 war ferner aus der Boheme hervorgegangen, und es ver¬
525 3115 1699 3205 Salis vor), der seine süßen Lieder singt. Eines darunter
2870 3154 3347 3237 Mädeln“, Musik von
1706 3177 2873 3235 fügte über deren Geist, aber auch deren Verlumptheit
516 3172 1693 3249 handelt vom alten Bettler, der einst ein reicher Mann war.
2866 3219 3333 3290 stellung eröffnet. Der
1693 3220 2870 3279 haftete ihm an. Im „Ueberbrettl“ ist nichts von Bohème
524 3227 1698 3294 Aber die braune Margot kam und das Gelb schmolz in
1705 3249 3348 3339 zu spüren. Es ist ein zwar heiteres, jedoch solides Kunst= mit einer allzu schwere
506 3260 1701 3326 ihren Fingern, und das Haus wurde an den Notar ver¬
512 3325 3347 3396 kauft. Der Geliebte aber wurde ein alter Bettler. Was institut. Herr v. Wolzogen besitzt nicht die üppige und beladen. Herr Koppel,
