<?xml version="1.0" encoding="UTF-8" standalone="yes"?>
<PcGts xmlns="http://schema.primaresearch.org/PAGE/gts/pagecontent/2013-07-15" xmlns:xsi="http://www.w3.org/2001/XMLSchema-instance" xsi:schemaLocation="http://schema.primaresearch.org/PAGE/gts/pagecontent/2013-07-15 http://schema.primaresearch.org/PAGE/gts/pagecontent/2013-07-15/pagecontent.xsd">
    <Metadata>
        <Creator>prov=University of Rostock/Institute of Mathematics/CITlab/Gundram Leifert/gundram.leifert@uni-rostock.de:name=ONB_Newseye_GT_M1+(htr_id=10810)::::v=2.4.2
prov=University of Rostock/Institute of Mathematics/CITlab/Tobias Gruening/tobias.gruening@uni-rostock.de:name=de.uros.citlab.module.baseline2polygon.B2PSeamMultiOriented:v=2.4.2
prov=University of Rostock/Institute of Mathematics/CITlab/Tobias Gruening/tobias.gruening@uni-rostock.de:name=/mnt/transkribus/LA/DEA/URO/LA_news_onb_att.pb:de.uros.citlab.segmentation.CITlab_LA_ML:v=2.4.2
Transkribus</Creator>
        <Created>2019-10-07T11:54:41.157+02:00</Created>
        <LastChange>2019-10-08T15:02:58.842+02:00</LastChange>
        <TranskribusMetadata docId="223998" pageId="9504490" pageNr="1" tsid="16594514" status="IN_PROGRESS" userId="40391" imgUrl="https://files.transkribus.eu/Get?id=LXTMWQBKRLKJLZRPKGRVLOVK&amp;fileType=view" xmlUrl="https://files.transkribus.eu/Get?id=UXCXKBWEXXNMPKTGBOIOTHST" imageId="6194704"/>
    </Metadata>
    <Page imageFilename="223998_0001.jpeg" imageWidth="3436" imageHeight="4192">
        <ReadingOrder>
            <OrderedGroup id="ro_1711444638001" caption="Regions reading order">
                <RegionRefIndexed index="0" regionRef="r1"/>
                <RegionRefIndexed index="1" regionRef="r2"/>
                <RegionRefIndexed index="2" regionRef="r3"/>
            </OrderedGroup>
        </ReadingOrder>
        <TextRegion orientation="0.0" id="r1" custom="readingOrder {index:0;}">
            <Coords points="185,135 185,4087 1673,4087 1673,135"/>
            <TextLine id="r1l1" custom="readingOrder {index:0;}">
                <Coords points="176,184 281,190 308,175 370,192 418,172 531,192 568,164 616,184 694,184 693,130 603,104 539,120 387,105 292,134 174,114"/>
                <Baseline points="185,167 210,168 235,168 260,169 285,169 310,169 335,169 360,169 385,168 410,168 435,167 460,166 485,165 510,164 535,163 560,162 585,160 610,159 635,157 660,157 685,155"/>
                <TextEquiv>
                    <Unicode>Ausschnitt aus:</Unicode>
                </TextEquiv>
            </TextLine>
            <TextLine id="r1l2" custom="readingOrder {index:1;}">
                <Coords points="191,296 270,343 352,310 419,348 521,346 580,369 640,350 646,277 562,277 505,250 423,241 364,275 332,277 305,253 250,275 193,275"/>
                <Baseline points="198,311 223,310 249,309 274,310 300,312 325,315 351,318 376,322 402,325 427,328 453,332 478,335 504,338 529,340 555,340 580,340 606,338 632,336"/>
                <TextEquiv>
                    <Unicode>vo 7½/270</Unicode>
                </TextEquiv>
            </TextLine>
            <TextLine id="r1l3" custom="readingOrder {index:2;}">
                <Coords points="669,496 782,477 875,500 964,476 1266,489 1283,483 1283,407 1126,427 1063,404 936,427 877,409 812,430 723,407 669,433"/>
                <Baseline points="678,466 707,468 737,468 767,469 797,470 827,471 856,471 886,471 916,471 946,471 976,471 1005,471 1035,471 1065,471 1095,471 1125,470 1154,470 1184,470 1214,470 1244,470 1274,470"/>
                <TextEquiv>
                    <Unicode>Das Ueberbrettl.</Unicode>
                </TextEquiv>
            </TextLine>
            <TextLine id="r1l4" custom="readingOrder {index:3;}">
                <Coords points="405,531 1611,525 1610,476 1487,465 1387,507 405,482"/>
                <Baseline points="414,528 473,528 532,529 592,530 651,530 710,531 770,531 829,531 888,531 948,531 1007,531 1066,531 1126,531 1185,531 1244,530 1304,529 1363,528 1422,527 1482,526 1541,525 1601,522"/>
                <TextEquiv>
                    <Unicode>F. M. — Gestern Abend wurde Ernst v. Wolzogens „Buntes</Unicode>
                </TextEquiv>
            </TextLine>
            <TextLine id="r1l5" custom="readingOrder {index:4;}">
                <Coords points="359,577 1598,572 1474,527 359,530"/>
                <Baseline points="368,570 429,572 490,573 551,575 612,575 673,576 734,577 795,577 856,577 917,577 979,576 1040,576 1101,575 1162,574 1223,573 1284,572 1345,570 1406,569 1467,568 1528,566 1590,565"/>
                <TextEquiv>
                    <Unicode>Theater (Ueberbretil)“ in den Räumen der Sezessions¬</Unicode>
                </TextEquiv>
            </TextLine>
            <TextLine id="r1l6" custom="readingOrder {index:5;}">
                <Coords points="352,615 1619,608 1528,574 351,568"/>
                <Baseline points="360,615 422,617 485,618 547,619 610,619 672,620 735,620 797,620 860,620 922,619 985,619 1047,618 1110,617 1172,616 1235,615 1297,614 1360,613 1422,612 1485,611 1547,610 1610,610"/>
                <TextEquiv>
                    <Unicode>bühne“ eröffnet. In der einleitenden Rede bat der Tirektor</Unicode>
                </TextEquiv>
            </TextLine>
            <TextLine id="r1l7" custom="readingOrder {index:6;}">
                <Coords points="356,658 658,688 951,648 1619,656 1619,614 356,611"/>
                <Baseline points="364,658 426,659 488,659 551,659 613,659 675,659 738,659 800,659 862,659 925,659 987,659 1049,658 1112,658 1174,657 1236,657 1299,656 1361,655 1423,654 1486,653 1548,653 1611,652"/>
                <TextEquiv>
                    <Unicode>nach einigen Scherzen, man möge die Erwartung nicht zu</Unicode>
                </TextEquiv>
            </TextLine>
            <TextLine id="r1l8" custom="readingOrder {index:7;}">
                <Coords points="353,686 1503,708 1614,665 352,658"/>
                <Baseline points="362,700 424,701 486,701 548,701 610,701 673,701 735,701 797,701 859,701 921,701 984,701 1046,700 1108,700 1170,699 1232,699 1295,698 1357,697 1419,696 1481,696 1543,695 1606,694"/>
                <TextEquiv>
                    <Unicode>hoch spannen. Die Inlimen des Ueberbrettls waren wohl</Unicode>
                </TextEquiv>
            </TextLine>
            <TextLine id="r1l9" custom="readingOrder {index:8;}">
                <Coords points="357,751 1602,738 1601,691 357,702"/>
                <Baseline points="366,742 427,742 488,741 549,741 611,741 672,741 733,741 795,741 856,741 917,741 979,740 1040,740 1101,740 1162,740 1224,739 1285,739 1346,739 1408,738 1469,737 1530,736 1592,736"/>
                <TextEquiv>
                    <Unicode>durch die geringe Wirkung heim Goethe=Fest ängstlich geworden.</Unicode>
                </TextEquiv>
            </TextLine>
            <TextLine id="r1l10" custom="readingOrder {index:9;}">
                <Coords points="364,796 1556,787 1613,748 364,753"/>
                <Baseline points="372,784 433,784 495,784 556,784 618,784 680,784 741,784 803,784 864,783 926,783 988,783 1049,782 1111,782 1172,782 1234,781 1296,781 1357,781 1419,781 1480,781 1542,781 1604,781"/>
                <TextEquiv>
                    <Unicode>Was wir nun gestern behaglich miterlebt haben, das wird</Unicode>
                </TextEquiv>
            </TextLine>
            <TextLine id="r1l11" custom="readingOrder {index:10;}">
                <Coords points="363,827 1584,833 1607,788 363,795"/>
                <Baseline points="372,828 433,828 494,827 555,826 617,826 678,825 739,825 801,824 862,824 923,824 985,823 1046,823 1107,823 1168,823 1230,822 1291,822 1352,822 1414,821 1475,821 1536,820 1598,820"/>
                <TextEquiv>
                    <Unicode>weder die kostbare Moral der deutschen Reichshauptstadt</Unicode>
                </TextEquiv>
            </TextLine>
            <TextLine id="r1l12" custom="readingOrder {index:11;}">
                <Coords points="362,889 1538,872 1616,829 361,831"/>
                <Baseline points="370,872 431,870 493,869 555,867 617,866 679,865 741,865 802,864 864,864 926,863 988,863 1050,863 1112,862 1174,862 1235,862 1297,862 1359,861 1421,861 1483,860 1545,859 1607,859"/>
                <TextEquiv>
                    <Unicode>vernichten, noch wird es der Kunst neue Bahnen weisen; aber es war</Unicode>
                </TextEquiv>
            </TextLine>
            <TextLine id="r1l13" custom="readingOrder {index:12;}">
                <Coords points="351,910 1323,933 1569,909 1605,872 350,874"/>
                <Baseline points="360,916 421,914 483,913 545,912 607,911 669,910 730,909 792,908 854,907 916,907 978,906 1039,906 1101,905 1163,905 1225,904 1287,904 1348,903 1410,902 1472,902 1534,901 1596,900"/>
                <TextEquiv>
                    <Unicode>#ein ganz amüsande Abend. Es war beinahe ein Familien=Tingel¬</Unicode>
                </TextEquiv>
            </TextLine>
            <TextLine id="r1l14" custom="readingOrder {index:13;}">
                <Coords points="356,964 1607,953 1587,895 355,911"/>
                <Baseline points="364,956 425,955 487,953 549,952 610,951 672,950 734,949 795,949 857,948 919,948 981,948 1042,948 1104,947 1166,947 1227,947 1289,946 1351,946 1412,945 1474,944 1536,943 1598,942"/>
                <TextEquiv>
                    <Unicode>#tangel. Mehr buntes Theater als Ueberbrettl. Die groteske</Unicode>
                </TextEquiv>
            </TextLine>
            <TextLine id="r1l15" custom="readingOrder {index:14;}">
                <Coords points="369,1005 1462,1007 1606,988 1606,953 369,956"/>
                <Baseline points="377,997 438,996 499,994 560,993 621,992 682,992 743,991 804,991 865,991 926,991 987,991 1048,991 1109,991 1170,990 1231,990 1292,990 1353,989 1414,989 1475,988 1536,987 1597,985"/>
                <TextEquiv>
                    <Unicode>Hyperbel fehlte, die starke Nots, die eben durch den</Unicode>
                </TextEquiv>
            </TextLine>
            <TextLine id="r1l16" custom="readingOrder {index:15;}">
                <Coords points="361,1046 1603,1018 1603,988 1519,983 361,987"/>
                <Baseline points="369,1033 430,1034 491,1034 552,1034 614,1034 675,1034 736,1035 798,1035 859,1035 920,1035 982,1034 1043,1034 1104,1034 1165,1033 1227,1032 1288,1031 1349,1030 1411,1029 1472,1028 1533,1026 1595,1024"/>
                <TextEquiv>
                    <Unicode>übermüthigen Zusatz „Ueber“ ausgebrückt war. Man war</Unicode>
                </TextEquiv>
            </TextLine>
            <TextLine id="r1l17" custom="readingOrder {index:16;}">
                <Coords points="369,1073 1596,1077 1564,1028 369,1043"/>
                <Baseline points="378,1076 438,1076 498,1075 559,1075 619,1075 680,1075 740,1075 801,1075 861,1076 922,1076 982,1076 1042,1076 1103,1076 1163,1075 1224,1075 1284,1074 1345,1073 1405,1071 1466,1070 1526,1067 1587,1064"/>
                <TextEquiv>
                    <Unicode>auf das Knallen von Champagnerkorken vorbereitet und beram so</Unicode>
                </TextEquiv>
            </TextLine>
            <TextLine id="r1l18" custom="readingOrder {index:17;}">
                <Coords points="247,1125 1613,1127 1613,1085 246,1076"/>
                <Baseline points="255,1110 322,1113 389,1114 457,1116 524,1117 592,1118 659,1119 727,1119 794,1119 862,1119 929,1118 996,1118 1064,1117 1131,1116 1199,1115 1266,1114 1334,1113 1401,1112 1469,1111 1536,1110 1604,1109"/>
                <TextEquiv>
                    <Unicode>Für betwas wie einen süffigen, spritzigen Mosel, dazu etwas französischen</Unicode>
                </TextEquiv>
            </TextLine>
            <TextLine id="r1l19" custom="readingOrder {index:18;}">
                <Coords points="321,1160 1514,1177 1614,1165 1614,1127 320,1111"/>
                <Baseline points="329,1155 392,1157 456,1158 520,1159 584,1160 648,1160 711,1161 775,1160 839,1160 903,1160 967,1159 1030,1159 1094,1158 1158,1157 1222,1157 1286,1156 1349,1156 1413,1156 1477,1156 1541,1156 1605,1157"/>
                <TextEquiv>
                    <Unicode>10Cognac und zur Verdauung künstliches Selterwasser. Eine ganz be¬</Unicode>
                </TextEquiv>
            </TextLine>
            <TextLine id="r1l20" custom="readingOrder {index:19;}">
                <Coords points="330,1194 372,1193 409,1215 557,1200 659,1215 700,1200 732,1213 773,1211 774,1176 591,1159 437,1174 331,1156"/>
                <Baseline points="338,1187 363,1191 388,1193 413,1196 438,1198 463,1200 488,1201 513,1202 538,1204 563,1204 588,1204 613,1204 638,1204 663,1203 688,1203 713,1202 738,1201 764,1200"/>
                <TextEquiv>
                    <Unicode>20kömmliche Mischung.</Unicode>
                </TextEquiv>
            </TextLine>
            <TextLine id="r1l21" custom="readingOrder {index:20;}">
                <Coords points="330,1225 342,1227 350,1234 367,1236 382,1233 386,1239 394,1242 418,1226 430,1226 432,1214 417,1210 406,1214 397,1204 386,1202 380,1196 350,1197 344,1190 335,1189"/>
                <Baseline points="339,1229 365,1227 392,1231 419,1241"/>
                <TextEquiv>
                    <Unicode>50</Unicode>
                </TextEquiv>
            </TextLine>
            <TextLine id="r1l22" custom="readingOrder {index:21;}">
                <Coords points="427,1248 1596,1245 1630,1202 1253,1172 426,1217"/>
                <Baseline points="436,1242 495,1243 554,1244 613,1244 673,1244 732,1244 791,1244 850,1243 910,1243 969,1242 1028,1241 1087,1241 1147,1240 1206,1239 1265,1238 1324,1237 1384,1235 1443,1234 1502,1232 1561,1231 1621,1230"/>
                <TextEquiv>
                    <Unicode>Als Nachahmung von Pariser Winkeltheatern ist das Berliner</Unicode>
                </TextEquiv>
            </TextLine>
            <TextLine id="r1l23" custom="readingOrder {index:22;}">
                <Coords points="259,1304 1654,1303 1668,1253 259,1239"/>
                <Baseline points="268,1269 337,1274 407,1278 476,1281 546,1284 615,1285 685,1286 754,1287 824,1287 893,1287 963,1286 1032,1285 1102,1284 1171,1284 1241,1283 1310,1282 1380,1281 1449,1281 1519,1281 1588,1281 1658,1282"/>
                <TextEquiv>
                    <Unicode>„ 100 Ueberbrettl bekanntlich entstanden. In #e#ursprünglichsten dieser as</Unicode>
                </TextEquiv>
            </TextLine>
            <TextLine id="r1l24" custom="readingOrder {index:23;}">
                <Coords points="337,1323 1667,1337 1666,1300 1532,1280 337,1288"/>
                <Baseline points="346,1324 411,1326 477,1327 542,1328 608,1329 673,1329 739,1329 804,1329 870,1328 935,1328 1001,1327 1067,1327 1132,1326 1198,1325 1263,1324 1329,1323 1394,1323 1460,1322 1525,1322 1591,1322 1657,1322"/>
                <TextEquiv>
                    <Unicode>I Bohemebühnen ist eine innige Fühlung „wischen Publikum und Vor¬ en</Unicode>
                </TextEquiv>
            </TextLine>
            <TextLine id="r1l25" custom="readingOrder {index:24;}">
                <Coords points="221,1367 1321,1384 1579,1370 1624,1328 221,1341"/>
                <Baseline points="230,1366 299,1366 368,1367 437,1368 507,1368 576,1369 645,1369 714,1369 784,1369 853,1369 922,1369 991,1368 1061,1368 1130,1367 1199,1366 1268,1365 1338,1363 1407,1362 1476,1360 1545,1358 1615,1356"/>
                <TextEquiv>
                    <Unicode>Abonnentragenden der Hauptreiz. Für diese Fühlling sorgte gestern allein Ernst</Unicode>
                </TextEquiv>
            </TextLine>
            <TextLine id="r1l26" custom="readingOrder {index:25;}">
                <Coords points="214,1406 1499,1417 1626,1398 1626,1363 214,1373"/>
                <Baseline points="223,1403 292,1404 362,1405 432,1406 502,1407 571,1408 641,1408 711,1409 781,1409 850,1409 920,1409 990,1409 1060,1408 1129,1408 1199,1407 1269,1407 1339,1406 1408,1405 1478,1404 1548,1403 1618,1402"/>
                <TextEquiv>
                    <Unicode>Abonnenv. Wolzogen, der im eleganten Biedermelerfrack wie ein idealisirter!</Unicode>
                </TextEquiv>
            </TextLine>
            <TextLine id="r1l27" custom="readingOrder {index:26;}">
                <Coords points="546,1455 1671,1457 1617,1399 546,1422"/>
                <Baseline points="555,1451 610,1450 665,1450 721,1449 776,1449 832,1448 887,1448 942,1447 998,1447 1053,1447 1109,1446 1164,1446 1219,1446 1275,1446 1330,1446 1386,1446 1441,1446 1496,1447 1552,1447 1607,1447 1663,1448"/>
                <TextEquiv>
                    <Unicode>itzer die Honneurs seiner Bide muchte. Er stand fast immer j#</Unicode>
                </TextEquiv>
            </TextLine>
            <TextLine id="r1l28" custom="readingOrder {index:27;}">
                <Coords points="359,1449 378,1451 389,1464 411,1459 416,1465 456,1452 498,1459 499,1422 487,1418 476,1423 447,1412 435,1418 423,1411 398,1414 393,1408 381,1415 360,1411"/>
                <Baseline points="368,1447 398,1449 429,1450 459,1451 490,1451"/>
                <TextEquiv>
                    <Unicode>Buden</Unicode>
                </TextEquiv>
            </TextLine>
            <TextLine id="r1l29" custom="readingOrder {index:28;}">
                <Coords points="340,1498 1668,1493 1668,1458 1535,1446 340,1449"/>
                <Baseline points="349,1489 414,1490 480,1491 545,1491 611,1491 676,1492 742,1491 807,1491 873,1491 938,1490 1004,1490 1069,1489 1135,1489 1200,1488 1266,1488 1331,1488 1397,1487 1462,1487 1528,1487 1593,1488 1659,1488"/>
                <TextEquiv>
                    <Unicode>Hauf der Bühne, begrüßte die Zuschauer, stellte die Darsteller vor, u¬</Unicode>
                </TextEquiv>
            </TextLine>
            <TextLine id="r1l30" custom="readingOrder {index:29;}">
                <Coords points="334,1537 1681,1530 1681,1492 1555,1486 334,1491"/>
                <Baseline points="342,1532 408,1532 475,1533 541,1533 608,1533 674,1533 741,1533 807,1533 874,1532 940,1532 1007,1531 1074,1531 1140,1530 1207,1529 1273,1528 1340,1528 1406,1527 1473,1526 1539,1525 1606,1524 1673,1523"/>
                <TextEquiv>
                    <Unicode>lt#machte gute und andere Witze, trug einige Gedichte vor (mit “)</Unicode>
                </TextEquiv>
            </TextLine>
            <TextLine id="r1l31" custom="readingOrder {index:30;}">
                <Coords points="357,1575 1613,1580 1676,1573 1676,1536 356,1535"/>
                <Baseline points="365,1572 430,1574 495,1575 560,1575 625,1575 690,1575 755,1575 821,1574 886,1573 951,1573 1016,1572 1081,1571 1146,1570 1211,1569 1277,1569 1342,1568 1407,1568 1472,1568 1537,1569 1602,1570 1668,1571"/>
                <TextEquiv>
                    <Unicode>tVirtuosität die grausige Geschichte vom Karpfen und der Wasserleiche in</Unicode>
                </TextEquiv>
            </TextLine>
            <TextLine id="r1l32" custom="readingOrder {index:31;}">
                <Coords points="597,1616 1472,1596 1633,1637 1680,1628 1680,1574 596,1581"/>
                <Baseline points="605,1615 658,1615 711,1616 764,1616 818,1615 871,1615 924,1615 978,1614 1031,1613 1084,1613 1138,1612 1191,1611 1244,1611 1297,1610 1351,1610 1404,1610 1457,1610 1511,1610 1564,1611 1617,1611 1671,1612"/>
                <TextEquiv>
                    <Unicode>Evers Gedichten), und er hätte auch eine eigene </Unicode>
                </TextEquiv>
            </TextLine>
            <TextLine id="r1l33" custom="readingOrder {index:32;}">
                <Coords points="621,1664 1621,1667 1621,1622 621,1628"/>
                <Baseline points="629,1657 678,1657 727,1656 776,1656 825,1656 875,1656 924,1656 973,1655 1022,1655 1071,1655 1121,1654 1170,1654 1219,1654 1268,1653 1317,1653 1367,1653 1416,1652 1465,1652 1514,1652 1563,1651 1613,1651"/>
                <TextEquiv>
                    <Unicode>gesungen, wäre er nicht durch Heiferkeit verhindert.</Unicode>
                </TextEquiv>
            </TextLine>
            <TextLine id="r1l34" custom="readingOrder {index:33;}">
                <Coords points="645,1701 1627,1692 1601,1658 1409,1645 645,1666"/>
                <Baseline points="653,1697 701,1698 749,1698 797,1698 846,1698 894,1698 942,1698 991,1697 1039,1697 1087,1696 1136,1695 1184,1694 1232,1694 1280,1693 1329,1693 1377,1692 1425,1692 1474,1692 1522,1691 1570,1692 1619,1692"/>
                <TextEquiv>
                    <Unicode>nachte Mittheilung von den Polizeiverbeten, welche das</Unicode>
                </TextEquiv>
            </TextLine>
            <TextLine id="r1l35" custom="readingOrder {index:34;}">
                <Coords points="733,1753 1567,1744 1624,1724 1624,1691 732,1700"/>
                <Baseline points="742,1740 785,1740 829,1740 873,1740 916,1739 960,1739 1004,1738 1047,1738 1091,1738 1135,1737 1179,1736 1222,1736 1266,1735 1310,1735 1353,1734 1397,1734 1441,1734 1484,1734 1528,1734 1572,1734 1616,1735"/>
                <TextEquiv>
                    <Unicode>hatten. Er meldete, daß Alfred Kerr auf die Vor¬</Unicode>
                </TextEquiv>
            </TextLine>
            <TextLine id="r1l36" custom="readingOrder {index:35;}">
                <Coords points="834,1791 1572,1784 1613,1777 1613,1739 833,1742"/>
                <Baseline points="842,1781 880,1780 918,1778 956,1777 994,1777 1032,1776 1070,1775 1109,1775 1147,1775 1185,1774 1223,1774 1261,1774 1299,1774 1337,1773 1376,1773 1414,1773 1452,1773 1490,1773 1528,1773 1566,1772 1605,1772"/>
                <TextEquiv>
                    <Unicode>verzichtet hatte, weit hm dis Haistergestricher,</Unicode>
                </TextEquiv>
            </TextLine>
            <TextLine id="r1l37" custom="readingOrder {index:36;}">
                <Coords points="792,1828 1383,1812 1588,1832 1615,1793 1547,1774 791,1783"/>
                <Baseline points="801,1817 841,1818 881,1819 921,1820 962,1821 1002,1821 1042,1821 1083,1820 1123,1820 1163,1820 1204,1819 1244,1818 1284,1817 1324,1817 1365,1816 1405,1815 1445,1815 1486,1814 1526,1814 1566,1813 1607,1813"/>
                <TextEquiv>
                    <Unicode>chte dazu die ungehörig boshafte Bemerkung,</Unicode>
                </TextEquiv>
            </TextLine>
            <TextLine id="r1l38" custom="readingOrder {index:37;}">
                <Coords points="789,1863 1427,1850 1592,1873 1614,1870 1614,1817 789,1830"/>
                <Baseline points="797,1859 837,1860 877,1860 918,1860 958,1860 999,1860 1039,1860 1080,1860 1120,1860 1161,1859 1201,1859 1241,1858 1282,1858 1322,1858 1363,1857 1403,1856 1444,1855 1484,1855 1525,1854 1565,1853 1606,1852"/>
                <TextEquiv>
                    <Unicode>nichts übrig, wenn man die Hälfte fortlasse.</Unicode>
                </TextEquiv>
            </TextLine>
            <TextLine id="r1l39" custom="readingOrder {index:38;}">
                <Coords points="771,1908 1564,1907 1619,1882 1619,1855 910,1857 870,1884 771,1864"/>
                <Baseline points="780,1902 821,1902 863,1902 904,1902 946,1902 987,1901 1029,1901 1070,1900 1112,1900 1153,1899 1195,1898 1236,1897 1278,1897 1319,1896 1361,1895 1402,1895 1444,1894 1485,1894 1527,1894 1568,1894 1610,1894"/>
                <TextEquiv>
                    <Unicode>eine gar freundliche Parodie einer Kritik von</Unicode>
                </TextEquiv>
            </TextLine>
            <TextLine id="r1l40" custom="readingOrder {index:39;}">
                <Coords points="596,1953 1613,1950 1613,1901 596,1909"/>
                <Baseline points="605,1939 655,1940 705,1941 755,1941 805,1942 855,1942 905,1942 955,1942 1005,1942 1055,1942 1105,1942 1155,1941 1205,1941 1255,1940 1305,1939 1355,1939 1405,1938 1455,1937 1505,1936 1555,1935 1605,1934"/>
                <TextEquiv>
                    <Unicode>vor und flunkerte uns vor, diese Kritik sei eben erst</Unicode>
                </TextEquiv>
            </TextLine>
            <TextLine id="r1l41" custom="readingOrder {index:40;}">
                <Coords points="581,1987 1623,1994 1623,1952 1560,1939 581,1952"/>
                <Baseline points="591,1984 642,1984 693,1984 744,1984 795,1984 846,1984 897,1983 949,1983 1000,1983 1051,1983 1102,1982 1153,1982 1204,1982 1255,1982 1307,1981 1358,1981 1409,1981 1460,1981 1511,1980 1562,1980 1614,1980"/>
                <TextEquiv>
                    <Unicode>er Pause entstanden. So brachte Wolzogen unermüdlich</Unicode>
                </TextEquiv>
            </TextLine>
            <TextLine id="r1l42" custom="readingOrder {index:41;}">
                <Coords points="574,2039 600,2029 630,2039 665,2029 701,2031 708,2038 734,2038 762,2026 778,2029 778,1998 745,1987 724,1996 714,1989 695,1996 674,1985 646,1999 604,1994 588,1985 574,1988"/>
                <Baseline points="582,2023 608,2023 635,2022 662,2022 689,2022 716,2022 743,2023 770,2025"/>
                <TextEquiv>
                    <Unicode>eine Bude.</Unicode>
                </TextEquiv>
            </TextLine>
            <TextLine id="r1l43" custom="readingOrder {index:42;}">
                <Coords points="562,2075 1494,2078 1583,2065 1616,2024 1366,2032 1199,1998 1145,2030 562,2039"/>
                <Baseline points="571,2067 622,2067 674,2068 726,2068 778,2068 830,2069 881,2069 933,2069 985,2069 1037,2069 1089,2069 1140,2069 1192,2068 1244,2068 1296,2067 1348,2066 1399,2064 1451,2062 1503,2060 1555,2058 1607,2055"/>
                <TextEquiv>
                    <Unicode>e der kürzeren Nummern jedoch, die auf dem Programm</Unicode>
                </TextEquiv>
            </TextLine>
            <TextLine id="r1l44" custom="readingOrder {index:43;}">
                <Coords points="368,2108 1621,2110 1582,2063 368,2057"/>
                <Baseline points="377,2109 438,2108 500,2108 562,2108 624,2108 685,2109 747,2109 809,2110 871,2111 932,2111 994,2112 1056,2112 1118,2112 1179,2112 1241,2112 1303,2111 1365,2110 1426,2109 1488,2107 1550,2104 1612,2102"/>
                <TextEquiv>
                    <Unicode>standen, unterschieden sich von vielen Nummern der gewöhnlichen</Unicode>
                </TextEquiv>
            </TextLine>
            <TextLine id="r1l45" custom="readingOrder {index:44;}">
                <Coords points="368,2159 1620,2170 1620,2114 367,2107"/>
                <Baseline points="377,2154 438,2153 500,2153 562,2152 623,2153 685,2153 747,2153 808,2154 870,2155 932,2155 994,2156 1055,2156 1117,2156 1179,2156 1240,2155 1302,2154 1364,2153 1425,2151 1487,2149 1549,2145 1611,2141"/>
                <TextEquiv>
                    <Unicode>Tingeltangel oder Piistergärten eigentlich nur dadurch, daß</Unicode>
                </TextEquiv>
            </TextLine>
            <TextLine id="r1l46" custom="readingOrder {index:45;}">
                <Coords points="362,2186 1072,2218 1587,2192 1611,2151 362,2165"/>
                <Baseline points="371,2192 432,2191 494,2191 555,2192 617,2193 679,2193 740,2194 802,2195 863,2196 925,2197 987,2198 1048,2198 1110,2198 1171,2198 1233,2197 1295,2196 1356,2195 1418,2192 1479,2189 1541,2185 1603,2181"/>
                <TextEquiv>
                    <Unicode>besonders auf Verfasser und Komponisten hingewiesen wurde.</Unicode>
                </TextEquiv>
            </TextLine>
            <TextLine id="r1l47" custom="readingOrder {index:46;}">
                <Coords points="371,2233 1478,2245 1588,2234 1628,2183 1066,2218 371,2194"/>
                <Baseline points="380,2234 445,2233 510,2233 575,2233 640,2233 706,2234 771,2234 836,2235 901,2235 966,2236 1032,2236 1097,2236 1162,2236 1227,2236 1292,2235 1358,2234 1423,2232 1488,2230 1553,2227 1619,2223"/>
                <TextEquiv>
                    <Unicode>Sonst, auf dem Unterbrettl, fragt man nicht nach Nam' und</Unicode>
                </TextEquiv>
            </TextLine>
            <TextLine id="r1l48" custom="readingOrder {index:47;}">
                <Coords points="371,2283 1610,2281 1622,2230 800,2260 371,2232"/>
                <Baseline points="380,2272 441,2274 503,2275 564,2275 626,2276 688,2277 749,2277 811,2278 873,2278 934,2278 996,2278 1058,2277 1119,2277 1181,2276 1243,2275 1304,2274 1366,2273 1428,2272 1489,2270 1551,2269 1613,2267"/>
                <TextEquiv>
                    <Unicode>Art. Und seltsam, auch gestern war ein anonymes Stück,</Unicode>
                </TextEquiv>
            </TextLine>
            <TextLine id="r1l49" custom="readingOrder {index:48;}">
                <Coords points="371,2324 1626,2315 1625,2275 1571,2272 371,2293"/>
                <Baseline points="380,2318 441,2318 503,2317 565,2317 627,2317 689,2317 751,2317 812,2317 874,2317 936,2317 998,2317 1060,2317 1122,2317 1184,2317 1245,2316 1307,2315 1369,2314 1431,2313 1493,2312 1555,2309 1617,2307"/>
                <TextEquiv>
                    <Unicode>eine Satire auf den Dichter und Major Lauff, der Hauptreffer; schon</Unicode>
                </TextEquiv>
            </TextLine>
            <TextLine id="r1l50" custom="readingOrder {index:49;}">
                <Coords points="369,2368 1550,2363 1613,2356 1613,2321 369,2326"/>
                <Baseline points="377,2361 438,2360 499,2359 561,2359 622,2358 684,2358 745,2358 806,2358 868,2358 929,2358 991,2358 1052,2357 1113,2357 1175,2357 1236,2357 1298,2356 1359,2356 1420,2355 1482,2354 1543,2352 1605,2351"/>
                <TextEquiv>
                    <Unicode>als Herr Koppel den Titel Zur Dichtkunst abkommandirt“ nannte,</Unicode>
                </TextEquiv>
            </TextLine>
            <TextLine id="r1l51" custom="readingOrder {index:50;}">
                <Coords points="365,2419 1607,2413 1626,2366 365,2384"/>
                <Baseline points="373,2406 435,2404 497,2403 559,2402 621,2401 684,2400 746,2399 808,2399 870,2399 932,2399 995,2399 1057,2399 1119,2398 1181,2398 1243,2398 1306,2397 1368,2396 1430,2395 1492,2394 1554,2392 1617,2390"/>
                <TextEquiv>
                    <Unicode>kam einige Ueberbrettl=Stimmung ins Haus, und beitdem Refrain#</Unicode>
                </TextEquiv>
            </TextLine>
            <TextLine id="r1l52" custom="readingOrder {index:51;}">
                <Coords points="366,2449 1607,2454 1619,2412 366,2418"/>
                <Baseline points="375,2449 436,2446 498,2444 560,2443 622,2442 684,2441 745,2440 807,2440 869,2440 931,2440 993,2440 1054,2440 1116,2440 1178,2440 1240,2440 1302,2440 1363,2439 1425,2438 1487,2437 1549,2435 1611,2433"/>
                <TextEquiv>
                    <Unicode>„Das knallt im Dichterwald“ wurde viel und laut gelacht. Und doch</Unicode>
                </TextEquiv>
            </TextLine>
            <TextLine id="r1l53" custom="readingOrder {index:52;}">
                <Coords points="380,2496 1619,2497 1619,2457 1547,2440 380,2443"/>
                <Baseline points="388,2490 449,2488 510,2487 571,2486 632,2485 693,2485 754,2485 816,2484 877,2484 938,2484 999,2484 1060,2484 1121,2484 1182,2484 1244,2484 1305,2484 1366,2484 1427,2483 1488,2483 1549,2482 1611,2481"/>
                <TextEquiv>
                    <Unicode>übertraf der künstlerische Werth gerade dieses Scherzes nicht den der</Unicode>
                </TextEquiv>
            </TextLine>
            <TextLine id="r1l54" custom="readingOrder {index:53;}">
                <Coords points="363,2529 441,2547 469,2528 553,2543 617,2524 687,2548 733,2529 872,2538 872,2489 640,2484 570,2499 544,2483 362,2501"/>
                <Baseline points="371,2528 396,2528 422,2528 448,2528 474,2529 500,2529 526,2529 552,2529 578,2529 604,2528 629,2528 655,2528 681,2528 707,2527 733,2527 759,2526 785,2525 811,2525 837,2524 863,2522"/>
                <TextEquiv>
                    <Unicode>landläufigen Possenkuplets.</Unicode>
                </TextEquiv>
            </TextLine>
            <TextLine id="r1l55" custom="readingOrder {index:54;}">
                <Coords points="428,2574 1592,2582 1619,2512 427,2529"/>
                <Baseline points="437,2569 495,2569 554,2569 613,2569 671,2569 730,2569 789,2569 847,2569 906,2569 965,2569 1024,2569 1082,2569 1141,2568 1200,2568 1258,2567 1317,2566 1376,2565 1434,2564 1493,2562 1552,2561 1611,2558"/>
                <TextEquiv>
                    <Unicode>Sonst gefiel am allerbesten „Der lustige Ehemann“, ein Leines</Unicode>
                </TextEquiv>
            </TextLine>
            <TextLine id="r1l56" custom="readingOrder {index:55;}">
                <Coords points="369,2623 1617,2608 1573,2568 369,2556"/>
                <Baseline points="378,2613 439,2612 501,2611 562,2611 624,2611 685,2611 747,2611 808,2611 870,2611 931,2611 993,2611 1054,2611 1116,2611 1177,2611 1239,2610 1300,2610 1362,2609 1423,2608 1485,2606 1546,2604 1608,2602"/>
                <TextEquiv>
                    <Unicode>Tanzduett, von Vierbaum gebichtet, von Oskar Strauß in Musik ge¬</Unicode>
                </TextEquiv>
            </TextLine>
            <TextLine id="r1l57" custom="readingOrder {index:56;}">
                <Coords points="366,2661 1496,2671 1615,2648 1615,2608 365,2622"/>
                <Baseline points="374,2657 435,2656 497,2655 558,2654 620,2654 682,2654 743,2654 805,2654 867,2654 928,2654 990,2654 1052,2654 1113,2654 1175,2654 1237,2653 1298,2652 1360,2652 1422,2650 1483,2649 1545,2646 1607,2644"/>
                <TextEquiv>
                    <Unicode>setzt, von Herrn Koppel und Fräulein Bradsky getanzt und gesungen.</Unicode>
                </TextEquiv>
            </TextLine>
            <TextLine id="r1l58" custom="readingOrder {index:57;}">
                <Coords points="355,2714 1523,2694 1430,2647 355,2662"/>
                <Baseline points="364,2698 421,2697 479,2696 536,2695 594,2695 651,2694 709,2695 766,2695 824,2695 881,2695 939,2696 996,2696 1054,2696 1111,2696 1169,2696 1226,2695 1284,2695 1341,2694 1399,2692 1456,2690 1514,2688"/>
                <TextEquiv>
                    <Unicode>Die niedliche Kleinigkeit mußte oder konnte wiederholt werden.</Unicode>
                </TextEquiv>
            </TextLine>
            <TextLine id="r1l59" custom="readingOrder {index:58;}">
                <Coords points="428,2745 1604,2751 1623,2692 428,2705"/>
                <Baseline points="436,2740 498,2738 560,2736 622,2736 684,2735 746,2735 808,2736 870,2736 932,2736 994,2737 1056,2737 1118,2738 1180,2738 1242,2737 1304,2737 1366,2736 1428,2734 1490,2732 1552,2729 1615,2725"/>
                <TextEquiv>
                    <Unicode>Die literarischen Gaben, denen keine Musik zu Hilfe kam, wurden</Unicode>
                </TextEquiv>
            </TextLine>
            <TextLine id="r1l60" custom="readingOrder {index:59;}">
                <Coords points="367,2781 1622,2781 1621,2737 1539,2731 367,2753"/>
                <Baseline points="376,2782 437,2781 499,2780 561,2780 623,2780 685,2779 747,2779 808,2779 870,2779 932,2778 994,2778 1056,2778 1118,2778 1180,2777 1241,2777 1303,2777 1365,2776 1427,2775 1489,2774 1551,2774 1613,2773"/>
                <TextEquiv>
                    <Unicode>dagegen nicht ganz nach Gebühr gewürdigt. Die dramatische</Unicode>
                </TextEquiv>
            </TextLine>
            <TextLine id="r1l61" custom="readingOrder {index:60;}">
                <Coords points="367,2833 1353,2837 1630,2816 1630,2784 366,2791"/>
                <Baseline points="375,2825 437,2824 499,2823 561,2822 624,2822 686,2821 748,2821 811,2820 873,2820 935,2820 998,2820 1060,2819 1122,2819 1184,2819 1247,2818 1309,2818 1371,2818 1434,2817 1496,2816 1558,2815 1621,2814"/>
                <TextEquiv>
                    <Unicode>Plauderei „Episode“ von Arthur Schnitzler,ein Theil aus seinem</Unicode>
                </TextEquiv>
            </TextLine>
            <TextLine id="r1l62" custom="readingOrder {index:61;}">
                <Coords points="388,2869 1596,2870 1625,2821 388,2831"/>
                <Baseline points="397,2867 458,2866 519,2865 580,2864 641,2863 702,2863 763,2862 824,2862 885,2862 946,2862 1007,2862 1068,2862 1129,2861 1190,2861 1251,2860 1312,2860 1373,2859 1434,2858 1495,2856 1556,2855 1617,2853"/>
                <TextEquiv>
                    <Unicode>wehmüthig ungezogenen „Anatol“, wurde von den Herren</Unicode>
                </TextEquiv>
            </TextLine>
            <TextLine id="r1l63" custom="readingOrder {index:62;}">
                <Coords points="443,2924 1514,2914 1626,2903 1626,2864 443,2882"/>
                <Baseline points="451,2907 509,2905 567,2904 625,2904 684,2903 742,2902 800,2902 859,2902 917,2901 975,2901 1034,2901 1092,2901 1150,2901 1208,2900 1267,2900 1325,2900 1383,2900 1442,2899 1500,2899 1558,2898 1617,2897"/>
                <TextEquiv>
                    <Unicode>ald und Reßner und Frau Wohlbrück recht gut gespielt,</Unicode>
                </TextEquiv>
            </TextLine>
            <TextLine id="r1l64" custom="readingOrder {index:63;}">
                <Coords points="471,2951 1598,2955 1638,2907 470,2911"/>
                <Baseline points="479,2949 536,2948 594,2946 651,2945 709,2944 766,2944 824,2943 881,2943 939,2942 996,2942 1054,2942 1111,2942 1169,2942 1226,2941 1284,2941 1341,2941 1399,2941 1456,2941 1514,2940 1571,2940 1629,2939"/>
                <TextEquiv>
                    <Unicode>den Zuhörern freundlich aufgenommen, aber für zu wenig brettel¬</Unicode>
                </TextEquiv>
            </TextLine>
            <TextLine id="r1l65" custom="readingOrder {index:64;}">
                <Coords points="468,3005 1623,2978 1529,2941 468,2956"/>
                <Baseline points="477,2993 533,2990 590,2988 647,2987 704,2985 761,2984 818,2984 875,2983 932,2983 989,2983 1046,2983 1102,2983 1159,2983 1216,2983 1273,2983 1330,2982 1387,2982 1444,2981 1501,2981 1558,2980 1615,2978"/>
                <TextEquiv>
                    <Unicode>ggehalten. Christian Morgensterns Parodie auf D'Annunzio wirkte</Unicode>
                </TextEquiv>
            </TextLine>
            <TextLine id="r1l66" custom="readingOrder {index:65;}">
                <Coords points="465,3049 1620,3027 1553,2983 465,3001"/>
                <Baseline points="473,3033 529,3031 586,3029 643,3028 700,3027 757,3026 814,3025 871,3025 928,3024 985,3024 1042,3024 1098,3024 1155,3023 1212,3023 1269,3023 1326,3023 1383,3023 1440,3022 1497,3022 1554,3022 1611,3021"/>
                <TextEquiv>
                    <Unicode>igs drastischer. Doch die Meisterschaft, mit welcher Morgenstern</Unicode>
                </TextEquiv>
            </TextLine>
            <TextLine id="r1l67" custom="readingOrder {index:66;}">
                <Coords points="465,3085 1587,3078 1630,3074 1630,3026 464,3038"/>
                <Baseline points="473,3075 530,3075 587,3074 645,3073 702,3072 760,3072 817,3071 875,3071 932,3070 990,3070 1047,3069 1104,3069 1162,3068 1219,3067 1277,3067 1334,3066 1392,3065 1449,3064 1507,3063 1564,3062 1622,3061"/>
                <TextEquiv>
                    <Unicode>gezierte, bombastische, feierliche und gedankenleere Sprache des</Unicode>
                </TextEquiv>
            </TextLine>
            <TextLine id="r1l68" custom="readingOrder {index:67;}">
                <Coords points="464,3121 1561,3120 1626,3085 463,3086"/>
                <Baseline points="472,3118 529,3116 586,3115 643,3114 701,3113 758,3112 815,3111 873,3111 930,3110 987,3110 1045,3109 1102,3109 1159,3109 1216,3108 1274,3108 1331,3107 1388,3107 1446,3106 1503,3106 1560,3105 1618,3104"/>
                <TextEquiv>
                    <Unicode>r auch bei uns gefeierten Italieners nachgeahmt hat, hätte mehr</Unicode>
                </TextEquiv>
            </TextLine>
            <TextLine id="r1l69" custom="readingOrder {index:68;}">
                <Coords points="431,3166 1478,3162 1628,3148 1628,3115 431,3120"/>
                <Baseline points="440,3162 502,3160 564,3158 626,3156 688,3154 750,3154 812,3153 874,3152 936,3152 998,3151 1060,3151 1122,3151 1184,3150 1246,3150 1308,3150 1370,3149 1432,3148 1494,3147 1556,3145 1619,3143"/>
                <TextEquiv>
                    <Unicode>rdient; ein Ueberpublikum wäre aus dem Lachen nicht heraus¬</Unicode>
                </TextEquiv>
            </TextLine>
            <TextLine id="r1l70" custom="readingOrder {index:69;}">
                <Coords points="372,3217 1583,3199 1624,3158 371,3170"/>
                <Baseline points="380,3205 441,3203 503,3201 565,3199 627,3198 689,3197 750,3197 812,3196 874,3196 936,3195 998,3195 1059,3195 1121,3195 1183,3194 1245,3194 1307,3193 1368,3192 1430,3191 1492,3190 1554,3188 1616,3186"/>
                <TextEquiv>
                    <Unicode>gekommen. Noch ein kömisches Schattenspiel von Stutz zu einem</Unicode>
                </TextEquiv>
            </TextLine>
            <TextLine id="r1l71" custom="readingOrder {index:70;}">
                <Coords points="374,3248 1383,3254 1628,3207 373,3215"/>
                <Baseline points="382,3248 443,3246 505,3244 567,3242 629,3241 691,3240 753,3239 814,3238 876,3237 938,3236 1000,3236 1062,3235 1124,3235 1186,3234 1247,3234 1309,3233 1371,3232 1433,3232 1495,3231 1557,3230 1619,3229"/>
                <TextEquiv>
                    <Unicode>Gedicht von Liliencron (Musik von Wolzogen) sei erwähnt;</Unicode>
                </TextEquiv>
            </TextLine>
            <TextLine id="r1l72" custom="readingOrder {index:71;}">
                <Coords points="370,3298 1625,3279 1572,3234 370,3252"/>
                <Baseline points="379,3287 440,3286 502,3285 564,3284 626,3283 688,3282 750,3281 811,3280 873,3280 935,3279 997,3278 1059,3277 1121,3277 1183,3276 1244,3276 1306,3275 1368,3275 1430,3275 1492,3274 1554,3274 1616,3275"/>
                <TextEquiv>
                    <Unicode>dann aber habe ich nichts mehr hervorzuheben, kaum noch</Unicode>
                </TextEquiv>
            </TextLine>
            <TextLine id="r1l73" custom="readingOrder {index:72;}">
                <Coords points="377,3336 1553,3330 1615,3282 376,3296"/>
                <Baseline points="385,3327 446,3327 507,3326 568,3325 629,3325 690,3324 751,3323 812,3323 873,3322 934,3322 996,3321 1057,3320 1118,3320 1179,3319 1240,3319 1301,3318 1362,3318 1423,3317 1484,3316 1545,3316 1607,3315"/>
                <TextEquiv>
                    <Unicode>die Kuplets der Damen Destrée und Bradsky. Wenn man</Unicode>
                </TextEquiv>
            </TextLine>
            <TextLine id="r1l74" custom="readingOrder {index:73;}">
                <Coords points="365,3379 1543,3371 1616,3328 364,3333"/>
                <Baseline points="373,3373 434,3371 496,3370 558,3369 620,3368 681,3367 743,3366 805,3365 867,3364 928,3363 990,3363 1052,3362 1114,3361 1175,3360 1237,3360 1299,3359 1361,3358 1422,3357 1484,3356 1546,3355 1608,3354"/>
                <TextEquiv>
                    <Unicode>im Abschreiben nicht geübt ist, fällt es schwer, auch nur einen langen</Unicode>
                </TextEquiv>
            </TextLine>
            <TextLine id="r1l75" custom="readingOrder {index:74;}">
                <Coords points="361,3413 1464,3421 1595,3405 1627,3361 360,3375"/>
                <Baseline points="369,3416 431,3415 493,3413 556,3412 618,3410 681,3409 743,3408 806,3407 868,3407 931,3406 993,3405 1055,3404 1118,3403 1180,3402 1243,3402 1305,3401 1368,3400 1430,3399 1493,3398 1555,3396 1618,3395"/>
                <TextEquiv>
                    <Unicode>Theaterzettel abzuschreiben. Den Beschluß aber des Programms</Unicode>
                </TextEquiv>
            </TextLine>
            <TextLine id="r1l76" custom="readingOrder {index:75;}">
                <Coords points="373,3458 1580,3455 1620,3406 372,3421"/>
                <Baseline points="382,3456 443,3455 505,3454 566,3453 628,3452 689,3451 751,3450 812,3449 874,3448 935,3447 997,3446 1058,3446 1120,3445 1181,3445 1243,3444 1304,3443 1366,3443 1427,3442 1489,3442 1550,3441 1612,3441"/>
                <TextEquiv>
                    <Unicode>bildete eine der prächtigen Pantomimen, durch deren Pflege</Unicode>
                </TextEquiv>
            </TextLine>
            <TextLine id="r1l77" custom="readingOrder {index:76;}">
                <Coords points="366,3513 1624,3483 1485,3439 365,3465"/>
                <Baseline points="375,3500 437,3498 499,3497 561,3495 623,3494 685,3493 747,3492 809,3491 871,3490 933,3489 995,3488 1057,3488 1119,3487 1181,3487 1243,3486 1305,3485 1367,3485 1429,3484 1491,3483 1553,3483 1615,3482"/>
                <TextEquiv>
                    <Unicode>sich das Ueberbrettl ein besonderes Verdienst erwerben würde.</Unicode>
                </TextEquiv>
            </TextLine>
            <TextLine id="r1l78" custom="readingOrder {index:77;}">
                <Coords points="360,3539 1489,3538 1619,3501 359,3513"/>
                <Baseline points="369,3544 431,3542 493,3539 555,3537 617,3536 679,3534 741,3533 803,3532 865,3532 927,3531 990,3530 1052,3530 1114,3530 1176,3529 1238,3529 1300,3528 1362,3527 1424,3526 1486,3525 1548,3524 1611,3522"/>
                <TextEquiv>
                    <Unicode>„Pierrots Tücke, Traum und Tod“ (von J. Schanzer, die an¬</Unicode>
                </TextEquiv>
            </TextLine>
            <TextLine id="r1l79" custom="readingOrder {index:78;}">
                <Coords points="363,3576 1539,3590 1619,3568 1619,3523 363,3552"/>
                <Baseline points="371,3586 436,3583 501,3580 566,3577 631,3575 697,3574 762,3573 827,3572 892,3571 957,3571 1023,3571 1088,3571 1153,3571 1218,3571 1283,3571 1349,3571 1414,3571 1479,3571 1544,3571 1610,3570"/>
                <TextEquiv>
                    <Unicode>sprechende Musik von Oscar Strauß) erinnert an die besten</Unicode>
                </TextEquiv>
            </TextLine>
            <TextLine id="r1l80" custom="readingOrder {index:79;}">
                <Coords points="360,3632 882,3616 915,3633 1046,3598 958,3568 660,3592 359,3577"/>
                <Baseline points="369,3625 402,3623 435,3622 469,3620 502,3619 536,3618 569,3618 602,3617 636,3616 669,3616 703,3616 736,3615 769,3615 803,3615 836,3615 870,3615 903,3615 936,3615 970,3615 1003,3615 1037,3615"/>
                <TextEquiv>
                    <Unicode>italienischen Muster dieser Gerin.</Unicode>
                </TextEquiv>
            </TextLine>
            <TextLine id="r1l81" custom="readingOrder {index:80;}">
                <Coords points="396,3650 459,3678 1539,3660 1600,3637 1600,3579 1495,3610 1165,3584 916,3631 396,3623"/>
                <Baseline points="406,3661 465,3659 524,3658 583,3656 643,3655 702,3653 761,3652 820,3652 880,3651 939,3650 998,3650 1057,3649 1117,3649 1176,3648 1235,3648 1294,3648 1354,3647 1413,3647 1472,3646 1531,3645 1591,3644"/>
                <TextEquiv>
                    <Unicode>Ernst v. Wolzogen hat es in seiner einleitenden Rede fertig gebrächt,“</Unicode>
                </TextEquiv>
            </TextLine>
            <TextLine id="r1l82" custom="readingOrder {index:81;}">
                <Coords points="344,3711 1567,3701 1596,3646 343,3656"/>
                <Baseline points="353,3709 414,3705 476,3703 538,3700 600,3698 661,3696 723,3695 785,3694 847,3693 908,3692 970,3692 1032,3692 1094,3691 1155,3691 1217,3691 1279,3691 1341,3691 1402,3691 1464,3691 1526,3690 1588,3690"/>
                <TextEquiv>
                    <Unicode>auch an das Königsjubiläum zu erinnern, mit dem die Eröffnung</Unicode>
                </TextEquiv>
            </TextLine>
            <TextLine id="r1l83" custom="readingOrder {index:82;}">
                <Coords points="362,3745 1475,3744 1601,3694 362,3708"/>
                <Baseline points="371,3749 432,3746 493,3742 554,3740 615,3738 676,3737 737,3736 798,3736 859,3735 920,3735 982,3735 1043,3735 1104,3735 1165,3735 1226,3735 1287,3734 1348,3734 1409,3733 1470,3732 1531,3731 1593,3729"/>
                <TextEquiv>
                    <Unicode>seines Ueberbrettls zusammenfiel. Vor großen Worten hütete er</Unicode>
                </TextEquiv>
            </TextLine>
            <TextLine id="r1l84" custom="readingOrder {index:83;}">
                <Coords points="356,3811 628,3777 1552,3788 1591,3735 356,3760"/>
                <Baseline points="365,3792 425,3788 486,3785 547,3783 608,3780 669,3779 730,3778 791,3777 852,3776 913,3776 974,3776 1034,3776 1095,3776 1156,3776 1217,3776 1278,3776 1339,3775 1400,3775 1461,3774 1522,3773 1583,3772"/>
                <TextEquiv>
                    <Unicode>sich weislich. Seine Anhänger in der Presse waren nicht so klug.</Unicode>
                </TextEquiv>
            </TextLine>
            <TextLine id="r1l85" custom="readingOrder {index:84;}">
                <Coords points="367,3830 1497,3828 1595,3823 1595,3785 366,3797"/>
                <Baseline points="375,3830 435,3827 496,3825 556,3823 617,3821 678,3819 738,3818 799,3817 859,3816 920,3815 981,3815 1041,3815 1102,3815 1162,3815 1223,3815 1284,3815 1344,3815 1405,3815 1465,3815 1526,3814 1587,3814"/>
                <TextEquiv>
                    <Unicode>Da las ich irgendwo, das Ueberbrettl werde für die geistige Gesundung</Unicode>
                </TextEquiv>
            </TextLine>
            <TextLine id="r1l86" custom="readingOrder {index:85;}">
                <Coords points="356,3886 1604,3861 1603,3819 1535,3816 356,3831"/>
                <Baseline points="365,3869 426,3867 488,3865 549,3864 611,3863 672,3862 734,3860 795,3860 857,3859 918,3858 980,3858 1041,3858 1103,3857 1164,3857 1226,3857 1287,3857 1349,3856 1410,3856 1472,3856 1533,3856 1595,3855"/>
                <TextEquiv>
                    <Unicode>des Volkes wichtig werden; anderswo: es werde ein verfeinertes</Unicode>
                </TextEquiv>
            </TextLine>
            <TextLine id="r1l87" custom="readingOrder {index:86;}">
                <Coords points="363,3913 1597,3905 1596,3865 1357,3852 362,3882"/>
                <Baseline points="372,3916 432,3912 493,3910 554,3906 615,3904 676,3902 736,3901 797,3900 858,3899 919,3898 980,3897 1040,3897 1101,3897 1162,3897 1223,3897 1284,3897 1344,3897 1405,3897 1466,3897 1527,3896 1588,3896"/>
                <TextEquiv>
                    <Unicode>ästhetisches Empfinden hinaustragen; in weite Volksschichten.</Unicode>
                </TextEquiv>
            </TextLine>
            <TextLine id="r1l88" custom="readingOrder {index:87;}">
                <Coords points="361,3958 1604,3950 1603,3903 1556,3900 361,3923"/>
                <Baseline points="370,3954 431,3952 492,3950 553,3947 615,3946 676,3944 737,3943 798,3941 860,3940 921,3939 982,3939 1043,3938 1105,3937 1166,3937 1227,3936 1288,3936 1350,3936 1411,3935 1472,3935 1533,3935 1595,3935"/>
                <TextEquiv>
                    <Unicode>Volk und wieder Volk! Was wir gesternin guter Laune miterleb:</Unicode>
                </TextEquiv>
            </TextLine>
            <TextLine id="r1l89" custom="readingOrder {index:88;}">
                <Coords points="354,3999 1514,3993 1599,3986 1599,3951 353,3959"/>
                <Baseline points="363,3995 424,3992 485,3990 547,3988 608,3987 670,3986 731,3985 792,3984 854,3983 915,3983 977,3983 1038,3983 1099,3983 1161,3983 1222,3983 1284,3983 1345,3983 1406,3982 1468,3982 1529,3982 1591,3981"/>
                <TextEquiv>
                    <Unicode>haben, ist weit, weit von solchen Dingen entfernt. Eine neue</Unicode>
                </TextEquiv>
            </TextLine>
            <TextLine id="r1l90" custom="readingOrder {index:89;}">
                <Coords points="365,4040 1595,4061 1576,3984 365,3998"/>
                <Baseline points="374,4036 434,4033 495,4031 555,4029 616,4028 677,4027 737,4027 798,4026 859,4026 919,4026 980,4027 1041,4027 1101,4027 1162,4027 1223,4028 1283,4028 1344,4028 1405,4028 1465,4027 1526,4027 1587,4026"/>
                <TextEquiv>
                    <Unicode>Spezialitätenbühne für die oberen Zehntausend und für die, die sich</Unicode>
                </TextEquiv>
            </TextLine>
            <TextLine id="r1l91" custom="readingOrder {index:90;}">
                <Coords points="373,4095 731,4094 730,4033 372,4041"/>
                <Baseline points="381,4077 407,4076 433,4076 459,4075 485,4074 511,4074 537,4074 564,4073 590,4072 616,4072 642,4071 668,4070 694,4070 721,4069"/>
                <TextEquiv>
                    <Unicode>aern dazu rechnen.</Unicode>
                </TextEquiv>
            </TextLine>
            <TextEquiv>
                <Unicode>Ausschnitt aus:
vo 7½/270
Das Ueberbrettl.
F. M. — Gestern Abend wurde Ernst v. Wolzogens „Buntes
Theater (Ueberbretil)“ in den Räumen der Sezessions¬
bühne“ eröffnet. In der einleitenden Rede bat der Tirektor
nach einigen Scherzen, man möge die Erwartung nicht zu
hoch spannen. Die Inlimen des Ueberbrettls waren wohl
durch die geringe Wirkung heim Goethe=Fest ängstlich geworden.
Was wir nun gestern behaglich miterlebt haben, das wird
weder die kostbare Moral der deutschen Reichshauptstadt
vernichten, noch wird es der Kunst neue Bahnen weisen; aber es war
#ein ganz amüsande Abend. Es war beinahe ein Familien=Tingel¬
#tangel. Mehr buntes Theater als Ueberbrettl. Die groteske
Hyperbel fehlte, die starke Nots, die eben durch den
übermüthigen Zusatz „Ueber“ ausgebrückt war. Man war
auf das Knallen von Champagnerkorken vorbereitet und beram so
Für betwas wie einen süffigen, spritzigen Mosel, dazu etwas französischen
10Cognac und zur Verdauung künstliches Selterwasser. Eine ganz be¬
20kömmliche Mischung.
50
Als Nachahmung von Pariser Winkeltheatern ist das Berliner
„ 100 Ueberbrettl bekanntlich entstanden. In #e#ursprünglichsten dieser as
I Bohemebühnen ist eine innige Fühlung „wischen Publikum und Vor¬ en
Abonnentragenden der Hauptreiz. Für diese Fühlling sorgte gestern allein Ernst
Abonnenv. Wolzogen, der im eleganten Biedermelerfrack wie ein idealisirter!
itzer die Honneurs seiner Bide muchte. Er stand fast immer j#
Buden
Hauf der Bühne, begrüßte die Zuschauer, stellte die Darsteller vor, u¬
lt#machte gute und andere Witze, trug einige Gedichte vor (mit “)
tVirtuosität die grausige Geschichte vom Karpfen und der Wasserleiche in
Evers Gedichten), und er hätte auch eine eigene 
gesungen, wäre er nicht durch Heiferkeit verhindert.
nachte Mittheilung von den Polizeiverbeten, welche das
hatten. Er meldete, daß Alfred Kerr auf die Vor¬
verzichtet hatte, weit hm dis Haistergestricher,
chte dazu die ungehörig boshafte Bemerkung,
nichts übrig, wenn man die Hälfte fortlasse.
eine gar freundliche Parodie einer Kritik von
vor und flunkerte uns vor, diese Kritik sei eben erst
er Pause entstanden. So brachte Wolzogen unermüdlich
eine Bude.
e der kürzeren Nummern jedoch, die auf dem Programm
standen, unterschieden sich von vielen Nummern der gewöhnlichen
Tingeltangel oder Piistergärten eigentlich nur dadurch, daß
besonders auf Verfasser und Komponisten hingewiesen wurde.
Sonst, auf dem Unterbrettl, fragt man nicht nach Nam' und
Art. Und seltsam, auch gestern war ein anonymes Stück,
eine Satire auf den Dichter und Major Lauff, der Hauptreffer; schon
als Herr Koppel den Titel Zur Dichtkunst abkommandirt“ nannte,
kam einige Ueberbrettl=Stimmung ins Haus, und beitdem Refrain#
„Das knallt im Dichterwald“ wurde viel und laut gelacht. Und doch
übertraf der künstlerische Werth gerade dieses Scherzes nicht den der
landläufigen Possenkuplets.
Sonst gefiel am allerbesten „Der lustige Ehemann“, ein Leines
Tanzduett, von Vierbaum gebichtet, von Oskar Strauß in Musik ge¬
setzt, von Herrn Koppel und Fräulein Bradsky getanzt und gesungen.
Die niedliche Kleinigkeit mußte oder konnte wiederholt werden.
Die literarischen Gaben, denen keine Musik zu Hilfe kam, wurden
dagegen nicht ganz nach Gebühr gewürdigt. Die dramatische
Plauderei „Episode“ von Arthur Schnitzler,ein Theil aus seinem
wehmüthig ungezogenen „Anatol“, wurde von den Herren
ald und Reßner und Frau Wohlbrück recht gut gespielt,
den Zuhörern freundlich aufgenommen, aber für zu wenig brettel¬
ggehalten. Christian Morgensterns Parodie auf D'Annunzio wirkte
igs drastischer. Doch die Meisterschaft, mit welcher Morgenstern
gezierte, bombastische, feierliche und gedankenleere Sprache des
r auch bei uns gefeierten Italieners nachgeahmt hat, hätte mehr
rdient; ein Ueberpublikum wäre aus dem Lachen nicht heraus¬
gekommen. Noch ein kömisches Schattenspiel von Stutz zu einem
Gedicht von Liliencron (Musik von Wolzogen) sei erwähnt;
dann aber habe ich nichts mehr hervorzuheben, kaum noch
die Kuplets der Damen Destrée und Bradsky. Wenn man
im Abschreiben nicht geübt ist, fällt es schwer, auch nur einen langen
Theaterzettel abzuschreiben. Den Beschluß aber des Programms
bildete eine der prächtigen Pantomimen, durch deren Pflege
sich das Ueberbrettl ein besonderes Verdienst erwerben würde.
„Pierrots Tücke, Traum und Tod“ (von J. Schanzer, die an¬
sprechende Musik von Oscar Strauß) erinnert an die besten
italienischen Muster dieser Gerin.
Ernst v. Wolzogen hat es in seiner einleitenden Rede fertig gebrächt,“
auch an das Königsjubiläum zu erinnern, mit dem die Eröffnung
seines Ueberbrettls zusammenfiel. Vor großen Worten hütete er
sich weislich. Seine Anhänger in der Presse waren nicht so klug.
Da las ich irgendwo, das Ueberbrettl werde für die geistige Gesundung
des Volkes wichtig werden; anderswo: es werde ein verfeinertes
ästhetisches Empfinden hinaustragen; in weite Volksschichten.
Volk und wieder Volk! Was wir gesternin guter Laune miterleb:
haben, ist weit, weit von solchen Dingen entfernt. Eine neue
Spezialitätenbühne für die oberen Zehntausend und für die, die sich
aern dazu rechnen.</Unicode>
            </TextEquiv>
        </TextRegion>
        <TextRegion orientation="0.0" id="r2" custom="readingOrder {index:1;}">
            <Coords points="2042,165 2042,222 2650,222 2650,165"/>
            <TextLine id="r2l1" custom="readingOrder {index:0;}">
                <Coords points="2363,196 2450,196 2456,202 2471,191 2496,199 2515,189 2531,199 2553,197 2551,125 2506,130 2494,138 2446,127 2407,138 2392,128 2361,133"/>
                <Baseline points="2371,191 2400,189 2429,189 2458,187 2487,187 2516,186 2545,185"/>
                <TextEquiv>
                    <Unicode>isod</Unicode>
                </TextEquiv>
            </TextLine>
            <TextLine id="r2l2" custom="readingOrder {index:1;}">
                <Coords points="2032,212 2084,222 2139,200 2193,221 2234,196 2290,227 2482,218 2513,238 2659,217 2660,174 2593,147 2476,194 2394,191 2319,132 2256,156 2171,138 2139,159 2035,138"/>
                <Baseline points="2042,189 2072,191 2102,192 2133,194 2163,195 2194,198 2224,200 2254,202 2285,204 2315,206 2346,208 2376,209 2406,210 2437,211 2467,212 2498,212 2528,211 2558,209 2589,208 2619,206 2650,202"/>
                <TextEquiv>
                    <Unicode>4.4. Epue</Unicode>
                </TextEquiv>
            </TextLine>
            <TextEquiv>
                <Unicode>isod
4.4. Epue</Unicode>
            </TextEquiv>
        </TextRegion>
        <TextRegion orientation="0.0" id="r3" custom="readingOrder {index:2;}">
            <Coords points="2769,73 2769,238 3139,238 3139,73"/>
            <TextLine id="r3l1" custom="readingOrder {index:0;}">
                <Coords points="2761,181 2822,199 2841,184 2866,198 3003,189 3089,213 3148,193 3147,116 3004,115 2976,140 2810,127 2760,139"/>
                <Baseline points="2769,183 2795,184 2821,185 2848,186 2874,187 2901,187 2927,188 2954,188 2980,188 3006,187 3033,185 3059,184 3086,181 3112,178 3139,173"/>
                <TextEquiv>
                    <Unicode>bos 7/7</Unicode>
                </TextEquiv>
            </TextLine>
            <TextEquiv>
                <Unicode>bos 7/7</Unicode>
            </TextEquiv>
        </TextRegion>
    </Page>
</PcGts>
