3484 4192
626 118 805 185 1 S O C
989 105 1417 210 bos 7/7
297 112 911 217 4.4. EP.
857 1143 1079 1232 21A 1. 19
839 1228 1086 1323 ung Bel
830 1317 1208 1421 Schnjtler=Abend.
480 1365 1618 1458 Das Programm des A. Kammerkunstabends der Buch= und
404 1447 1624 1501 Kunsthandlung Reuß u. Pollack wurde von Johannes Riemann
410 1476 1628 1535 vom Deutschen Theater bestritten, der Dichtungen von Arthue
408 1520 1623 1576 Schnitzler vortrng. In der Einkeitung zu „Anatol“ in zwei Dia¬
411 1570 1621 1614 logen aus dem „Reigen“, im „Ehrentag“ und in der „Episode“
398 1605 1629 1677 bewies Riemann, daß er der Form wohl Küßerst gerecht zu werden
397 1652 1634 1714 vermag, daß er aber jenen Herzenston vermissen ließ, der vor¬
407 1704 1632 1759 handen sein muß, wenn man echter Wienet Kunst nähertreten will.
399 1744 1648 1827 Die Geschmeidigkeit Riemanns und seine sprecherischen Vorzügs¬
397 1778 1251 1869 wurden vom Publikum dankbor anerkannt.
915 2027 1089 2122 13•9
408 2036 921 2234 2 MaLlhse
885 2141 1552 2235 Vossische Zeitu# Berlin
438 2268 1596 2386 Ein Arthur Schnitler Abend in der Buch= und Kunst¬
370 2320 1594 2407 handlung von Reuß und Pollak war durch die Absage des
400 2396 1597 2467 Fräuleins Christian in Frage gestellt. Für sie sprang Johau¬
394 2425 1596 2495 nes Riemann vom Deutschen Theater ein. Seltsam diese ver¬
394 2465 1585 2540 storbene, morsche Süßigkeit des Schnitzlerischen Wien: selksam fremd
389 2508 1586 2581 und unwahr geworden diese verschnörkelten Weisheiten vom füßen
394 2535 1586 2615 Mädel Anatols; fast gespenstisch, im Rhychmus einer anderen Zelt,
385 2578 1580 2658 verloren und erstickt, dieser Dualtsmus von Wit und Empfinesam¬
379 2605 1583 2687 keit. Und doch jedes Wort imprägniert mit einer alten, unver¬
391 2662 1577 2737 wischbaren Kuktur. Riemann kas aus dem „Anatol“ mit einer
389 2682 1572 2774 sanften, freundlich bedeutsamen, sehr stilsicheren Wirksamkeit;
390 2726 1579 2799 immer dieses Pendeln zwilchen Unwichtigfeit und Gewichtigkeit
387 2784 1574 2843 glücklich festhaltend, ganz mit der intimen Gebärde leiser Kammer¬
381 2823 1580 2891 kunst. In zwei Szenen aus dem „Neigen“ war er sichtlich bemüht,
380 2846 1578 2915 zwischen dem frech eindeutigen Aufriß und einer entkleideten Ge¬
374 2893 1574 2973 danklichkeit künstlerisch zu vermitteln. Man dankte ihm durch
370 2930 1581 2988 lächelndes Mis erstehen und ernsthaftes Sicheinstellen auf eine
370 2970 1578 3059 verblaßte, von ferne in die Gegenwart hereinklingende Kultur le.)“
1225 3035 1589 3110 .
1868 45 2695 126 Osterreichische Casino A. G.
1841 81 2704 176 Wien III, Schwarzenbergplatz 5a
1834 200 2314 297 „OBSERVER“
2069 282 2696 352 I. österr. behördlich konzessioniertes
2061 327 2701 390 Unternehmen für Zeitungs-Ausschnitte
2064 360 2708 413 Wien I, Wollzeile 11, Telephon R-23-0-43
1816 477 2648 596 Ausschnitt aus DieFicdormads, Wien
1820 680 2570 796 von: 1 4, SEP. /935
1767 914 2772 1056 Ludwig Ullmann:
1919 1055 3362 1327 Enisodes-Beg
2660 1330 3384 1423 stung — daß er diese Träne fließ
2671 1390 3381 1465 in Augenblicken von simpler drotli
2669 1435 3394 1523 kindhafter Melancholie, in gEinstels
2680 1497 3384 1574 wienerisch süßer Dämmerung de
2669 1536 3384 1622 und des Lichts der Träume, die an
2680 1588 3383 1663 Schnitzlers herbstliche Abendweg
2680 1634 3387 1705 mannen an seine Cottage-Gärte
2673 1685 3390 1757 Trauer, Duft und ferner Musik d
2667 1732 3354 1812 schieds und der Vergessenheit.
2662 1788 3383 1865 mit geführtem Entzücken festgestel
2664 1828 3369 1898 Friedl Czepa in der Tat eines
2670 1877 3384 1957 Schnitzler-Mädchen spielt, hold un
2655 1936 3381 1998 gaukeinde cEpisodes, sprühend von
2068 1918 2157 2021 K
2669 1981 3385 2053 spöttischer Wehmut und bezauben
1802 2017 2646 2090 Glanz und Leistung dieses Fims stiller
2666 2032 3385 2100 scher Güte, ein Wesen aus dem Schn
1759 2065 2644 2132 und auch sehr lauter Erschütterung ist die
2655 2067 3382 2144 Dialog, gleichsam zusammengesef
1771 2113 2638 2198 Rolle. Die große leuchtende fast übermütig
2650 2108 3383 2194 Pointen und Albernheiten, überfließe
1768 2167 2629 2240 tränenschwere, aber keineswegs stets nur
2654 2166 3371 2244 aphoristischem Liebesgepapper, ab
1763 2220 2633 2283 metierfix jubelhelle Wessely-Rolle. Ein
2655 2210 3386 2297 Filmelfe mit unanzweifelbar großa
2657 2261 2819 2329 kunft.)
1764 2264 2636 2331 kleines Meisterwerk präziser und pro¬
1753 2321 2631 2385 phetisch selbstsicherer Mitergriffenheit.
2688 2305 3388 2400 In den Schlußszenen dieses Filmg
1760 2371 2632 2433 Meisterwerk vor allem technisch in seinen
2647 2362 3386 2445 die Kamera völlig Wessely-toll. Sie
1752 2408 2630 2484 Schattierungen, Dämpfungen, Uebergän¬
2654 2422 3391 2494 das geniale Antlitz in unersättlicher
1759 2461 2626 2534 gen und Ausbrüchen. Beschattet von der
2650 2466 3393 2560 hin, groß, noch größer, lachend, si
1751 2502 2638 2585 sanften Despotie der Persönlichkeit: die
1750 2556 2630 2624 brillanteste und dennoch zarte Huldigung
1752 2602 2617 2680 des arriviertesten Filmdichters der Epoche.
2716 2601 3233 2713 Apimes-Revue FEN
1752 2655 2622 2720 Sein Bekenntnis, daß alle Filmmagie an
3324 2655 3380 2716 6
1748 2701 2622 2783 sich, der gesamte Rausch optischer und
1751 2749 2618 2823 rhythmischer Finessen, die ganze Tempo¬
2642 2750 3367 2855 strahlend, entrückt ... Nur sie,
1740 2792 2608 2863 jagd und Großaufnahmen-Parade nur
2637 2827 3355 2891 Wessely höchstselbst, kann sich
1749 2853 2621 2925 Mittel, und an sich noch immer recht dürf¬
2635 2861 3367 2946 Rausch der Bildfluche gestatten,
1747 2907 2610 2967 tige sind zum Zwecke der Verklärung einer
2636 2920 3375 2988 wahrhafte Zertrümmerung der Fill
1756 2943 2510 3023 So souverän scheuen Menschlichkeit.
2644 2975 3377 3043 zentration. Denn sie ist es ja wirklich
2638 3016 3375 3086 sie, die aus dieser Filmidylle ins me
2632 3064 3376 3131 lich Große wächst und selig lächelt
1787 3077 2457 3144 1 Maharadschah
2645 3112 3388 3189 Auge über den Spuk und Sturm, auch
1893 3127 2542 3199 und 1000 Frauen
2644 3150 3377 3239 Erfolgs, hinweg. Noch ist der Glauk
2636 3211 3375 3284 dies Auge stärker als die Großaufne
1774 3261 2607 3327 Es geht also hier nicht um Einzelheiten.
2669 3269 3384 3350 Noch ein Wort für Walter Reisch
1733 3303 2610 3381 Denn Walter Reisch hat für den aMaske¬
2623 3320 3368 3391 Regisseur, der eine Edelarbeit vor
1729 3354 2602 3422 rades-Film etwa ein um etliche Nuancen
2625 3378 3382 3470 des poetischen Taktes vollbracht ha
1738 3411 2608 3487 seelisch diskreteres Drehbuch geschrieben,
1730 3445 2608 3510 allerdings dem Stil, auch dem psychischen
1728 3499 2605 3577 der Handlungszeit gemäß. „Episodes ist
1727 3546 2611 3627 um den nötigen Grad blanker, schärfer und
1730 3600 2601 3674 greller. Wie dort ein parodistischer Unter¬
1731 3640 2616 3717 ton mitschwang, setzt hier immerhin noch
1730 3698 2601 3765 taktvolle Satyre schon deutlicher ein. Die
1727 3751 2604 3808 Kontrastwirkung ist dafür umso unmittel¬
1720 3778 2607 3865 barer: aus dem Taumel der Lorven und
1719 3839 2604 3901 Lächerlichkeiten steigt still leuchtend die¬
1724 3889 2597 3952 ser tapferen Mädchenstirn Aura reiner
1712 3938 2599 4015 und entschlossener Ahnungslosigkeit. Das
1725 3980 2591 4056 Wessely-Wunder ist noch immer über der
1734 4028 2139 4094 Vesselp-Sensation.
