3436 4192
552 67 829 148 isode
965 64 1369 173 bos 7/7
238 73 960 187 4.4. ER-22-2
2232 900 2651 980 Telefon 12801.
813 962 1227 1027 Telefon 12801.
1772 993 3122 1080 Alex. Weigl'’s Unternehmen für Zeitungs-Ausschnitte
2783 1059 2991 1120 Ausschnltt
346 1047 1746 1145 Alex. Weigl's Unternehmen für Zeitungs-Ausschnitte
1363 1121 1559 1186 Ausschnitt
2806 1092 3057 1207 Nr. 9
1713 1095 2075 1219 4 105
2069 1098 2760 1236 „OBSERVER“
686 1169 1683 1272 „ODSENVEN Nr. 95
1707 1198 3182 1290 I. österr. behördl. cone. Bureau für Zeitungsberichte u. Personalnachrichten
296 1254 1701 1338 I. österr. behördl. conc. Bureau für Zeitungsberichte u. Personalnachricht
1918 1267 3034 1393 Wien, IX,, Türkenstrasse 17.
481 1334 1561 1415 Wien, IX, Türkenstrasse 17.
2122 1361 2797 1453 - Filiale in Budapest: „Figyelö“ —
677 1421 1326 1508 — Filiale in Budapest: „Figyelö“
1733 1419 3162 1538 Vertretungen in Berlin, Chicago, Genf, London, Newyork, Paris, Rom, Stockholm.
289 1480 1699 1570 Vertretungen in Berlin, Chicago, Genf, London, Newyork, Paris, Rom, Stockhol
2407 1531 3011 1649 Arbeiter-Zeitung
1736 1569 2266 1663 Ausschnitt aus.
285 1616 833 1702 Ausschnitt aus:
915 1635 1555 1777 Deutsches -etteshilat
1733 1702 2287 1825 vom 23/1 7607
301 1701 833 1844 Aeren 23/2. 740
2427 1984 2779 2115 Theater.
484 2045 1604 2144 Theater, Kunst und Literatur.
2123 2078 3185 2186 Theater in der Josefstadt. Das Menu von gestern
561 2116 1621 2188 Theater in der Josefstadt. Die mit so großem Trara
2020 2139 3184 2242 hatte viele Gänge, aber recht wenig Geschmack. „Episode“ ist eine
477 2174 1616 2247 hangekündigte „Concordiavorstellung“, anläßlich welcher uns
2024 2201 3190 2282 der mattesten Szenen aus dem „Anatol“ Arthur Schnitzlers.
490 2223 1621 2277 ganz besondere literarische Genüsse in Aussicht gestellt wurden,
2029 2249 3179 2324 Die Idee, daß ein sentimentaler Mann in einem oberflächlichen
491 2264 1622 2316 hat mit einem gründlichen Fiasco geendet. Die Concordia
2034 2293 3181 2372 und frivolen Weibe eine tiefe Seele zu finden glaubt, ist doch
481 2307 1612 2384 bescheerte uns einen „literarischen Abend“, an dem sich das
2033 2351 3187 2426 schon recht abgenützt und hier nicht einmal besonders geistreich
470 2348 1609 2408 Publikum gründlich im Ertragen ödester Langweile zu üben
2030 2385 3159 2461 behandelt. Den Dialag führten die Herren Jarno und Sach
479 2388 1622 2451 hatte. Die Vorstellung eröffnete ein neues Lustspiel von
489 2445 1614 2499 Arthur Schnitzler, „Epifode“ betitelt. Der Antor wollte
2032 2440 3185 2517 glatt und pointirt. Das Publikum verhielt sich verhältnißmütig
483 2480 1614 2555 offenbar ein Pendant zu seinem „Abschiedssouper“
2030 2478 3189 2558 kühl. Um so lärmender war der Beifall, den es dem zweiten
494 2523 1610 2599 schreiben. Damals war's eine Balletratte, die kommt,
1794 2536 3191 2600 Für 50 Zei Stück, dem einaktigen Schauspiel „Zu Hause“ von Georg
1876 2577 1985 2626 100
495 2561 1708 2631 um ihrem Galan, der von derselben Absicht beseelt#e##g#
2033 2583 3191 2637 Hirschfeld spendete. Das Drama bringt eine wenig interessanten
1875 2618 1988 2679 200
492 2613 1688 2673 ist, den Abschied zu geben, diesmal handelt es sich um einto.
1836 2630 1880 2680 „
2035 2636 3181 2701 Szenenreihe aus dem korrupten Familienleben der weltstädtischen
1823 2660 1986 2729 „ 500
497 2657 1691 2720 Wiedersehen einer eine Zeit lang im Auslande gewesenen bar
2030 2673 3191 2744 jüdischen Bourgeoisie. Dem Familienvater gab Herr Jarno Züge
430 2695 540 2748 5002
1816 2693 1997 2773 1000
502 2700 1719 2776 Circusreiterin mit zwei Freunden. Beim Abschiednehmen ging's hraus.
2023 2713 3207 2813 von verblüffender Lebenstreue. Fräulein Fehdmer, die
360 2735 506 2799 „ 1000
499 2736 1619 2811 ganz lustig zu, die Kleine vom Ballet war eine muntere
2027 2758 3179 2827 die Dame des Hauses spielte, fühlte sich in dem Milien
1779 2793 2017 2844 Abonnement
426 2788 1734 2861 Im Person, deren urwüchsigem Geplauder man ganz gerne zu=t de
2031 2823 3183 2882 nicht „zu Hause“, was wir ihr weiter nicht verargen. Das an
305 2839 2017 2910 Abonneme hörte; nach einer Verlängerung der Bekanntschaft mit der Heldin ies de Abonnenten
2032 2854 3207 2927 dritter Stelle folgende musikalische Märchen „Das Streichholz=
306 2876 511 2938 Abonnent
502 2878 1619 2941 vom Nudelbrettschimmel wird Niemand Verlangen empfinden, sie
1896 2905 2034 2971 Der
2026 2906 3210 2978 mädel“ von dem Dänen August Enna hat eine sehr laute und j¬
434 2925 1615 3005 pe ist eine ebenso „fade Nocken“, wie ihre beiden Galans ermüdende
1605 2937 1737 3005 50 di
1787 2943 2023 3015 Inhaltsang
2026 2947 3216 3027 pathetische Musik, in der die Naivetät des Andersenschen!).
322 2967 1612 3046 Inhaltsa Schwätzer. Schnitzler's Dichterlocke blieb deshalb unsichtbar,
1608 2992 1737 3053 gen
1796 3000 2014 3052 blätter
2034 3006 3222 3090 Märchens untergeht. Fräulein Worm sang ihre anstrengenden
312 3010 1729 3093 blätte obwohl sich die Herren Jarno und Sachs, sowie Fräu=ung“
1793 3030 2034 3090 wodurch eine
2039 3047 3176 3115 Opernpartien dem Publikum sehr zu Danke. Neben ihr nahm Herr
324 3071 1729 3141 wollurch elem Palme alle erdenkbare Mühe gaben, dem Autor zus##ber
1785 3071 2037 3131 des In- und
2026 3101 3178 3156 Reich als Nachtwächter am Applaus theil. Das Ende des
1595 3105 2033 3189 lunge werden in W
311 3112 498 3168 des In¬
318 3120 1046 3218 werden in einem Erfolae zu verhelfen.
2027 3143 3186 3210 Abends — und ein gutes Ende bildete die Posse „Der gemüthliche
608 3144 1117 3225 An. D om Pran verschiekt.
2015 3193 3177 3251 Kommissär“ von Georges Courteline, eine übermüthige
616 3210 1459 3317 Prospecte gratis und franco.
2020 3231 3174 3308 Verhöhnung der französischen Bureaukratie. Die Hauptrollen
2016 3288 3205 3367 spielten die Herren Maran, Jarno und Guttmanng
2024 3327 3181 3391 mit Witz und Laune. Auf das letzte Stück wie auf das Hirsch¬
2018 3369 3185 3456 feldsche Drama werden wir noch mit einigen Worten zu sprechen
2011 3429 2203 3503 kommen.
2659 3438 3181 3534 1
