3436 4192
598 84 793 168 1Sod
932 89 1385 195 box 7/7
261 90 864 206 4.4. Ep-zeue
2363 798 2759 860 Telefon 12801.
1895 886 3242 984 Alex. Weigl's Unternehmen für Zeitungs-Ausschnitte
901 907 1317 986 Telefon 12801.
2889 958 3111 1026 Ausschnitt
2226 975 2864 1102 „OBSERVER“
2855 991 3217 1118 Nr. 47
450 1024 1762 1110 Alex. Weigl’s Unternehmen für Zeitungs-Ausschnitte
1867 1029 2151 1122 105
1454 1082 1665 1148 Ausschultt
1826 1107 3275 1187 I. österr. behördl. conc. Bureau für Zeitungsberichte u. Personalnachrichten
1698 1130 1775 1221 2
1463 1119 1732 1228 N. 72
462 1109 689 1230 2
769 1101 1441 1234 „OBSERVER“
2025 1160 3124 1268 Wien, IX, Türkenstrasse 17.
391 1223 1793 1318 I. österr. behördl. conc. Bureau für Zeitungsberichte u. Personalnachrichte
2228 1247 2895 1336 Filiale in Budapest: „Figyelé“ —
543 1308 1676 1386 Wien, IX, Türkenstrasse 17.
1841 1332 3266 1412 Vertretungen in Berlin, Chicago, Genf, London, Newyork, Paris, Rom, Stockholm.
765 1372 1437 1469 Filiale in Budapest: „Figyelé“ -
392 1422 2356 1514 Vertretungen in Berlin, Chicago, Genf, London, Newyork, Paris, Rom, Stockholn Ausschnitt aus:
2345 1429 2585 1547 Berlin
1957 1506 2257 1623 3 490.
1839 1592 2058 1669 vom)“
375 1562 1628 1688 Ausschnitt aus: FRSAI
383 1670 1601 1809 von2 Figaro, Wien
2024 1883 3244 1974 * Im Josephstädter Theater gab es wieder einen sehr erfolg¬
1979 1941 3224 2014 reichen „literarischen Abend“ mit vier Einaktern von an¬
1988 1989 3182 2047 muthig wechselnder Stimmung. Arthur Schnitzlers „Episode
1984 2041 3163 2109 ist eine reizvolle Pikanterie wie manches andere kleine Sti
535 2042 1748 2144 * Die jüngst im Josefstädter Thealer zu Guünsten der
1992 2078 3033 2138 aus dem „Anatole"=Cyklus. Ein bischen Frivol
443 2104 1712 2174 Konkordia“ gegebenen vier Einalter: Spisode“ „Zu
1984 2125 3005 2174 bischen Geist, ein bischen Gefühl, das sind die Elem
1993 2163 2997 2212 literarischen Ragouts, die sich, ganz wie die kulina
437 2152 1731 2236 „Hause", „Das Streichholzmädel" und „Der gemüthliche
1983 2197 3009 2259 die Feinschmecker wenden. Anatole lebte einmal ein
450 2213 1736 2272 Kommissär“, für welche auch wieder einmel par ordre de
1985 2248 3019 2314 Stunde mit einem herrlichen Weibe. Unauslöschl
437 2259 1731 2322 Masti der große Erfolg ganz energisch gewünscht wurde, sollen,
1988 2295 3029 2343 die Stunde in seiner Erinnerung, um so mehr,
442 2313 1733 2368 wie verlautet, eine Gährung unter den zu diesem Zwecke ins
1986 2336 3063 2385 auch seiner Eigenliebe schmeichelt. Er vermei
447 2361 1728 2410 Theater befohlenen Freimaurern hervorgerufen haven. Ein ge¬
1987 2370 2943 2450 jener Stunde wirklich geliebt worden zu
1872 2372 1967 2472 Für
1980 2402 3181 2480 da er seine Schöne wiederfindet, entsinnt sie sich nich
441 2411 1736 2495 heimes Komité arbeitet bereits an einem, Protest, der unter
1996 2461 3143 2510 recht, wo sie ihm begegnete. „War's nicht in Petersburc
446 2465 1169 2543 Anderem folgende Stellen aufweist.
1948 2508 3195 2562 § Er greift zum Hut und geht. „Nein, es war nicht in Peters¬
686 2487 1744 2586 Nun aber haben wir's satt! — Wie kommen wir
1901 2493 1957 2584 1
1918 2553 3182 2611 10 burg.“ So spitzt sich die Episode zum Epigramm zu. Geor
433 2541 1472 2646 dazu, derlei langweiliges Zeug anhören zu müssen?
1977 2583 3173 2642 Hirschfelds „Zu Hause“, eine ergreifende kleine Milieustudi
555 2610 1174 2682 Und applandiren auch noch!
1993 2622 3155 2674 ldie auch in Berlin bekannt geworden ist, eine kleine Milie
553 2636 1793 2714 Freimaurer=Brüderei hin, Freimaurer=Brüderei her, aber as
1843 2650 3051 2734 Abonvenstudie, in der sich ein großes Drama birgt wirkte m
1842 2697 3016 2780 Abonsel Wucht. Auch August Ennas „Streichholzmäd
428 2709 1498 2788 so weit darf die Sache dech nicht getrieben werden.
1990 2752 2995 2819 einen gewissen Zauber aus den Zauber des
553 2741 1740 2821 Wenn uns noch weiter derart unausstehliche Pflichten auf¬
1990 2789 2985 2845 rührenden Märchens von Andersen, das so vi
392 2798 1744 2883 x gehalst werden, io hol der Teufel alle Schürzen, Hämmer, Eide
1841 2822 2959 2890 Inhalts Schönheit besitzt, und das hier zur drau
430 2861 1733 2924 und Mysterien! Wir treten aus und schließen uns lieber irgend
1844 2860 2946 2931 blütt kalischen Darstellung gelangt. Trotz gro
1843 2900 2002 2946 wodurch
433 2908 1137 2978 einem „Taschenseitel"Vereine an¬
1996 2920 2954 2974 ist die Musik selbst ziemlich reizlos und steht wi
1834 2939 1993 2991 des In¬
558 2937 1740 3012 Wir lassen nns nimmen durch derlei „dramatische Ge¬
1998 2968 2918 3022 eine Krankheit vieler Modernen, nicht im richtig
1834 2977 1987 3031 werden
1997 3007 2909 3060 zu dem Vorwurf, der schlicht zum Herzen spri
395 2993 1740 3075 n nüsse? unsere Abende wegstehlen und die gute Laune und den
1989 3047 2901 3098 nicht der großen Phrasen und lärmenden Kla
393 3055 840 3133 d Appetit verderben.
1986 3092 2931 3144 Den Beschluß machte Courtelines „tragische Po
552 3106 725 3170 Basta!
1066 3075 1721 3184 Das gebeime Freimaurer=Komité.“
1991 3115 3069 3181 müthliche Kommissar“ in einer trefflichen Verdeutschur
1996 3177 3115 3234 Siegfried Trebitsch. Die köstliche Schnurre hat jüngst er
688 3193 1528 3271 Prospecte gratis und franco.
1994 3224 3213 3274 „Berliner Tageblatt“ einen freundlichen Geleitschein erhalten.
1992 3255 3198 3311 Auf der Bühne gelangten alle Drolligkeiten und alle Bosheit
1996 3296 3241 3375 die in der kleinen Satire stecken, am erfreulichsten zur Geltung.
2824 3341 3259 3437 Hugo Klein.
