3484 4192
2159 146 2474 220 Zpisode
2611 143 3008 230 box 7/7
1869 146 2489 258 4. 4. K ann.
793 194 1204 292 Die Stunde, Wies
1004 317 1350 424 UUN 335
344 464 2090 559 Wessely-Film wird in alle Welt verkauft
1046 563 1113 599 1
1208 574 2082 648 schicksalshaften Erlebnisen einen mensch¬
351 589 1205 653 Im Vorführungsraum der Tobis-Sascha
1208 640 2086 682 lichen Weg zur Zufriedenheit findet. Alles,
341 637 1204 691 herrscht ganz ungewöhnliche Spannung.
335 680 1197 730 Hier starteten schon viele Welterfolge, hier
1217 681 2089 750 was bis dahin war, was sich um sie abge¬
2583 660 3065 759 Der Tag, Berlin
1214 719 1999 780 spielt hat, Episode, nichts als Episode.
332 722 1201 778 begannen schon viele hundert Meter, die
2212 739 3073 798 701— Arthur=Schnitzler=Abend. Für die
1250 750 2081 823 Handelnde Personen neben Paula Wessely
333 766 1217 820 dann in hunderttausenden über den ganzen
2166 771 3087 840 erkrankte Margareke Christeens vom Deutschen
1212 787 2086 866 Karl Ludwig Diehl, Otto Treßler, Erika von
328 805 1197 868 Globus liefen. Heute ist wieder ein großer
2177 820 3099 885 Theater, die im Kammerkunst=Abend
1210 848 2101 919 Wagner und besondere (einstweilen Wiener)
345 855 1199 897 Tag, denn der neue Walter Reisch¬
2191 866 3082 925 Arthur Schnitzler zu Gehör bringen wollte, sprang
1215 892 2092 956 Sensation, daß Otto Treßlers Söhne Hans¬
338 891 1207 954 Film „Episode“, der neue Wessely-Film
2183 906 3083 958 der Kollege Johannes Riemann ein und
1221 937 2090 992 Jürgen Treßler und Wolf-Dieter Treßler,
343 942 1195 990 wird zum ersten Male den Käufern aller
2175 939 3085 1016 hatte einen vollen Erfolg. Nach der Einleitung zu
1212 974 2101 1035 auch im Film seine Söhne sind. Dann spielen
334 982 1196 1040 Länder vorgeführt. Es ist noch nicht die
2180 977 3084 1054 „Anatol“ von Hoffmannsthal erwies sich der Vor¬
1216 1022 2096 1076 noch Fried! Czepa, Fritz Imhoff, Rosa
2183 1022 3080 1079 tragende besonders im „Reigen" („Der junge
336 1031 1205 1085 endgültige Form des Films, es wird da und
1221 1058 2101 1108 Albach-Retty, Wilhelm Heim, Ferdinand
2177 1063 3082 1134 Herr und die junge Frau“ und „Die junge Frau
339 1070 1199 1121 dort noch Kürzungen geben, aber der Film
2185 1112 3072 1160 und der Ehemann") als eleganter Plauderkünst¬
1220 1107 2100 1160 Maierhofer, Ernst Arnold, Liesl Handl und
334 1119 1203 1174 ist doch fix und fertig und man darf ruhig
2183 1137 3075 1211 ler, dem die Gabe der leichten Konversationskunst
1211 1155 2097 1207 Dorothy Pool zum Teil kleinere Rollen.
339 1168 1206 1213 schon jetzt das Geheimnis dieses zweiten
2178 1177 3092 1249 vortrefflich zu eigen zu sein scheint, und in der
1218 1191 2096 1244 Oskar Strnad hat wieder ein Stück Wien ins
336 1208 1203 1252 Walter Reiech — Paula Weesely¬
2173 1213 3085 1286 ergreifenden Schauspielergeschichte „Ehrentag“ als
1219 1237 2099 1280 Atelier gesetzt, das im besten und stärksten
339 1249 1210 1298 Films verraten: er ist außerordentlich. So
2174 1255 3087 1315 ein fein charakterisierender Gestalter. Man sah
1218 1277 2098 1337 Sinn wirklich Wien ist. Ausgezeichnete
326 1282 1208 1349 sagen die Käufer, die mit erwartungsvollen
2180 1295 3088 1378 die Figuren dieser Erzählung deutlich vor sich,
1208 1315 2086 1384 Photographie des Amerikaners Harry Strad¬
331 1328 1207 1390 Mienen gekommen sind, viele ein wenig
2190 1343 3090 1396 und man war gebannt von ihrer dramatischen
1215 1361 1853 1413 ling, der jetzt in Paris arbeitet.
334 1387 1203 1437 skeptisch, weil eie der Meinung waren, der
2185 1383 3091 1434 Wirkung, die Riemann sehr geschickt durch seine
1249 1391 2095 1460 Neu für den Film Robert Katscher, der
334 1429 1201 1478 Spitzenfilm „Maskerade“ wäre nicht zu
2188 1426 3113 1501 Vorlesung aufzubauen und zu steigern wußte
1216 1443 2090 1505 Komponist, der augenblicklich bei der
341 1467 1202 1529 überbieten, ja vielleicht gar nicht zu er¬
1215 1491 2106 1553 Metro Goldwyn in Hollywood arbeitet. Man
334 1517 1195 1565 reichen. Aber nach Schluß der Vorführung
1217 1534 2091 1591 hört sein Lied: „Jetzt müßte die Welt ver¬
330 1554 1210 1618 war das ein herzliches Händeschütteln, die
1219 1579 2101 1633 sinken“ das durch den Film geht, von allen
343 1594 1201 1652 Käufer dankten, alle waren begeistert,
1215 1619 2105 1671 gesungen, immer wieder durch Straßen und
338 1645 1207 1692 England, Frankreich, Deutschland, Ungarn,
1208 1667 2101 1721 Höfe klingen, immer wieder aufgenommen
332 1687 1208 1736 Südamerika, die Türkei, Norwegen. Sie
1222 1708 2093 1771 und weitergegeben, es ist ein bezaubernder
1166 1730 1208 1758 #.
308 1735 1207 1781 hatten-zum Teil den Film „blind gekauft“
1208 1736 2098 1794 Rhythmus von Leharscher Süße. Gegen
308 1774 1208 1830 und sie haben es, wie sie sagen, nicht zu
1209 1790 2098 1848 Ende des Films singt es dann endlich die
325 1802 1209 1874 bereuen gehabt. Da war aus Deutschland
1208 1829 2088 1890 Wessely, sie singt wie eine Frau, deren ur¬
333 1855 1206 1926 Präsident Engl des „Neuen Deutschen
1214 1866 2099 1921 eigentliches Element nicht Gesang ist, aber
333 1898 1217 1950 Lichtspielsyndikats“, das den Film bereits
1211 1921 2095 1983 sie singt es mit Empfindung und Innigkeit
322 1950 1211 2006 gekauft hat, von der British Gaumont Prä¬
1220 1955 1533 2028 sondergleichen.
332 1987 1210 2046 sident Ostrer, der Besitzer der großen
333 2040 1200 2095 Londoner Zeitung „Telegraph“ Direktor
1248 2020 2094 2103 In dem kleinen Vorführungsraum sitzen
330 2078 1199 2127 Henkel von der Tobis-Sascha aus Paris,
1217 2061 2102 2152 Otto Treßler, Hilde Wagener und die beiden
329 2125 1218 2181 Direktor van Tynhoven aus Holland,
1212 2125 2088 2188 Jungen, Hans-Jürgen Treßler und Wolf¬
332 2164 1202 2239 Firmen aus Jugoslawien, aus der Tschecho¬
1215 2172 2101 2234 Dieter Treßler und sehen sich in diesem
2377 2187 3016 2281 Volkszeitung, Vien.
328 2209 551 2280 slowakei.
1201 2205 2102 2269 Film. Otto Treßlers Augen leuchten vom
367 2230 1208 2314 Walter Reisch erscheint zum ersten Male
1218 2258 2087 2307 Stolz des Vaters. Seine Söhne haben die
328 2296 1197 2365 als Regisseur seines eigenen Films, der
1221 2298 2099 2363 erste Probe (das darf man jetzt schon sagen
2404 2295 2857 2382 31,Teb. 1937
329 2348 1211 2408 Autor am Regiepult, er setzt persönlich
1218 2344 2098 2410 ohne Kritik vorwegzunehmen) ausgezeichnet
332 2388 1201 2438 seinen Eindruck ins Optische und Akustische
1214 2386 2096 2441 bestanden. Sie sind reizend. „Aber jetzt
2560 2353 2700 2491 247
335 2429 1206 2483 um. Seine so eminent filmisch arbeitende
1218 2435 2094 2485 müssen eie erst die Matura machen“, sagt
322 2473 1211 2527 Phantasie beherrscht auch das Handwerk¬
1218 2473 2093 2530 Otto Treßler, der wieder eine ganz große
320 2516 1198 2562 liche außerordentlich. Er arbeitet fern vom
1211 2513 2097 2571 Filmrolle spielt. Freundliche Uberraschung
320 2561 1211 2625 Technisch-Konventionellen, er schafft famose
2410 2547 3231 2623 Kürzlich veranstaltete der Oester¬
1219 2563 2090 2604 auch Fried! Czepa als ein wienerisches
321 2597 1203 2656 Einstellungen, ein kompositorisch überaus
2322 2590 3221 2677 reichische Künstkerklüb einen inter¬
1218 2605 2094 2666 Mädel vom Grund, ein bisserl leichtsinnig,
334 2645 1209 2697 interessantes Ineinander von Bild und Ton,
1215 2642 2099 2707 aber gut und wirklich männlich in seiner
2327 2641 3209 2697 essanten Abend. Opernsängerin Ilona
2319 2682 3218 2748 v. Haimassy sang Arien und Lieder. Gisa
332 2686 1210 2734 das die dramatische Wirksamkeit fördert
1221 2690 2103 2764 Ruhe und Noblesse der Schauspieler Karl
1208 2729 1503 2802 Ludwig Diehl.
328 2727 1197 2787 und den Aufbau rechtfertigt. Als Autor
2324 2727 3214 2781 Kolbe zeigte als Geigerin ein ungewöhn¬
2317 2774 3214 2838 liches Können. Im Schnitzlerschen Einakter
321 2773 1220 2850 schlägt er wieder den Schnitzlerschen Ton
2329 2815 3215 2867 „Episode“ wirkten Lork Kbern und die
330 2798 1199 2875 an. Es ist ein Wiener Film, aus der Atmo¬
1247 2798 2103 2863 Die Spanung ist vorüber, Walter Reisch!
2323 2861 3218 2921 Herren Pergelt und Kennedy mit viel
322 2860 1204 2916 sphäre dieser Stadt geholt, keiner der üb¬
1211 2865 2101 2922 als Regisseur hat seinen großen Erfolg.
321 2903 1203 2963 lichen Duliöh-Filme, die Wien in einer fal¬
2318 2885 3228 2967 Begabung mit. Die Damen Eva Schwarz
1211 2911 2098 2964 Selbstverständlich, daß ihn Paula Wessely
2312 2948 3227 2994 und Marion Heinlein, beide Schületinnen
332 2953 1209 3003 schen Illumination zeigen, in einer billigen
1211 2941 2104 3004 hat. Und der ganze Film. Diese Vorführung
323 2991 1210 3046 Bekränzung. Alles lebt hier, Straßen und
1220 2994 2090 3049 war entscheidend. Die Käufer haben ge¬
2324 2988 3133 3086 von Grete Gross, glänz¬
333 3033 1208 3089 Häuser, Höfe und Gärten und vor allem die
1215 3028 2095 3099 sprochen und sie vertreten ja das Publikum.
329 3075 567 3138 Menschen.
2335 3056 3003 3120 ten als Tänzerinnen
2333 3117 3036 3185 und die Damen Stella
367 3133 1232 3230 Der Film steigt aus der Inflationszeit von
2336 3167 3147 3237 Eisner, Gusta Karna und
335 3196 1224 3260 1922, aus diesem tollen Faschingsfest der
2328 3217 3169 3293 Jenny Maria Rausnitz be¬
323 3234 1214 3318 Leidenschaften, aus der riesigen Geldüber¬
2327 3288 3230 3353 geisterten mit Liedern und
326 3282 1210 3355 schwemmung, die über die Welt kam, aus der
340 3331 1229 3385 Epoche, in der die Jazz aufbrach, um dem
2325 3336 3095 3409 heiteren Vorträgen das
340 3382 1228 3445 Walzer den Garaus zu machen. Aber auch
2317 3393 2667 3481 Publikun.
327 3406 1218 3483 in dieser Zeit lebten in Wien Menschen, die
334 3462 1218 3517 sich die Reinheit ihrer Empfindungen be¬
341 3504 1216 3556 wahrt haben. Paula Wessely spielt die
342 3547 1217 3599 Kunstgewerbeschülerin Valerie Gärtner, ein
335 3591 1223 3650 Wiener Mädel, das draußen in der Vorstadt
343 3630 1214 3693 wohnt, für ihre Kunst lebt, die kleinen Ver¬
329 3659 1228 3737 hältnisse gar nicht als klein empfinden
335 3712 1220 3781 würde, wenn die Familie nicht eines Tages
342 3770 1217 3822 durch den Krach einer großen Wiener Bank
338 3812 1222 3849 alles verloren hätte. Und so muß sie sich
332 3845 1222 3892 damit vertraut machen den Kampf mit dem
334 3884 1227 3952 Leben aufzunehmen. Paula Wessely spielt
335 3924 1224 3997 die tapfere kleine Gärtner, wie eben Paula
337 3979 1215 4025 Wessely ein solches Wesen aus der Tiefe
332 4021 1225 4094 eines einfachen Herzens spielt, das nach
493 4071 634 4119 K
