<?xml version="1.0" encoding="UTF-8" standalone="yes"?>
<PcGts xmlns="http://schema.primaresearch.org/PAGE/gts/pagecontent/2013-07-15" xmlns:xsi="http://www.w3.org/2001/XMLSchema-instance" xsi:schemaLocation="http://schema.primaresearch.org/PAGE/gts/pagecontent/2013-07-15 http://schema.primaresearch.org/PAGE/gts/pagecontent/2013-07-15/pagecontent.xsd">
    <Metadata>
        <Creator>prov=University of Rostock/Institute of Mathematics/CITlab/Gundram Leifert/gundram.leifert@uni-rostock.de:name=ONB_Newseye_GT_M1+(htr_id=10810)::::v=2.4.2
prov=University of Rostock/Institute of Mathematics/CITlab/Tobias Gruening/tobias.gruening@uni-rostock.de:name=de.uros.citlab.module.baseline2polygon.B2PSeamMultiOriented:v=2.4.2
prov=University of Rostock/Institute of Mathematics/CITlab/Tobias Gruening/tobias.gruening@uni-rostock.de:name=/mnt/transkribus/LA/DEA/URO/LA_news_onb_att.pb:de.uros.citlab.segmentation.CITlab_LA_ML:v=2.4.2
Transkribus</Creator>
        <Created>2019-10-07T13:53:26.008+02:00</Created>
        <LastChange>2019-10-09T00:08:39.622+02:00</LastChange>
        <TranskribusMetadata docId="224115" pageId="9510902" pageNr="1" tsid="16617085" status="IN_PROGRESS" userId="40391" imgUrl="https://files.transkribus.eu/Get?id=HISBLWHNVNWRFPPIDTDVMDTZ&amp;fileType=view" xmlUrl="https://files.transkribus.eu/Get?id=PGKKUVZGILXQKGBRNCFXLHRY" imageId="6199426"/>
    </Metadata>
    <Page imageFilename="224115_0001.jpeg" imageWidth="3344" imageHeight="4352">
        <ReadingOrder>
            <OrderedGroup id="ro_1711444029824" caption="Regions reading order">
                <RegionRefIndexed index="0" regionRef="r1"/>
                <RegionRefIndexed index="1" regionRef="r2"/>
                <RegionRefIndexed index="2" regionRef="r3"/>
            </OrderedGroup>
        </ReadingOrder>
        <TextRegion orientation="0.0" id="r1" custom="readingOrder {index:0;}">
            <Coords points="122,278 122,3477 1287,3477 1287,278"/>
            <TextLine id="r1l1" custom="readingOrder {index:0;}">
                <Coords points="780,313 818,314 829,308 838,315 854,315 856,267 844,268 838,265 834,268 820,256 808,257 801,252 782,256"/>
                <Baseline points="787,304 817,306 847,306"/>
                <TextEquiv>
                    <Unicode>NC</Unicode>
                </TextEquiv>
            </TextLine>
            <TextLine id="r1l2" custom="readingOrder {index:1;}">
                <Coords points="114,314 1083,351 1295,317 780,313 704,259 351,243 260,295 115,246"/>
                <Baseline points="122,298 180,303 238,308 296,312 355,315 413,318 471,320 529,321 588,322 646,323 704,324 762,324 821,324 879,324 937,324 995,324 1054,324 1112,325 1170,326 1228,327 1287,328"/>
                <TextEquiv>
                    <Unicode>17. Viennese</Unicode>
                </TextEquiv>
            </TextLine>
            <TextLine id="r1l3" custom="readingOrder {index:2;}">
                <Coords points="262,1265 315,1260 417,1283 467,1268 589,1272 619,1286 700,1266 700,1246 673,1232 599,1220 490,1210 425,1225 382,1211 339,1230 297,1210 264,1218"/>
                <Baseline points="270,1254 296,1255 322,1256 349,1257 375,1258 402,1259 428,1259 455,1260 481,1261 507,1261 534,1262 560,1263 587,1263 613,1263 640,1264 666,1264 693,1264"/>
                <TextEquiv>
                    <Unicode>Post dazette</Unicode>
                </TextEquiv>
            </TextLine>
            <TextLine id="r1l4" custom="readingOrder {index:3;}">
                <Coords points="267,1319 382,1314 559,1340 666,1327 693,1341 726,1325 727,1306 675,1278 513,1286 451,1270 408,1286 371,1267 341,1279 269,1264"/>
                <Baseline points="274,1307 300,1308 326,1308 352,1309 378,1311 404,1312 430,1313 456,1315 482,1316 509,1318 535,1319 561,1320 587,1321 613,1322 639,1322 665,1323 691,1322 718,1322"/>
                <TextEquiv>
                    <Unicode>Pittsburgh Pa</Unicode>
                </TextEquiv>
            </TextLine>
            <TextLine id="r1l5" custom="readingOrder {index:4;}">
                <Coords points="422,1385 513,1390 546,1376 593,1392 658,1377 688,1397 752,1403 754,1332 722,1323 693,1342 622,1333 607,1345 585,1334 535,1342 512,1324 465,1343 445,1331 423,1336"/>
                <Baseline points="430,1370 456,1371 482,1372 509,1373 535,1373 561,1374 588,1376 614,1377 640,1377 667,1378 693,1379 719,1379 746,1379"/>
                <TextEquiv>
                    <Unicode>Cet 17-31</Unicode>
                </TextEquiv>
            </TextLine>
            <TextLine id="r1l6" custom="readingOrder {index:5;}">
                <Coords points="333,1431 822,1443 979,1477 981,1402 935,1393 702,1413 334,1394"/>
                <Baseline points="340,1429 371,1429 403,1430 434,1430 466,1431 498,1432 529,1433 561,1434 593,1435 624,1436 656,1437 688,1439 719,1440 751,1441 783,1442 814,1443 846,1444 878,1445 909,1445 941,1446 973,1446"/>
                <TextEquiv>
                    <Unicode>WViennese Novelettes,“ by Arthur</Unicode>
                </TextEquiv>
            </TextLine>
            <TextLine id="r1l7" custom="readingOrder {index:6;}">
                <Coords points="330,1465 420,1487 768,1494 896,1489 897,1468 823,1443 531,1452 331,1430"/>
                <Baseline points="337,1466 364,1468 392,1468 419,1469 447,1470 475,1471 502,1472 530,1473 558,1474 585,1474 613,1475 641,1475 668,1476 696,1477 724,1477 751,1478 779,1478 807,1479 834,1479 862,1480 890,1480"/>
                <TextEquiv>
                    <Unicode>Schnitzler—Simon &amp; Schuster.</Unicode>
                </TextEquiv>
            </TextLine>
            <TextLine id="r1l8" custom="readingOrder {index:7;}">
                <Coords points="338,1516 950,1527 985,1509 986,1479 867,1495 339,1474"/>
                <Baseline points="345,1500 376,1502 408,1504 439,1505 471,1506 503,1507 534,1509 566,1510 597,1511 629,1511 661,1512 692,1513 724,1513 755,1514 787,1514 819,1515 850,1515 882,1516 913,1517 945,1517 977,1518"/>
                <TextEquiv>
                    <Unicode>These are the shorter works which</Unicode>
                </TextEquiv>
            </TextLine>
            <TextLine id="r1l9" custom="readingOrder {index:8;}">
                <Coords points="293,1559 971,1569 980,1525 294,1526"/>
                <Baseline points="300,1542 333,1543 367,1543 400,1544 434,1545 468,1546 501,1546 535,1548 568,1549 602,1550 636,1551 669,1551 703,1553 736,1553 770,1554 804,1555 837,1555 871,1555 904,1555 938,1555 972,1555"/>
                <TextEquiv>
                    <Unicode>made the great Viennese author fa¬</Unicode>
                </TextEquiv>
            </TextLine>
            <TextLine id="r1l10" custom="readingOrder {index:9;}">
                <Coords points="295,1586 654,1611 984,1591 945,1561 295,1553"/>
                <Baseline points="302,1578 335,1580 369,1582 403,1583 436,1584 470,1585 504,1586 537,1587 571,1588 605,1589 639,1589 672,1590 706,1590 740,1591 773,1591 807,1592 841,1592 874,1592 908,1592 942,1593 976,1593"/>
                <TextEquiv>
                    <Unicode>mous even before he was known as</Unicode>
                </TextEquiv>
            </TextLine>
            <TextLine id="r1l11" custom="readingOrder {index:10;}">
                <Coords points="296,1621 496,1639 649,1617 778,1640 844,1619 969,1642 970,1600 297,1586"/>
                <Baseline points="304,1617 336,1619 369,1620 402,1621 435,1622 468,1622 501,1624 534,1624 567,1625 600,1626 633,1627 665,1628 698,1628 731,1629 764,1629 797,1629 830,1629 863,1630 896,1630 929,1629 962,1629"/>
                <TextEquiv>
                    <Unicode>a playwright and novelist. Day¬</Unicode>
                </TextEquiv>
            </TextLine>
            <TextLine id="r1l12" custom="readingOrder {index:11;}">
                <Coords points="297,1657 926,1683 977,1678 979,1628 818,1644 298,1622"/>
                <Baseline points="304,1655 337,1656 370,1657 403,1658 437,1660 470,1660 503,1661 537,1662 570,1663 603,1663 637,1664 670,1665 703,1665 736,1666 770,1667 803,1668 836,1668 870,1669 903,1669 936,1669 970,1670"/>
                <TextEquiv>
                    <Unicode>break,“ a marvelous gambling story,</Unicode>
                </TextEquiv>
            </TextLine>
            <TextLine id="r1l13" custom="readingOrder {index:12;}">
                <Coords points="295,1706 940,1724 964,1719 965,1682 296,1661"/>
                <Baseline points="302,1695 334,1696 367,1697 400,1697 432,1698 465,1699 498,1699 530,1700 563,1701 596,1702 629,1703 661,1703 694,1704 727,1704 759,1705 792,1706 825,1707 857,1707 890,1708 923,1708 956,1708"/>
                <TextEquiv>
                    <Unicode>heads the list, with Fraulein Else,“</Unicode>
                </TextEquiv>
            </TextLine>
            <TextLine id="r1l14" custom="readingOrder {index:13;}">
                <Coords points="296,1735 886,1756 959,1750 960,1721 297,1702"/>
                <Baseline points="304,1731 336,1733 368,1733 401,1735 433,1735 466,1737 498,1737 530,1738 563,1739 595,1740 628,1740 660,1741 692,1741 725,1742 757,1742 790,1743 822,1744 854,1744 887,1744 919,1745 952,1745"/>
                <TextEquiv>
                    <Unicode>one of the first "stream of conscious¬</Unicode>
                </TextEquiv>
            </TextLine>
            <TextLine id="r1l15" custom="readingOrder {index:14;}">
                <Coords points="289,1777 420,1763 666,1792 779,1773 819,1794 856,1775 936,1797 975,1781 977,1731 815,1759 290,1735"/>
                <Baseline points="296,1767 329,1768 363,1770 396,1772 430,1773 464,1775 497,1776 531,1777 564,1778 598,1779 632,1779 665,1780 699,1780 732,1781 766,1782 800,1782 833,1783 867,1783 900,1784 934,1784 968,1784"/>
                <TextEquiv>
                    <Unicode>ness’ stories, published in 1924,</Unicode>
                </TextEquiv>
            </TextLine>
            <TextLine id="r1l16" custom="readingOrder {index:15;}">
                <Coords points="294,1809 620,1827 781,1810 804,1831 861,1815 974,1834 975,1781 936,1798 295,1770"/>
                <Baseline points="301,1799 334,1803 367,1806 400,1808 434,1811 467,1812 500,1814 534,1815 567,1816 600,1816 634,1816 667,1817 700,1817 733,1817 767,1817 800,1818 833,1818 867,1818 900,1819 933,1820 967,1821"/>
                <TextEquiv>
                    <Unicode>None But the Brave,“ and the</Unicode>
                </TextEquiv>
            </TextLine>
            <TextLine id="r1l17" custom="readingOrder {index:16;}">
                <Coords points="298,1840 368,1863 531,1843 615,1868 660,1848 736,1869 968,1859 955,1819 837,1836 298,1805"/>
                <Baseline points="305,1841 337,1843 370,1845 403,1847 436,1849 469,1851 501,1853 534,1853 567,1854 600,1855 633,1855 665,1855 698,1856 731,1856 764,1856 796,1856 829,1856 862,1856 895,1856 928,1856 961,1856"/>
                <TextEquiv>
                    <Unicode>Rhapsody,“ (1926) introducing the</Unicode>
                </TextEquiv>
            </TextLine>
            <TextLine id="r1l18" custom="readingOrder {index:17;}">
                <Coords points="293,1899 946,1905 969,1902 970,1861 671,1871 294,1841"/>
                <Baseline points="301,1881 334,1882 367,1883 400,1884 433,1885 466,1886 499,1887 532,1888 565,1888 598,1889 631,1890 664,1891 697,1891 730,1892 763,1893 796,1893 829,1894 862,1894 895,1895 928,1895 962,1896"/>
                <TextEquiv>
                    <Unicode>Freudian theory of dreaming and</Unicode>
                </TextEquiv>
            </TextLine>
            <TextLine id="r1l19" custom="readingOrder {index:18;}">
                <Coords points="291,1939 322,1923 925,1944 967,1932 968,1901 291,1901"/>
                <Baseline points="298,1919 331,1920 364,1921 397,1922 430,1922 463,1923 496,1924 529,1925 562,1926 595,1926 629,1927 662,1928 695,1928 728,1929 761,1929 794,1930 827,1931 860,1931 893,1931 926,1932 960,1932"/>
                <TextEquiv>
                    <Unicode>waking, which is further worked out</Unicode>
                </TextEquiv>
            </TextLine>
            <TextLine id="r1l20" custom="readingOrder {index:19;}">
                <Coords points="286,1958 963,1984 964,1937 287,1933"/>
                <Baseline points="294,1957 327,1957 360,1957 393,1957 426,1958 459,1959 492,1960 525,1961 558,1963 591,1964 625,1965 658,1966 691,1967 724,1969 757,1970 790,1970 823,1970 856,1970 889,1970 922,1969 956,1968"/>
                <TextEquiv>
                    <Unicode>inBeatrice.“ All and any of these</Unicode>
                </TextEquiv>
            </TextLine>
            <TextLine id="r1l21" custom="readingOrder {index:20;}">
                <Coords points="294,2002 698,2008 728,2025 959,2003 959,1986 848,1973 295,1971"/>
                <Baseline points="302,1995 334,1996 367,1997 399,1998 432,1998 464,1999 497,2000 529,2001 562,2002 594,2003 627,2003 659,2004 692,2005 724,2005 757,2006 789,2006 822,2007 854,2007 887,2007 919,2007 952,2007"/>
                <TextEquiv>
                    <Unicode>exquisitely written stories are worth</Unicode>
                </TextEquiv>
            </TextLine>
            <TextLine id="r1l22" custom="readingOrder {index:21;}">
                <Coords points="287,2034 613,2055 657,2031 734,2061 916,2061 972,2042 973,2018 288,2007"/>
                <Baseline points="295,2034 328,2034 361,2034 395,2035 428,2035 462,2036 495,2037 529,2038 562,2039 596,2040 629,2042 662,2043 696,2044 729,2045 763,2046 796,2046 830,2047 863,2047 897,2047 930,2046 964,2046"/>
                <TextEquiv>
                    <Unicode>reading separately. To have them</Unicode>
                </TextEquiv>
            </TextLine>
            <TextLine id="r1l23" custom="readingOrder {index:22;}">
                <Coords points="294,2086 686,2083 725,2109 958,2097 959,2050 295,2041"/>
                <Baseline points="302,2069 334,2070 366,2071 399,2073 431,2074 464,2075 496,2076 529,2078 561,2079 594,2080 626,2081 658,2082 691,2082 723,2083 756,2083 788,2084 821,2084 853,2084 886,2083 918,2083 951,2082"/>
                <TextEquiv>
                    <Unicode>compiled in one volume is a rare</Unicode>
                </TextEquiv>
            </TextLine>
            <TextLine id="r1l24" custom="readingOrder {index:23;}">
                <Coords points="276,2140 320,2145 327,2138 401,2136 408,2144 493,2144 500,2136 529,2137 528,2083 463,2080 454,2089 431,2089 409,2079 361,2089 311,2081 275,2089"/>
                <Baseline points="282,2115 308,2114 335,2113 362,2112 388,2111 415,2110 442,2110 468,2110 495,2111 522,2113"/>
                <TextEquiv>
                    <Unicode>opportunity.</Unicode>
                </TextEquiv>
            </TextLine>
            <TextLine id="r1l25" custom="readingOrder {index:24;}">
                <Coords points="265,2475 354,2471 404,2498 652,2483 886,2505 919,2500 921,2452 807,2436 732,2452 630,2427 542,2445 266,2431"/>
                <Baseline points="272,2464 305,2466 339,2468 372,2469 406,2471 440,2472 473,2474 507,2475 541,2476 574,2478 608,2479 641,2480 675,2481 709,2482 742,2484 776,2485 810,2487 843,2489 877,2490 911,2492"/>
                <TextEquiv>
                    <Unicode>N Y Herald-Tribune</Unicode>
                </TextEquiv>
            </TextLine>
            <TextLine id="r1l26" custom="readingOrder {index:25;}">
                <Coords points="342,2578 386,2593 517,2575 558,2592 597,2572 658,2582 701,2571 727,2583 727,2517 693,2506 612,2510 581,2529 542,2506 470,2509 443,2527 403,2505 342,2513"/>
                <Baseline points="349,2571 375,2572 401,2572 428,2573 454,2574 481,2574 507,2575 534,2575 560,2575 586,2574 613,2574 639,2573 666,2572 692,2570 719,2568"/>
                <TextEquiv>
                    <Unicode>00T 23 193</Unicode>
                </TextEquiv>
            </TextLine>
            <TextLine id="r1l27" custom="readingOrder {index:26;}">
                <Coords points="482,2693 848,2706 880,2689 907,2696 908,2628 482,2632"/>
                <Baseline points="489,2686 514,2687 540,2688 566,2689 591,2689 617,2690 643,2690 668,2690 694,2690 720,2690 745,2690 771,2690 797,2690 822,2690 848,2690 874,2691 900,2691"/>
                <TextEquiv>
                    <Unicode>Arthur Schnitzler</Unicode>
                </TextEquiv>
            </TextLine>
            <TextLine id="r1l28" custom="readingOrder {index:27;}">
                <Coords points="233,2716 1263,2763 1263,2735 1150,2699 646,2711 314,2669 233,2699"/>
                <Baseline points="240,2718 290,2721 341,2723 392,2725 443,2726 494,2728 544,2728 595,2729 646,2730 697,2731 748,2731 798,2732 849,2732 900,2733 951,2734 1002,2735 1052,2737 1103,2738 1154,2741 1205,2743 1256,2746"/>
                <TextEquiv>
                    <Unicode>Bold spirits say that Schnitzler, like Shaw and Ibsen,</Unicode>
                </TextEquiv>
            </TextLine>
            <TextLine id="r1l29" custom="readingOrder {index:28;}">
                <Coords points="211,2766 331,2799 503,2772 1084,2809 1267,2788 1268,2758 211,2738"/>
                <Baseline points="218,2763 270,2765 322,2767 374,2768 426,2770 478,2771 530,2772 582,2773 634,2774 686,2775 739,2777 791,2778 843,2779 895,2780 947,2781 999,2782 1051,2783 1103,2784 1155,2785 1207,2787 1260,2788"/>
                <TextEquiv>
                    <Unicode>already “dates.“ Some of his work does. Of course. But</Unicode>
                </TextEquiv>
            </TextLine>
            <TextLine id="r1l30" custom="readingOrder {index:29;}">
                <Coords points="209,2823 1262,2853 1264,2791 1065,2818 994,2784 426,2775 326,2804 210,2768"/>
                <Baseline points="217,2812 271,2814 326,2816 381,2817 435,2819 490,2820 545,2821 599,2822 654,2823 709,2824 763,2825 818,2825 873,2826 927,2827 982,2828 1037,2829 1091,2830 1146,2831 1201,2833 1256,2835"/>
                <TextEquiv>
                    <Unicode>some of it dates in a surprising fashion. Simon</Unicode>
                </TextEquiv>
            </TextLine>
            <TextLine id="r1l31" custom="readingOrder {index:30;}">
                <Coords points="207,2867 1176,2896 1263,2888 1264,2851 208,2823"/>
                <Baseline points="215,2858 267,2860 319,2862 371,2863 423,2865 475,2866 527,2867 579,2868 631,2869 683,2869 736,2870 788,2871 840,2871 892,2872 944,2872 996,2873 1048,2874 1100,2875 1152,2877 1204,2878 1257,2880"/>
                <TextEquiv>
                    <Unicode>Schuster published last spring Viennese Novelettes,“ a</Unicode>
                </TextEquiv>
            </TextLine>
            <TextLine id="r1l32" custom="readingOrder {index:31;}">
                <Coords points="215,2917 941,2916 1169,2951 1257,2926 1258,2889 216,2875"/>
                <Baseline points="223,2904 274,2906 325,2907 377,2908 428,2909 479,2910 531,2912 582,2913 633,2913 685,2914 736,2915 787,2916 839,2917 890,2918 941,2919 993,2920 1044,2921 1095,2923 1147,2924 1198,2926 1250,2927"/>
                <TextEquiv>
                    <Unicode>volume of Schnitzler short stories, one written as early</Unicode>
                </TextEquiv>
            </TextLine>
            <TextLine id="r1l33" custom="readingOrder {index:32;}">
                <Coords points="209,2959 1254,2995 1264,2912 1169,2952 210,2915"/>
                <Baseline points="217,2952 268,2952 320,2953 372,2954 424,2955 476,2956 528,2957 580,2958 632,2960 684,2961 736,2962 787,2963 839,2965 891,2966 943,2968 995,2969 1047,2970 1099,2971 1151,2973 1203,2973 1255,2974"/>
                <TextEquiv>
                    <Unicode>as 1901, one as late as 1927. And the earliest is an</Unicode>
                </TextEquiv>
            </TextLine>
            <TextLine id="r1l34" custom="readingOrder {index:33;}">
                <Coords points="197,3007 1250,3045 1220,2977 198,2972"/>
                <Baseline points="204,2996 256,2997 308,2998 360,2999 412,3000 464,3001 516,3002 568,3004 620,3005 672,3006 724,3008 776,3009 828,3010 880,3012 932,3013 984,3013 1036,3015 1088,3015 1140,3016 1192,3016 1244,3016"/>
                <TextEquiv>
                    <Unicode>astonishing forerunner of that “stream-of-consciousness“</Unicode>
                </TextEquiv>
            </TextLine>
            <TextLine id="r1l35" custom="readingOrder {index:34;}">
                <Coords points="203,3058 1257,3090 1258,3047 204,3012"/>
                <Baseline points="211,3042 265,3044 320,3045 375,3046 429,3047 484,3048 539,3049 593,3050 648,3051 703,3052 757,3053 812,3054 867,3055 921,3056 976,3057 1031,3059 1085,3060 1140,3062 1195,3064 1250,3066"/>
                <TextEquiv>
                    <Unicode>manner of writing fiction which English and American</Unicode>
                </TextEquiv>
            </TextLine>
            <TextLine id="r1l36" custom="readingOrder {index:35;}">
                <Coords points="207,3111 1189,3132 1242,3117 1243,3077 208,3060"/>
                <Baseline points="215,3088 266,3089 317,3090 368,3092 419,3093 470,3094 521,3095 572,3096 623,3097 674,3098 725,3099 776,3100 827,3101 878,3102 929,3103 980,3104 1031,3105 1082,3106 1133,3108 1184,3109 1235,3111"/>
                <TextEquiv>
                    <Unicode>writers so noisily discovered years later. Otto Schin¬</Unicode>
                </TextEquiv>
            </TextLine>
            <TextLine id="r1l37" custom="readingOrder {index:36;}">
                <Coords points="201,3137 1169,3178 1250,3167 1252,3120 202,3110"/>
                <Baseline points="209,3136 260,3136 312,3137 364,3137 416,3138 467,3138 519,3139 571,3140 623,3141 674,3142 726,3144 778,3145 830,3146 881,3147 933,3149 985,3151 1037,3152 1088,3153 1140,3155 1192,3156 1244,3158"/>
                <TextEquiv>
                    <Unicode>nerer's introduction to Viennese Novelettes’ will suggest</Unicode>
                </TextEquiv>
            </TextLine>
            <TextLine id="r1l38" custom="readingOrder {index:37;}">
                <Coords points="197,3193 1266,3220 1268,3159 198,3139"/>
                <Baseline points="204,3183 256,3183 309,3183 362,3184 415,3184 468,3185 520,3186 573,3187 626,3188 679,3189 732,3190 784,3191 837,3193 890,3194 943,3196 996,3198 1048,3200 1101,3202 1154,3203 1207,3205 1260,3207"/>
                <TextEquiv>
                    <Unicode>sidelights to those who, reading of Schnitzler’s death,</Unicode>
                </TextEquiv>
            </TextLine>
            <TextLine id="r1l39" custom="readingOrder {index:38;}">
                <Coords points="203,3242 1250,3256 1233,3217 1003,3204 204,3202"/>
                <Baseline points="211,3229 262,3229 314,3229 365,3230 417,3230 468,3231 520,3232 571,3233 623,3234 674,3236 726,3237 778,3239 829,3240 881,3242 932,3244 984,3245 1035,3247 1087,3248 1138,3249 1190,3250 1242,3251"/>
                <TextEquiv>
                    <Unicode>attempt to reassess his writing. He was, we often forget,</Unicode>
                </TextEquiv>
            </TextLine>
            <TextLine id="r1l40" custom="readingOrder {index:39;}">
                <Coords points="203,3285 1257,3306 1258,3253 204,3250"/>
                <Baseline points="211,3275 262,3275 314,3275 366,3275 418,3276 470,3277 522,3278 574,3280 626,3281 678,3283 730,3285 781,3286 833,3288 885,3289 937,3291 989,3292 1041,3293 1093,3294 1145,3295 1197,3296 1249,3296"/>
                <TextEquiv>
                    <Unicode>a doctor before he became a man of letters; and a Jew</Unicode>
                </TextEquiv>
            </TextLine>
            <TextLine id="r1l41" custom="readingOrder {index:40;}">
                <Coords points="203,3319 1250,3363 1251,3328 1170,3307 204,3285"/>
                <Baseline points="211,3322 262,3321 314,3321 365,3322 417,3322 469,3323 520,3325 572,3326 624,3327 675,3329 727,3330 779,3332 830,3334 882,3335 934,3337 985,3338 1037,3339 1089,3340 1140,3341 1192,3342 1244,3342"/>
                <TextEquiv>
                    <Unicode>in that anti-Semitic Vienna of pre-war days in which</Unicode>
                </TextEquiv>
            </TextLine>
            <TextLine id="r1l42" custom="readingOrder {index:41;}">
                <Coords points="194,3368 1247,3409 1257,3363 194,3339"/>
                <Baseline points="201,3368 253,3368 305,3368 358,3368 410,3369 462,3369 515,3371 567,3372 619,3373 672,3375 724,3376 776,3378 829,3380 881,3382 933,3384 986,3386 1038,3388 1090,3389 1143,3391 1195,3393 1248,3395"/>
                <TextEquiv>
                    <Unicode>so many Jewish world geniuses found expression—Freud,</Unicode>
                </TextEquiv>
            </TextLine>
            <TextLine id="r1l43" custom="readingOrder {index:42;}">
                <Coords points="201,3424 1174,3462 1251,3430 1093,3389 202,3383"/>
                <Baseline points="209,3412 260,3413 312,3414 364,3415 415,3417 467,3418 519,3419 570,3420 622,3421 674,3422 726,3424 777,3424 829,3426 881,3427 932,3429 984,3430 1036,3432 1087,3433 1139,3435 1191,3437 1243,3439"/>
                <TextEquiv>
                    <Unicode>Felix Salten, Hugo von Hofmannsthal and Jacob Wasser¬</Unicode>
                </TextEquiv>
            </TextLine>
            <TextLine id="r1l44" custom="readingOrder {index:43;}">
                <Coords points="192,3483 598,3488 598,3442 559,3435 415,3442 375,3430 337,3444 298,3429 238,3436 218,3419 193,3431"/>
                <Baseline points="200,3463 226,3463 252,3463 278,3463 304,3464 330,3464 356,3464 382,3465 408,3466 434,3466 460,3467 486,3467 512,3467 538,3467 564,3466 590,3466"/>
                <TextEquiv>
                    <Unicode>mann among them.</Unicode>
                </TextEquiv>
            </TextLine>
            <TextEquiv>
                <Unicode>NC
17. Viennese
Post dazette
Pittsburgh Pa
Cet 17-31
WViennese Novelettes,“ by Arthur
Schnitzler—Simon &amp; Schuster.
These are the shorter works which
made the great Viennese author fa¬
mous even before he was known as
a playwright and novelist. Day¬
break,“ a marvelous gambling story,
heads the list, with Fraulein Else,“
one of the first "stream of conscious¬
ness’ stories, published in 1924,
None But the Brave,“ and the
Rhapsody,“ (1926) introducing the
Freudian theory of dreaming and
waking, which is further worked out
inBeatrice.“ All and any of these
exquisitely written stories are worth
reading separately. To have them
compiled in one volume is a rare
opportunity.
N Y Herald-Tribune
00T 23 193
Arthur Schnitzler
Bold spirits say that Schnitzler, like Shaw and Ibsen,
already “dates.“ Some of his work does. Of course. But
some of it dates in a surprising fashion. Simon
Schuster published last spring Viennese Novelettes,“ a
volume of Schnitzler short stories, one written as early
as 1901, one as late as 1927. And the earliest is an
astonishing forerunner of that “stream-of-consciousness“
manner of writing fiction which English and American
writers so noisily discovered years later. Otto Schin¬
nerer's introduction to Viennese Novelettes’ will suggest
sidelights to those who, reading of Schnitzler’s death,
attempt to reassess his writing. He was, we often forget,
a doctor before he became a man of letters; and a Jew
in that anti-Semitic Vienna of pre-war days in which
so many Jewish world geniuses found expression—Freud,
Felix Salten, Hugo von Hofmannsthal and Jacob Wasser¬
mann among them.</Unicode>
            </TextEquiv>
        </TextRegion>
        <TextRegion orientation="0.0" id="r2" custom="readingOrder {index:1;}">
            <Coords points="1469,207 1469,366 1940,366 1940,207"/>
            <TextLine id="r2l1" custom="readingOrder {index:0;}">
                <Coords points="1462,328 1947,332 1948,266 1846,269 1825,252 1788,265 1720,243 1660,274 1500,256 1463,267"/>
                <Baseline points="1469,308 1495,307 1521,307 1547,308 1573,308 1599,309 1626,310 1652,311 1678,312 1704,313 1730,314 1756,315 1783,315 1809,316 1835,316 1861,315 1887,314 1913,313 1940,311"/>
                <TextEquiv>
                    <Unicode>box 35/11</Unicode>
                </TextEquiv>
            </TextLine>
            <TextEquiv>
                <Unicode>box 35/11</Unicode>
            </TextEquiv>
        </TextRegion>
        <TextRegion orientation="0.0" id="r3" custom="readingOrder {index:2;}">
            <Coords points="1899,561 1899,3869 3018,3869 3018,561"/>
            <TextLine id="r3l1" custom="readingOrder {index:0;}">
                <Coords points="2216,602 2658,645 2696,630 2760,640 2764,585 2650,575 2608,547 2550,567 2421,559 2406,542 2374,557 2313,533 2220,540"/>
                <Baseline points="2224,585 2250,585 2277,586 2303,587 2330,588 2356,589 2383,592 2409,594 2436,596 2462,598 2489,600 2515,603 2542,605 2568,607 2595,609 2621,611 2648,613 2674,615 2701,616 2727,617 2754,618"/>
                <TextEquiv>
                    <Unicode>ALD- ira 1. —</Unicode>
                </TextEquiv>
            </TextLine>
            <TextLine id="r3l2" custom="readingOrder {index:1;}">
                <Coords points="2243,765 2275,780 2361,763 2444,805 2523,793 2695,832 2700,778 2644,744 2564,734 2424,758 2338,722 2248,720"/>
                <Baseline points="2250,765 2275,767 2301,768 2327,771 2353,773 2379,777 2405,780 2431,784 2457,787 2482,790 2508,794 2534,797 2560,800 2586,802 2612,803 2638,805 2664,805 2690,805"/>
                <TextEquiv>
                    <Unicode>28 Sarert</Unicode>
                </TextEquiv>
            </TextLine>
            <TextLine id="r3l3" custom="readingOrder {index:2;}">
                <Coords points="2216,947 2599,952 2631,941 2632,910 2590,911 2544,878 2390,916 2325,898 2301,910 2217,907"/>
                <Baseline points="2224,936 2249,938 2274,939 2299,940 2324,941 2349,942 2374,942 2399,943 2424,944 2449,944 2474,944 2499,944 2524,944 2549,945 2574,945 2599,944 2624,944"/>
                <TextEquiv>
                    <Unicode>Arthur Schnitler</Unicode>
                </TextEquiv>
            </TextLine>
            <TextLine id="r3l4" custom="readingOrder {index:3;}">
                <Coords points="1980,962 2061,994 3025,1005 3025,966 2963,940 2791,964 1981,936"/>
                <Baseline points="1988,970 2039,973 2091,975 2142,977 2194,979 2245,981 2297,982 2348,982 2400,983 2451,984 2503,984 2554,985 2606,985 2657,986 2709,987 2760,987 2812,988 2863,990 2915,992 2966,993 3018,996"/>
                <TextEquiv>
                    <Unicode>Bold spirits say that Schnitzler, like Shaw and Ibsen</Unicode>
                </TextEquiv>
            </TextLine>
            <TextLine id="r3l5" custom="readingOrder {index:4;}">
                <Coords points="1958,1016 2806,1055 3011,1051 3012,1019 2055,994 1959,956"/>
                <Baseline points="1966,1017 2017,1019 2069,1021 2121,1023 2173,1024 2225,1025 2277,1027 2329,1028 2381,1029 2433,1030 2485,1031 2536,1031 2588,1032 2640,1033 2692,1033 2744,1034 2796,1035 2848,1036 2900,1036 2952,1037 3004,1039"/>
                <TextEquiv>
                    <Unicode>already “dates.“ Some of his work does. Of course. But</Unicode>
                </TextEquiv>
            </TextLine>
            <TextLine id="r3l6" custom="readingOrder {index:5;}">
                <Coords points="1960,1071 3000,1106 3001,1045 2450,1061 1961,1018"/>
                <Baseline points="1968,1066 2019,1068 2070,1070 2121,1071 2173,1072 2224,1073 2275,1074 2326,1075 2378,1076 2429,1076 2480,1077 2531,1077 2583,1078 2634,1078 2685,1079 2736,1080 2788,1081 2839,1081 2890,1082 2941,1084 2993,1085"/>
                <TextEquiv>
                    <Unicode>ome of it dates in a surprising fashion. Simon</Unicode>
                </TextEquiv>
            </TextLine>
            <TextLine id="r3l7" custom="readingOrder {index:6;}">
                <Coords points="1965,1128 2893,1147 3007,1122 3007,1083 1965,1071"/>
                <Baseline points="1972,1113 2023,1114 2074,1115 2126,1116 2177,1116 2229,1117 2280,1118 2331,1118 2383,1119 2434,1120 2486,1120 2537,1121 2588,1122 2640,1122 2691,1123 2743,1124 2794,1125 2845,1126 2897,1127 2948,1128 3000,1129"/>
                <TextEquiv>
                    <Unicode>Schuster published last spring Viennese Novelettes, a</Unicode>
                </TextEquiv>
            </TextLine>
            <TextLine id="r3l8" custom="readingOrder {index:7;}">
                <Coords points="1969,1157 3014,1196 3009,1114 2891,1147 1970,1115"/>
                <Baseline points="1976,1157 2027,1159 2079,1161 2130,1162 2182,1163 2233,1164 2285,1165 2336,1166 2388,1167 2439,1167 2491,1168 2542,1168 2594,1169 2645,1170 2697,1171 2748,1172 2800,1173 2851,1175 2903,1177 2954,1179 3006,1181"/>
                <TextEquiv>
                    <Unicode>wolume of Schnitzler short stories, one written as early</Unicode>
                </TextEquiv>
            </TextLine>
            <TextLine id="r3l9" custom="readingOrder {index:8;}">
                <Coords points="1964,1216 3021,1240 3021,1199 2973,1189 1965,1172"/>
                <Baseline points="1971,1204 2023,1206 2075,1207 2127,1209 2179,1210 2231,1211 2283,1212 2336,1213 2388,1214 2440,1215 2492,1216 2544,1217 2596,1218 2648,1218 2701,1220 2753,1221 2805,1222 2857,1223 2909,1224 2961,1225 3014,1227"/>
                <TextEquiv>
                    <Unicode>s 1901, one as late as 1927. And the earliest is an</Unicode>
                </TextEquiv>
            </TextLine>
            <TextLine id="r3l10" custom="readingOrder {index:9;}">
                <Coords points="1961,1266 2933,1284 2985,1236 1962,1208"/>
                <Baseline points="1969,1252 2019,1253 2069,1254 2120,1255 2170,1256 2221,1256 2271,1257 2321,1258 2372,1259 2422,1260 2473,1260 2523,1261 2573,1262 2624,1262 2674,1263 2725,1264 2775,1264 2825,1265 2876,1266 2926,1266 2977,1267"/>
                <TextEquiv>
                    <Unicode>stonishing forerunner of that “stream-of-consciousness“</Unicode>
                </TextEquiv>
            </TextLine>
            <TextLine id="r3l11" custom="readingOrder {index:10;}">
                <Coords points="1961,1322 2974,1333 3003,1266 1962,1266"/>
                <Baseline points="1968,1297 2019,1298 2070,1299 2122,1300 2173,1301 2224,1302 2276,1303 2327,1304 2378,1305 2430,1306 2481,1307 2532,1308 2584,1309 2635,1310 2686,1311 2738,1312 2789,1313 2840,1314 2892,1314 2943,1315 2995,1315"/>
                <TextEquiv>
                    <Unicode>manner of writing fiction which English and American</Unicode>
                </TextEquiv>
            </TextLine>
            <TextLine id="r3l12" custom="readingOrder {index:11;}">
                <Coords points="1954,1346 3003,1385 3004,1330 2940,1318 1955,1314"/>
                <Baseline points="1962,1344 2013,1345 2065,1345 2117,1346 2169,1347 2220,1348 2272,1348 2324,1349 2376,1350 2427,1351 2479,1352 2531,1353 2583,1354 2634,1355 2686,1355 2738,1356 2790,1356 2841,1357 2893,1357 2945,1357 2997,1357"/>
                <TextEquiv>
                    <Unicode>writers so noisily discovered years later. Otto Schin¬</Unicode>
                </TextEquiv>
            </TextLine>
            <TextLine id="r3l13" custom="readingOrder {index:12;}">
                <Coords points="1952,1391 2911,1422 2985,1413 2986,1381 1953,1359"/>
                <Baseline points="1960,1389 2013,1390 2067,1391 2120,1392 2174,1393 2228,1393 2281,1394 2335,1395 2389,1396 2442,1397 2496,1397 2549,1398 2603,1399 2657,1400 2710,1401 2764,1402 2818,1403 2871,1404 2925,1406 2979,1406"/>
                <TextEquiv>
                    <Unicode>Herer'’s introduction to Viennese Novelettes’ will suggest</Unicode>
                </TextEquiv>
            </TextLine>
            <TextLine id="r3l14" custom="readingOrder {index:13;}">
                <Coords points="1958,1441 2961,1468 2985,1423 1959,1392"/>
                <Baseline points="1966,1435 2016,1437 2067,1438 2117,1439 2168,1440 2218,1441 2269,1442 2319,1442 2370,1443 2420,1444 2471,1444 2522,1445 2572,1446 2623,1447 2673,1448 2724,1449 2774,1450 2825,1451 2875,1452 2926,1454 2977,1456"/>
                <TextEquiv>
                    <Unicode>idelights to those who, reading of Schnitzler’s death,</Unicode>
                </TextEquiv>
            </TextLine>
            <TextLine id="r3l15" custom="readingOrder {index:14;}">
                <Coords points="1959,1492 2823,1518 2982,1506 2983,1455 1960,1442"/>
                <Baseline points="1967,1483 2017,1484 2067,1484 2118,1485 2168,1486 2219,1487 2269,1488 2319,1489 2370,1489 2420,1490 2471,1491 2521,1492 2571,1493 2622,1494 2672,1494 2723,1495 2773,1496 2823,1497 2874,1498 2924,1499 2975,1500"/>
                <TextEquiv>
                    <Unicode>ttempt to reassess his writing. He was, we often forget,</Unicode>
                </TextEquiv>
            </TextLine>
            <TextLine id="r3l16" custom="readingOrder {index:15;}">
                <Coords points="1938,1538 2939,1559 2986,1555 2987,1519 2485,1519 2424,1490 1939,1519"/>
                <Baseline points="1946,1529 1997,1529 2049,1530 2100,1531 2152,1532 2204,1533 2255,1533 2307,1534 2359,1535 2410,1536 2462,1537 2514,1538 2565,1539 2617,1540 2669,1541 2720,1542 2772,1543 2824,1544 2875,1544 2927,1545 2979,1546"/>
                <TextEquiv>
                    <Unicode># doctor before he berame a man of letters; and a Jew</Unicode>
                </TextEquiv>
            </TextLine>
            <TextLine id="r3l17" custom="readingOrder {index:16;}">
                <Coords points="1969,1588 2987,1602 2976,1551 1970,1545"/>
                <Baseline points="1977,1575 2027,1576 2077,1576 2127,1576 2177,1577 2227,1578 2277,1579 2327,1579 2377,1580 2427,1581 2478,1582 2528,1582 2578,1583 2628,1585 2678,1586 2728,1587 2778,1588 2828,1589 2878,1590 2928,1591 2979,1592"/>
                <TextEquiv>
                    <Unicode>nthat anti-Semitic Vienna of pre-war days in which</Unicode>
                </TextEquiv>
            </TextLine>
            <TextLine id="r3l18" custom="readingOrder {index:17;}">
                <Coords points="1961,1642 2996,1652 2996,1607 2928,1596 1962,1585"/>
                <Baseline points="1968,1624 2019,1625 2070,1626 2121,1627 2172,1627 2223,1628 2274,1629 2325,1630 2376,1630 2427,1631 2478,1632 2529,1632 2580,1633 2631,1634 2682,1635 2733,1636 2784,1637 2835,1637 2886,1639 2937,1640 2988,1641"/>
                <TextEquiv>
                    <Unicode>omany Jewish world geniuses found expression—Freud,</Unicode>
                </TextEquiv>
            </TextLine>
            <TextLine id="r3l19" custom="readingOrder {index:18;}">
                <Coords points="1949,1692 2598,1703 2634,1676 2686,1709 2987,1710 2997,1636 1950,1640"/>
                <Baseline points="1957,1670 2008,1671 2060,1672 2111,1672 2163,1673 2215,1674 2266,1675 2318,1675 2369,1676 2421,1677 2473,1678 2524,1679 2576,1679 2627,1681 2679,1681 2731,1682 2782,1683 2834,1685 2885,1686 2937,1687 2989,1689"/>
                <TextEquiv>
                    <Unicode>Felix Salten, Hugo von Hofmannsthal and Jacob Wasser¬</Unicode>
                </TextEquiv>
            </TextLine>
            <TextLine id="r3l20" custom="readingOrder {index:19;}">
                <Coords points="1892,1761 2007,1747 2196,1763 2243,1731 2343,1746 2342,1709 2303,1690 2220,1680 2187,1694 2138,1680 2105,1695 2042,1679 1996,1692 1890,1673"/>
                <Baseline points="1899,1741 1924,1739 1950,1737 1975,1736 2001,1735 2027,1733 2052,1732 2078,1732 2104,1731 2129,1730 2155,1730 2181,1730 2206,1729 2232,1729 2258,1729 2283,1728 2309,1728 2335,1727"/>
                <TextEquiv>
                    <Unicode>Fmann among them.</Unicode>
                </TextEquiv>
            </TextLine>
            <TextLine id="r3l21" custom="readingOrder {index:20;}">
                <Coords points="2075,2071 2116,2083 2138,2072 2157,2084 2164,2076 2188,2083 2247,2066 2247,2042 2227,2038 2219,2030 2209,2035 2192,2026 2184,2032 2155,2025 2148,2030 2121,2020 2075,2036"/>
                <Baseline points="2082,2067 2108,2065 2134,2065 2161,2064 2187,2064 2213,2064 2240,2065"/>
                <TextEquiv>
                    <Unicode>News</Unicode>
                </TextEquiv>
            </TextLine>
            <TextLine id="r3l22" custom="readingOrder {index:21;}">
                <Coords points="2073,2127 2136,2145 2229,2129 2309,2147 2365,2129 2381,2142 2449,2129 2496,2140 2528,2125 2528,2097 2463,2074 2073,2091"/>
                <Baseline points="2080,2120 2105,2121 2131,2122 2157,2122 2183,2122 2209,2123 2235,2123 2261,2123 2287,2123 2312,2123 2338,2123 2364,2123 2390,2123 2416,2123 2442,2123 2468,2123 2494,2124 2520,2124"/>
                <TextEquiv>
                    <Unicode>vashington D</Unicode>
                </TextEquiv>
            </TextLine>
            <TextLine id="r3l23" custom="readingOrder {index:22;}">
                <Coords points="2298,2193 2362,2182 2381,2195 2392,2186 2416,2191 2445,2169 2497,2191 2589,2190 2604,2186 2603,2122 2569,2121 2527,2143 2479,2133 2451,2142 2429,2131 2384,2144 2354,2134 2297,2144"/>
                <Baseline points="2305,2180 2331,2180 2358,2180 2384,2179 2411,2179 2437,2178 2464,2176 2490,2176 2517,2175 2543,2176 2570,2176 2597,2179"/>
                <TextEquiv>
                    <Unicode>Nov 7-31</Unicode>
                </TextEquiv>
            </TextLine>
            <TextLine id="r3l24" custom="readingOrder {index:23;}">
                <Coords points="2442,2224 2452,2226 2467,2217 2472,2223 2478,2224 2484,2193 2478,2191 2472,2193 2462,2184 2459,2178 2452,2177"/>
                <Baseline points="2451,2215 2471,2219"/>
                <TextEquiv>
                    <Unicode>*</Unicode>
                </TextEquiv>
            </TextLine>
            <TextLine id="r3l25" custom="readingOrder {index:24;}">
                <Coords points="2022,2284 2417,2274 2515,2302 2672,2270 2727,2302 2755,2286 2754,2235 2406,2221 2348,2241 2289,2221 2250,2242 2189,2222 2021,2246"/>
                <Baseline points="2029,2275 2066,2275 2104,2276 2142,2276 2180,2276 2218,2276 2256,2275 2293,2274 2331,2274 2369,2273 2407,2272 2445,2271 2483,2270 2520,2270 2558,2269 2596,2269 2634,2269 2672,2270 2710,2271 2748,2273"/>
                <TextEquiv>
                    <Unicode>Modern Continental Playwrights, by</Unicode>
                </TextEquiv>
            </TextLine>
            <TextLine id="r3l26" custom="readingOrder {index:25;}">
                <Coords points="2072,2318 2195,2328 2272,2312 2339,2327 2362,2312 2402,2320 2470,2305 2469,2289 2421,2274 2334,2288 2294,2276 2277,2291 2247,2277 2071,2287"/>
                <Baseline points="2079,2315 2104,2315 2130,2314 2155,2314 2181,2314 2207,2313 2232,2312 2258,2312 2283,2311 2309,2310 2335,2310 2360,2309 2386,2308 2411,2308 2437,2307 2463,2306"/>
                <TextEquiv>
                    <Unicode>Frank W. Chandler.</Unicode>
                </TextEquiv>
            </TextLine>
            <TextLine id="r3l27" custom="readingOrder {index:26;}">
                <Coords points="2066,2365 2711,2349 2751,2312 2488,2292 2400,2322 2065,2329"/>
                <Baseline points="2073,2352 2106,2352 2140,2351 2173,2351 2207,2350 2240,2350 2274,2348 2307,2348 2341,2347 2374,2346 2408,2345 2442,2344 2475,2343 2509,2342 2542,2341 2576,2340 2609,2340 2643,2339 2676,2338 2710,2337 2744,2337"/>
                <TextEquiv>
                    <Unicode>Long before the Wérld War in¬</Unicode>
                </TextEquiv>
            </TextLine>
            <TextLine id="r3l28" custom="readingOrder {index:27;}">
                <Coords points="2036,2394 2746,2378 2693,2344 2036,2364"/>
                <Baseline points="2043,2390 2077,2390 2112,2390 2147,2390 2182,2390 2217,2390 2251,2390 2286,2389 2321,2389 2356,2388 2391,2387 2425,2386 2460,2385 2495,2384 2530,2383 2565,2382 2599,2381 2634,2380 2669,2379 2704,2378 2739,2377"/>
                <TextEquiv>
                    <Unicode>ternational politics and finance, thei</Unicode>
                </TextEquiv>
            </TextLine>
            <TextLine id="r3l29" custom="readingOrder {index:28;}">
                <Coords points="2031,2434 2600,2437 2738,2413 2717,2383 2030,2397"/>
                <Baseline points="2039,2431 2073,2430 2108,2430 2142,2429 2177,2429 2212,2428 2246,2428 2281,2427 2315,2426 2350,2426 2385,2425 2419,2424 2454,2423 2488,2422 2523,2420 2558,2420 2592,2418 2627,2417 2661,2415 2696,2413 2731,2412"/>
                <TextEquiv>
                    <Unicode>drama had enjoyed wotldswide inter¬</Unicode>
                </TextEquiv>
            </TextLine>
            <TextLine id="r3l30" custom="readingOrder {index:29;}">
                <Coords points="2036,2488 2747,2449 2618,2420 2252,2429 2207,2449 2035,2434"/>
                <Baseline points="2043,2470 2077,2469 2112,2468 2147,2467 2182,2466 2217,2466 2251,2466 2286,2465 2321,2465 2356,2464 2391,2464 2425,2463 2460,2462 2495,2461 2530,2460 2565,2459 2599,2457 2634,2455 2669,2453 2704,2451 2739,2448"/>
                <TextEquiv>
                    <Unicode>change of art and artists. Conse¬</Unicode>
                </TextEquiv>
            </TextLine>
            <TextLine id="r3l31" custom="readingOrder {index:30;}">
                <Coords points="2046,2511 2743,2499 2741,2452 2694,2472 2268,2482 2045,2468"/>
                <Baseline points="2053,2508 2087,2508 2121,2506 2155,2506 2189,2505 2223,2505 2257,2504 2291,2503 2325,2503 2359,2503 2394,2502 2428,2502 2462,2501 2496,2500 2530,2499 2564,2498 2598,2497 2632,2496 2666,2494 2700,2493 2735,2490"/>
                <TextEquiv>
                    <Unicode>quently the names of Isben, Rostand,</Unicode>
                </TextEquiv>
            </TextLine>
            <TextLine id="r3l32" custom="readingOrder {index:31;}">
                <Coords points="2044,2549 2688,2547 2750,2512 2601,2496 2411,2521 2330,2504 2043,2521"/>
                <Baseline points="2051,2546 2085,2545 2120,2544 2154,2544 2189,2543 2224,2543 2258,2542 2293,2542 2327,2541 2362,2540 2397,2540 2431,2539 2466,2538 2500,2537 2535,2536 2570,2535 2604,2534 2639,2533 2673,2531 2708,2529 2743,2528"/>
                <TextEquiv>
                    <Unicode>Schnitzler, Molnar, ihe Oepeks, and</Unicode>
                </TextEquiv>
            </TextLine>
            <TextLine id="r3l33" custom="readingOrder {index:32;}">
                <Coords points="2044,2593 2335,2577 2451,2594 2683,2563 2746,2580 2745,2539 2525,2539 2493,2559 2042,2546"/>
                <Baseline points="2051,2586 2085,2585 2119,2585 2154,2585 2188,2584 2222,2583 2257,2583 2291,2582 2325,2580 2360,2579 2394,2578 2428,2577 2463,2576 2497,2575 2531,2574 2566,2573 2600,2571 2634,2571 2669,2569 2703,2569 2738,2568"/>
                <TextEquiv>
                    <Unicode>many öthers are as familiar to</Unicode>
                </TextEquiv>
            </TextLine>
            <TextLine id="r3l34" custom="readingOrder {index:33;}">
                <Coords points="2059,2632 2713,2620 2746,2609 2745,2579 2057,2595"/>
                <Baseline points="2065,2623 2098,2623 2132,2624 2166,2623 2199,2623 2233,2622 2267,2622 2300,2621 2334,2619 2368,2618 2402,2617 2435,2616 2469,2614 2503,2613 2536,2612 2570,2611 2604,2610 2637,2609 2671,2608 2705,2607 2739,2607"/>
                <TextEquiv>
                    <Unicode>American playgoers hs they are to</Unicode>
                </TextEquiv>
            </TextLine>
            <TextLine id="r3l35" custom="readingOrder {index:34;}">
                <Coords points="2062,2672 2679,2662 2759,2651 2760,2627 2061,2631"/>
                <Baseline points="2069,2661 2103,2661 2137,2661 2171,2661 2205,2661 2240,2660 2274,2660 2308,2658 2342,2658 2376,2657 2411,2655 2445,2654 2479,2652 2513,2651 2547,2650 2582,2649 2616,2648 2650,2647 2684,2646 2718,2645 2753,2644"/>
                <TextEquiv>
                    <Unicode>European audienees. This excellent</Unicode>
                </TextEquiv>
            </TextLine>
            <TextLine id="r3l36" custom="readingOrder {index:35;}">
                <Coords points="2059,2716 2243,2695 2768,2702 2767,2653 2058,2676"/>
                <Baseline points="2065,2701 2099,2700 2134,2699 2169,2698 2204,2698 2239,2697 2273,2697 2308,2697 2343,2696 2378,2696 2413,2695 2447,2695 2482,2694 2517,2693 2552,2692 2587,2691 2621,2689 2656,2688 2691,2686 2726,2684 2761,2681"/>
                <TextEquiv>
                    <Unicode>review of tle last fiftg years of de¬</Unicode>
                </TextEquiv>
            </TextLine>
            <TextLine id="r3l37" custom="readingOrder {index:36;}">
                <Coords points="2064,2743 2852,2746 2851,2712 2775,2718 2727,2687 2064,2715"/>
                <Baseline points="2071,2739 2109,2740 2148,2740 2186,2739 2225,2739 2264,2737 2302,2736 2341,2735 2380,2733 2418,2732 2457,2730 2496,2728 2534,2727 2573,2727 2612,2726 2650,2726 2689,2727 2728,2728 2766,2731 2805,2733 2844,2737"/>
                <TextEquiv>
                    <Unicode>velopments abread wilt be welcomed </Unicode>
                </TextEquiv>
            </TextLine>
            <TextLine id="r3l38" custom="readingOrder {index:37;}">
                <Coords points="2053,2795 2126,2774 2557,2766 2760,2783 2746,2728 2440,2733 2397,2756 2052,2738"/>
                <Baseline points="2060,2779 2094,2778 2129,2776 2163,2775 2198,2774 2233,2774 2267,2772 2302,2771 2337,2771 2371,2770 2406,2769 2441,2768 2475,2768 2510,2767 2545,2767 2579,2766 2614,2765 2649,2764 2683,2764 2718,2763 2753,2762"/>
                <TextEquiv>
                    <Unicode>by all followers of ühe drama in</Unicode>
                </TextEquiv>
            </TextLine>
            <TextLine id="r3l39" custom="readingOrder {index:38;}">
                <Coords points="2818,2795 2825,2795 2831,2801 2841,2796 2846,2797 2856,2803 2860,2800 2881,2799 2880,2761 2871,2762 2858,2753 2852,2755 2847,2752 2842,2755 2837,2751 2826,2757 2817,2757"/>
                <Baseline points="2824,2778 2873,2777"/>
                <TextEquiv>
                    <Unicode>020</Unicode>
                </TextEquiv>
            </TextLine>
            <TextLine id="r3l40" custom="readingOrder {index:39;}">
                <Coords points="2051,2829 2765,2814 2764,2780 2689,2764 2050,2791"/>
                <Baseline points="2057,2817 2092,2816 2127,2815 2162,2814 2197,2813 2232,2812 2267,2811 2302,2811 2337,2810 2372,2809 2407,2809 2442,2808 2477,2807 2512,2807 2547,2806 2582,2806 2617,2805 2652,2805 2687,2804 2722,2803 2757,2803"/>
                <TextEquiv>
                    <Unicode>America where so manm plays origi¬</Unicode>
                </TextEquiv>
            </TextLine>
            <TextLine id="r3l41" custom="readingOrder {index:40;}">
                <Coords points="2059,2859 2313,2877 2467,2848 2536,2870 2848,2850 2847,2810 2732,2804 2059,2827"/>
                <Baseline points="2066,2854 2104,2854 2143,2853 2182,2852 2220,2851 2259,2850 2298,2849 2336,2848 2375,2847 2414,2846 2453,2845 2491,2844 2530,2843 2569,2843 2607,2842 2646,2842 2685,2842 2723,2842 2762,2843 2801,2844 2840,2845"/>
                <TextEquiv>
                    <Unicode>nating abroad have been ##ccessfully 1</Unicode>
                </TextEquiv>
            </TextLine>
            <TextLine id="r3l42" custom="readingOrder {index:41;}">
                <Coords points="2054,2905 2109,2896 2117,2902 2188,2891 2268,2891 2278,2889 2278,2871 2265,2876 2239,2855 2203,2863 2190,2855 2140,2865 2117,2858 2101,2867 2053,2864"/>
                <Baseline points="2061,2895 2087,2893 2113,2892 2139,2891 2166,2889 2192,2889 2218,2889 2244,2889 2271,2890"/>
                <TextEquiv>
                    <Unicode>presented.</Unicode>
                </TextEquiv>
            </TextLine>
            <TextLine id="r3l43" custom="readingOrder {index:42;}">
                <Coords points="2731,2965 2755,2969 2762,2965 2772,2975 2781,2967 2798,2966 2814,2980 2833,2965 2845,2969 2858,2966 2858,2924 2832,2929 2817,2917 2789,2914 2772,2898 2731,2898"/>
                <Baseline points="2738,2963 2766,2964 2794,2963 2822,2962 2850,2965"/>
                <TextEquiv>
                    <Unicode></Unicode>
                </TextEquiv>
            </TextLine>
            <TextLine id="r3l44" custom="readingOrder {index:43;}">
                <Coords points="2823,3066 2831,3067 2850,3053 2860,3059 2864,3056 2871,3057 2879,2998 2870,2997 2865,2990 2856,2991 2853,2986 2846,2991 2842,2987 2841,2989 2833,2988"/>
                <Baseline points="2833,3044 2866,3048"/>
                <TextEquiv>
                    <Unicode>0</Unicode>
                </TextEquiv>
            </TextLine>
            <TextLine id="r3l45" custom="readingOrder {index:44;}">
                <Coords points="2777,3242 2790,3243 2794,3248 2804,3247 2807,3250 2823,3250 2827,3192 2820,3191 2811,3180 2799,3177 2795,3172 2789,3177 2782,3177"/>
                <Baseline points="2786,3219 2818,3221"/>
                <TextEquiv>
                    <Unicode>600</Unicode>
                </TextEquiv>
            </TextLine>
            <TextLine id="r3l46" custom="readingOrder {index:45;}">
                <Coords points="1945,3440 2028,3422 2050,3433 2101,3424 2124,3442 2189,3427 2245,3439 2323,3427 2323,3406 2307,3410 2277,3387 2210,3393 2138,3376 2115,3388 1986,3377 1946,3389"/>
                <Baseline points="1952,3416 1978,3415 2004,3415 2030,3415 2056,3416 2082,3417 2108,3418 2134,3419 2160,3420 2186,3422 2212,3423 2238,3423 2264,3424 2290,3424 2316,3424"/>
                <TextEquiv>
                    <Unicode>Free Press</Unicode>
                </TextEquiv>
            </TextLine>
            <TextLine id="r3l47" custom="readingOrder {index:46;}">
                <Coords points="1937,3475 1999,3489 2035,3475 2113,3490 2196,3478 2362,3502 2385,3496 2387,3454 2331,3435 2295,3452 2271,3433 2213,3451 2175,3435 2114,3445 2047,3429 1938,3448"/>
                <Baseline points="1944,3472 1969,3472 1995,3472 2020,3472 2046,3472 2071,3473 2097,3474 2122,3475 2148,3476 2173,3477 2199,3479 2224,3480 2250,3481 2275,3482 2301,3483 2326,3485 2352,3485 2378,3486"/>
                <TextEquiv>
                    <Unicode>Detroit nich</Unicode>
                </TextEquiv>
            </TextLine>
            <TextLine id="r3l48" custom="readingOrder {index:47;}">
                <Coords points="2051,3552 2118,3555 2145,3538 2194,3539 2212,3552 2248,3537 2326,3565 2355,3556 2357,3508 2329,3496 2233,3488 2133,3502 2100,3480 2055,3478"/>
                <Baseline points="2060,3525 2086,3527 2112,3528 2138,3530 2164,3531 2190,3533 2217,3534 2243,3535 2269,3537 2295,3538 2321,3539 2348,3540"/>
                <TextEquiv>
                    <Unicode>Jov 1-31</Unicode>
                </TextEquiv>
            </TextLine>
            <TextLine id="r3l49" custom="readingOrder {index:48;}">
                <Coords points="1995,3613 2340,3631 2415,3611 2590,3643 2650,3620 2651,3572 1996,3557"/>
                <Baseline points="2003,3607 2035,3609 2067,3612 2099,3614 2131,3615 2163,3617 2195,3617 2227,3618 2259,3618 2291,3618 2323,3618 2355,3618 2387,3619 2419,3619 2451,3619 2483,3619 2515,3620 2547,3621 2579,3622 2611,3625 2643,3627"/>
                <TextEquiv>
                    <Unicode>Wiennese Novelties.“ By Arthur</Unicode>
                </TextEquiv>
            </TextLine>
            <TextLine id="r3l50" custom="readingOrder {index:49;}">
                <Coords points="1964,3681 2049,3655 2607,3661 2607,3644 2424,3614 2377,3631 1964,3628"/>
                <Baseline points="1972,3649 2003,3650 2034,3651 2066,3652 2097,3652 2129,3652 2160,3653 2191,3653 2223,3653 2254,3653 2286,3653 2317,3653 2348,3653 2380,3653 2411,3653 2443,3653 2474,3653 2505,3654 2537,3654 2568,3655 2600,3656"/>
                <TextEquiv>
                    <Unicode>Schnitzler. Simon and Schuster.</Unicode>
                </TextEquiv>
            </TextLine>
            <TextLine id="r3l51" custom="readingOrder {index:50;}">
                <Coords points="2000,3682 2644,3700 2624,3659 2000,3660"/>
                <Baseline points="2007,3686 2038,3686 2070,3685 2101,3685 2133,3685 2164,3685 2196,3684 2227,3684 2259,3684 2290,3685 2322,3685 2353,3685 2385,3685 2416,3686 2448,3686 2479,3687 2511,3688 2542,3688 2574,3689 2605,3690 2637,3691"/>
                <TextEquiv>
                    <Unicode>The five novelettes which have</Unicode>
                </TextEquiv>
            </TextLine>
            <TextLine id="r3l52" custom="readingOrder {index:51;}">
                <Coords points="1982,3726 2638,3736 2622,3696 2058,3697 1982,3676"/>
                <Baseline points="1989,3719 2021,3720 2053,3721 2085,3721 2117,3721 2149,3721 2181,3721 2213,3720 2245,3720 2277,3720 2309,3719 2341,3719 2373,3719 2405,3719 2437,3719 2469,3720 2501,3720 2533,3722 2565,3723 2597,3725 2630,3727"/>
                <TextEquiv>
                    <Unicode>won for Arthur Schnitzler enduring</Unicode>
                </TextEquiv>
            </TextLine>
            <TextLine id="r3l53" custom="readingOrder {index:52;}">
                <Coords points="1985,3758 2631,3767 2631,3733 1985,3726"/>
                <Baseline points="1992,3755 2023,3755 2055,3754 2086,3754 2118,3753 2149,3753 2181,3753 2212,3753 2244,3753 2275,3754 2307,3754 2339,3754 2370,3754 2402,3754 2433,3755 2465,3755 2496,3755 2528,3755 2559,3755 2591,3755 2623,3755"/>
                <TextEquiv>
                    <Unicode>fame are included in this volume.</Unicode>
                </TextEquiv>
            </TextLine>
            <TextLine id="r3l54" custom="readingOrder {index:53;}">
                <Coords points="1983,3790 2439,3801 2500,3783 2632,3808 2631,3766 2475,3752 1983,3757"/>
                <Baseline points="1990,3784 2021,3786 2053,3787 2085,3788 2116,3789 2148,3789 2180,3789 2211,3788 2243,3788 2275,3787 2307,3786 2338,3785 2370,3785 2402,3784 2433,3784 2465,3784 2497,3784 2528,3784 2560,3785 2592,3786 2624,3788"/>
                <TextEquiv>
                    <Unicode>They are:  Fraulein Else,“None</Unicode>
                </TextEquiv>
            </TextLine>
            <TextLine id="r3l55" custom="readingOrder {index:54;}">
                <Coords points="2462,3813 2483,3814 2487,3810 2500,3818 2503,3816 2508,3818 2515,3810 2535,3808 2534,3785 2521,3785 2515,3790 2513,3788 2505,3791 2486,3785 2478,3794 2462,3797"/>
                <Baseline points="2470,3808 2499,3808 2528,3806"/>
                <TextEquiv>
                    <Unicode>„ 1.—</Unicode>
                </TextEquiv>
            </TextLine>
            <TextLine id="r3l56" custom="readingOrder {index:55;}">
                <Coords points="1977,3831 2629,3840 2629,3807 2549,3792 2503,3812 1977,3790"/>
                <Baseline points="1984,3823 2015,3822 2047,3821 2079,3820 2111,3820 2143,3819 2175,3819 2207,3819 2239,3819 2271,3819 2303,3819 2334,3819 2366,3819 2398,3820 2430,3820 2462,3821 2494,3822 2526,3823 2558,3824 2590,3825 2622,3826"/>
                <TextEquiv>
                    <Unicode>But the Brave,“ Beatrice,“ Rhap¬</Unicode>
                </TextEquiv>
            </TextLine>
            <TextLine id="r3l57" custom="readingOrder {index:56;}">
                <Coords points="1972,3867 2036,3879 2083,3857 2146,3873 2172,3860 2343,3859 2366,3877 2414,3854 2414,3828 1972,3830"/>
                <Baseline points="1979,3852 2004,3854 2029,3856 2054,3856 2079,3857 2104,3857 2129,3857 2154,3856 2179,3856 2205,3856 2230,3855 2255,3855 2280,3855 2305,3855 2330,3856 2355,3856 2380,3858 2406,3859"/>
                <TextEquiv>
                    <Unicode>sody' and Daybreak.“</Unicode>
                </TextEquiv>
            </TextLine>
            <TextEquiv>
                <Unicode>ALD- ira 1. —
28 Sarert
Arthur Schnitler
Bold spirits say that Schnitzler, like Shaw and Ibsen
already “dates.“ Some of his work does. Of course. But
ome of it dates in a surprising fashion. Simon
Schuster published last spring Viennese Novelettes, a
wolume of Schnitzler short stories, one written as early
s 1901, one as late as 1927. And the earliest is an
stonishing forerunner of that “stream-of-consciousness“
manner of writing fiction which English and American
writers so noisily discovered years later. Otto Schin¬
Herer'’s introduction to Viennese Novelettes’ will suggest
idelights to those who, reading of Schnitzler’s death,
ttempt to reassess his writing. He was, we often forget,
# doctor before he berame a man of letters; and a Jew
nthat anti-Semitic Vienna of pre-war days in which
omany Jewish world geniuses found expression—Freud,
Felix Salten, Hugo von Hofmannsthal and Jacob Wasser¬
Fmann among them.
News
vashington D
Nov 7-31
*
Modern Continental Playwrights, by
Frank W. Chandler.
Long before the Wérld War in¬
ternational politics and finance, thei
drama had enjoyed wotldswide inter¬
change of art and artists. Conse¬
quently the names of Isben, Rostand,
Schnitzler, Molnar, ihe Oepeks, and
many öthers are as familiar to
American playgoers hs they are to
European audienees. This excellent
review of tle last fiftg years of de¬
velopments abread wilt be welcomed 
by all followers of ühe drama in
020
America where so manm plays origi¬
nating abroad have been ##ccessfully 1
presented.

0
600
Free Press
Detroit nich
Jov 1-31
Wiennese Novelties.“ By Arthur
Schnitzler. Simon and Schuster.
The five novelettes which have
won for Arthur Schnitzler enduring
fame are included in this volume.
They are:  Fraulein Else,“None
„ 1.—
But the Brave,“ Beatrice,“ Rhap¬
sody' and Daybreak.“</Unicode>
            </TextEquiv>
        </TextRegion>
    </Page>
</PcGts>
