3392 4352
1452 249 1974 333 box 35/11
127 246 1296 354 17. Viennese Novelettes
277 705 681 786 Nerublican
288 773 865 834 Springffeld nass
498 836 911 910 sept 27-31
344 891 867 972 „VIENNESE NOVELETS“
1078 918 1860 1012 Bock of the nonth club
242 967 956 1038 Collectlon of Narratives by Arthur
495 1011 708 1059 Schnltzler
1291 998 1919 1089 Sept 1931 News
277 1037 955 1113 The flve titles in Viennese Nov¬
239 1081 961 1139 elets“ by Arthur Schnitzler (Simon &
238 1110 951 1189 Schuster; 33.50) have-all been made
1221 1135 2032 1225 VIENNESE NOVELETTES
242 1167 960 1227 known to American readers since
239 1202 956 1257 1925. but their collection in one
234 1235 957 1291 volume should roveal their skill and
1314 1233 1926 1298 By ARTHUR SCHNITZLER
230 1259 950 1323 significance to a wide but still dis¬
231 1295 600 1343 criminating cirele.
1459 1293 1756 1374 Price 33.50
269 1317 952 1387 The salients of Schnitzler’s back¬
236 1368 1010 1454 ground are clearly seen in the narra-
243 1393 946 1446 tives selected. His medical training,
1175 1389 2097 1441 JERE'S luck! Five of Arthur Schnitzler's best and
232 1420 948 1483 his experience in psychiatry, are be¬
1111 1397 2095 1504 11 best-known novelettes bound together in one very
227 1458 953 1514 hind the subjectivity which marks his
1120 1477 2091 1528 attractive volume with illustrations by Kurt Wiese.
230 1491 951 1544 appralsal of what Robert Frost calls
230 1523 948 1571 "inner weatheer“; but this is vitalized
1115 1529 2091 1577 Included are: Fraulein Eise (1925), Beatrice (1925).
234 1545 941 1608 by the balancing virtue of human
1126 1573 2084 1632 None But ihe Brave (1926), Rhapsody (1927).
234 1586 938 1642 sympathy and a natural—though al¬
224 1620 943 1669 most uncanny—understanding of the
1123 1614 2087 1673 Daybreak (1927), along with a comprehensive critical
230 1648 948 1698 wavering lights and shadows of men's
1114 1669 2091 1708 and biographical introduction by Dr. Otto Schinnerer
233 1679 941 1735 minds and hearts—at least within the
230 1710 946 1771 realms from which his characters are
1113 1712 2081 1776 of Columbia University. Dr. Schinnerer manages in
233 1743 941 1785 chosen. This genius of understanding,
1113 1766 2091 1813 the brief space at his disposal to merge the events of
224 1777 931 1816 coupled with the courage to say what
231 1808 935 1861 others flinch to utter, and finished ar¬
1117 1811 2096 1852 Schnitzler'’s life into a convincing and illuminating
230 1837 936 1896 tistry in saying it, makes his novelets
1122 1855 2090 1919 whole and to go with remarkable thoroughness into
220 1872 935 1923 as well as his plays things of lu¬
217 1906 612 1959 minous observation.
1107 1907 2097 1944 ihe influences that played the most important part in
265 1918 928 1987 Viennese Novelet“ contains“ Day¬
1110 1950 2091 2001 his development. Viennese Novelettes is a book no
220 1948 930 2019 Daybreak,“ in which a young oflicer’s
1106 1997 2082 2042 admirer of its author will care to be without, and one
210 1998 935 2051 gambling and love life are tragically
207 2035 930 2086 interwoven; Rhapsody,“ a psycholo¬
1108 2041 2087 2080 that will bring a surprisingly complete Schnitzler to
222 2068 927 2116 gieal study of one night in a man's
1111 2082 1942 2137 readers hitherto unacquainted with his work.
205 2094 940 2149 life in which reality and dream touch
204 2129 928 2179 fantasticully; Beatrice,“the story of
1544 2143 2043 2200 GL.ADYS GRAHAM BATEs
211 2161 935 2213 the frustrated passions of a young
213 2192 931 2237 widow: None hut the Brave,“ the
200 2228 923 2276 keen-edged pieture of an imperial of¬
210 2245 920 2307 ficer’s quaint sense of honor; and
201 2274 931 2328 Fraulein Else,“the unforgetable
208 2313 918 2371 revery-stüdy of a lovely but neurotic
210 2351 912 2419 girl in the clutch of tragie happen¬
205 2377 317 2432 ings.
273 2531 720 2608 Journal Post
271 2589 773 2658 Kansas City Ho
350 2646 732 2713 Sept 27-31
1244 2731 1421 2808 WE
501 2715 755 2814 Viennese
1228 2813 1887 2926 WEur B.O
1234 2904 1760 3027 02 20 76 0
1351 3013 1786 3091 Fine Collection
1197 3071 1909 3155 I/VVE of Arthur Schnitzler's su¬
1276 3105 1916 3171 perb short novels have been is¬
1205 3158 1913 3208 sued in a single attractive volume
1209 3196 1920 3238 by Simon & Schuster under the title
1222 3233 1647 3288 Viennese- Novelettes.“
1234 3268 1917 3325 Schnitzler is pretty generally
1203 3302 1911 3348 recognized as the master of this
1192 3338 1900 3413 form of prose. The titles are" Frau¬
1627 3387 1685 3416 11 77
1198 3383 1882 3442 lein Else, Daybreak, Rhapsode'
1205 3427 1909 3480 Beatrice, and None But the
1184 3467 1918 3525 Brave,' The book will appeal to the
1189 3492 1648 3561 discriminating reader.
301 3988 911 4039 Arthur Schnitzler, that Viennese
265 4023 897 4070 master of prose, whose best known
274 4056 898 4091 novelettes have been published to¬
274 4088 907 4142 gether by Simon and Schuster in a
267 4122 855 4177 volume called Viennese Nights.“
2215 396 2418 477 Press
2223 464 2576 539 Cleveland C
2340 525 2668 602 Cet 10-31
2354 621 2834 719 Five Novelettes
2225 703 2956 781 IN attractive form Simon and Schuster
2207 745 2239 786 J
2246 760 2957 831 have released a collection of five of
2208 811 2951 881 the novelettes of the physician-novelist¬
2201 866 2966 930 playwright, Arthur Schnitzler. The works
2205 905 2955 984 have each appeared separately, and for
2209 960 2955 1035 the builder of a modest library the vol¬
2196 1013 2955 1081 ume affords a happy introduction to the
2194 1053 2952 1124 author. The scholarly introduction, pre¬
2209 1103 2938 1168 pared by Dr. Otto Schinnerer of Co¬
2203 1136 2618 1195 lumbia University, is ir
2654 1147 2752 1197 tself
2906 1164 2941 1207 e
2207 1180 2708 1248 price of admission.“ Illustra
2198 1215 2440 1275 Kurt Wiese.
2225 1260 2515 1319 Tersely, Schnit
2194 1306 2485 1356 neurotics a liter
2195 1348 2419 1402 upon his ex
2199 1389 2409 1442 has, by cle
2200 1428 2402 1483 made his c
2195 1473 2385 1525 he and Ge
2190 1514 2385 1571 poet-soldie
2185 1561 2361 1606 common
2218 1596 2371 1651 The col
2193 1629 2371 1688 Viennese
2191 1677 2374 1734 Daybrea
2187 1725 2384 1774 Rhapsody
2210 1766 2417 1823 In Schnitz
2182 1804 2435 1870 tion of the c
2186 1846 2415 1902 of science
2874 1868 2923 1921 he
2188 1884 2465 1947 artist.“ Therei
2830 1898 2926 1953 now
2187 1927 2617 1998 and portray so thorc
2841 1946 2923 1997 nan
2180 1971 2506 2040 bundle of nerves.
2351 2313 3021 2392 Knickerbocker Press
2353 2378 2725 2447 Albany NY
2489 2430 2846 2493 Oet 11-31
2342 2474 2921 2595 Viennd Folk
2294 2574 2935 2658 VIENNESE NOVELETTES, by Ar¬
2317 2641 2943 2696 thur Schnitzler. (Simon and
2309 2666 2530 2738 Schuster.)
2526 2692 2562 2742 *
2313 2726 2930 2782 LL of the half sad, half gay
2287 2772 2936 2831 ∆A charm of pre-war Vienna is
2280 2811 2934 2879 simply and gracefully translated in
2282 2850 2690 2911 these five novelettes.
2301 2891 2929 2941 Master of the short story, Schnitz¬
2275 2935 2943 2986 ler has created his own field by
2279 2971 2934 3027 employing in his character de¬
2277 3014 2938 3060 lineation his wide knowledge of
2272 3051 2938 3099 psychological processes and fe¬
2285 3087 2930 3139 sponse, gleaned from his own ex¬
2278 3125 2935 3173 perience as a physician and from
2273 3167 2934 3230 a wide study of the findings of
2275 3198 2439 3250 others
2934 3204 2978 3264 *
2318 3226 2937 3295 The stream of consciousness
2277 3281 2982 3343 technique is employed with pene¬##
2260 3316 2927 3372 „tration in Fraulein Else, where
2280 3366 2934 3410 exhibitionism develops with that
2268 3401 2938 3447 breakdown of inbred reticences,
2270 3423 2925 3472 and None But the Brave records
2263 3467 2930 3540 a young officer’s thought processes
2277 3510 2739 3565 at a crisis in his career.
2302 3551 2926 3608 Rhapsody treats of the dual ex¬
2274 3588 2935 3648 istence between sleeping and wak¬
2274 3628 2939 3687 ing, and Beatrice, the Oedipus
2274 3674 2942 3718 complex. Daybreak contents itself
2284 3703 2949 3757 with the presentation of a succes¬
2272 3756 2946 3802 sion of characters, without com¬
2282 3788 2937 3843 ment, but in the Schnitzler man¬
2269 3814 2937 3883 ner of delicate fantasy surprising¬
2274 3862 2936 3910 ly blended with deep realism, that
2265 3897 2839 3945 makes comment unnecessary.
2315 3931 2935 3978 The collection is prefaced by a
2275 3958 2941 4013 sketch of the author and an out¬
2271 4006 2929 4055 line of his achievements, contrib¬
2272 4046 2940 4098 uted by Otto P. Schinnerer.—
2263 4082 2823 4143 Reviewed by ZOE B. FALES.
