3392 4384
1693 221 2163 311 box 35/6
108 229 1549 337 2. Die griechische Taenzerin
2711 568 2983 650 Seite 435.
1496 583 2198 662 Beilage zur Allgemeinen Zeitung.
694 602 918 672 Nr. 203.
1852 693 3020 772 und etwas Pathologisches darin erblicken, wenn der edle Lord
656 719 1836 781 unterkommen sollen. Es muß die Ueberspannung beseitigt
1853 758 3017 819 die Intensität seines Subjektivismus, die Tiefinnerlichkeit
666 773 1831 831 werden, zu der unsere Lebensformen, wie sie durch das
1853 798 3023 861 seines Sicheinsfühlens mit der Natur, seines Hinüberfließens
662 831 1830 881 Ueberwiegen der großstädtischen Kultur bedingt sind, im
1849 848 3020 906 in die Unendlichkeit derselben durch folgendes Beispiel beleuch¬
660 844 1840 914 Laufe der Zeit immer mehr und mehr hinaufgetrieben
1850 888 3018 944 tet: „Ich hatte unlängst den Auftrag gegeben, den Ratten
667 898 1841 955 werden. Das massenhafte Hinausfluten der städtischen
1853 933 3023 994 in den Milchkellern eines meiner Meierhöfe ausgiebig Gift
668 949 1833 1003 Bevölkerung auf das Land während einer kurzen Zeit des
1851 979 3016 1037 zu streuen. Ich ritt gegen Abend aus und dachte, wie Sie
660 996 1831 1046 Jahres bietet wenigstens einigermaßen einen Ausgleich
1852 1016 3020 1074 vermuten können, nicht weiter an diese Sache. Da, wie ich
668 1039 1833 1085 für jene Ueberspannung dar. Denn es kehren aus den
1853 1064 3018 1114 im tiefen, aufgeworfenen Ackerboden Schritt reite, nichts
667 1069 1832 1137 Sommerfrischen doch alljährlich nicht nur Tausende von
1858 1097 3026 1162 Schlimmeres in meiner Nähe als eine aufgescheuchte Wachtel¬
656 1110 1844 1176 gebesserten Arbeitsenergien in die Städte zurück, sondern
1854 1134 3019 1201 brut und in der Ferne über den welligen Feldern die große
666 1157 1846 1213 auch ein Hauch des freien, anregenden, belebenden Natur¬
1860 1182 3027 1254 sinkende Sonne, tut sich mir im Innern plötzlich dieser Keller
667 1192 1846 1253 lebens, das die Mehrzahl der Ausflügler dort draußen ge¬
1860 1221 3019 1286 auf, erfüllt mit dem Todeskampf dieses Volkes von Ratten.
663 1238 1846 1301 noß, strömt mit den Heimkehrenden in die Stickluft der
1848 1270 3021 1330 Alles war in mir: die mit dem süßlich scharfen Geruch des
663 1281 1831 1360 Häusermeere hinein und wirkt dort fort zur Heranbildung
1857 1316 3025 1372 Giftes angefüllte kühldumpfe Kellerluft und das Gellen der
658 1331 1843 1393 einer natürlichen und vernünftigeren Lebensweise. Freilich
1856 1348 3024 1431 Todesschreie, die sich an modrigen Mauern brachen; diese in¬
662 1369 1833 1427 bringt der großartige Austausch zwischen Stadt und La#d,
1851 1399 3022 1461 einander geknäuelten Krämpfe der Ohnmacht, durcheinander
662 1408 1839 1469 der jetzt allsommerlich sich vollzieht, zunächst auch eine
1861 1449 3025 1502 hinjagenden Verzweiflungen; das wahnwitzige Suchen der
661 1450 1835 1511 Ueberflutung des Landes in seinen vielbesuchten Punkten
1864 1483 3041 1544 Ausgänge; der kalte Blick der Wut, wenn zwei einander an
663 1487 1849 1556 durch städtische Lebensgewohnheiten mit sich. Aber in
2551 1536 3029 1589 Sie entsinnen sich der
1854 1538 2559 1592 der verstopften Ritze begegnen. ...
654 1531 1845 1617 tausend Armen ergießt sich ja der sommerliche Strom
1852 1571 3037 1634 wundervollen Schilderung von den Stunden, die der Zer¬
663 1578 1842 1649 immer weiter in noch unberührtes Land hinaus und immer
1856 1610 3021 1679 störung von Alba Longa vorhergehen, aus dem Livius?
666 1623 1837 1681 neue Quellen für ruhige Erholung und für Kräftigung des
1863 1661 3030 1716 Wie sie die Straßen durchirren, die sie nicht mehr sehen
671 1666 1845 1724 Naturgefühls in uns erschließen sich den Suchenden. Noch
1861 1704 3024 1770 sollen . . ., wie sie von den Steinen des Bodens Abschied neh¬
665 1710 1847 1768 für lange Jahre wird das Land den müden Großstädtern
1853 1757 3026 1809 men. Ich sage Ihnen, dieses trug ich in mir und das bren¬
670 1755 1838 1810 stille Winkel und einfache Wohnungsstätten bieten, und der
1860 1792 3031 1849 nende Karthago zugleich; aber es war mehr, es war göttlicher,
674 1794 1848 1867 fruchtbare für die Gesundung unseres Volkslebens so wich¬
1853 1827 3026 1894 tierischer; und es war Gegenwart, die vollste erhabenste
666 1838 1842 1902 #tige Ausgleich zwischen städtischen und ländlichen Lebens¬
1860 1890 3028 1933 Gegenwart. Da war eine Mutter, die ihre sterbenden Jun¬
663 1883 1531 1948 formen kann immer weitere Kreise ziehen.
1857 1911 3022 1973 gen um sich zucken hatte und nicht auf die Verendenden, nicht
1627 1899 1814 1993 O. B.
1866 1952 3031 2016 auf die unerbittlichen steinernen Mauern, sondern in die leere
1205 1965 1395 2055 —
1870 1994 3035 2059 Luft . .. Blicke schickte und diese Blicke mit einem Knirschen
1867 2045 3024 2103 begleitete!“ Im übrigen gemahnt der Brief an die bewegliche
1871 2080 3033 2151 Klage Schillers, daß „spricht die Seele, so spricht achl schon
731 2101 1796 2186 Eine Bibliothek moderner deutscher Autoren.
1866 2132 2778 2202 die Seele nicht mehr!“ und an Goethes Verse:
765 2183 1846 2253 In dem rührigen Wiener Verlag ist eben eine aus zehn
1866 2195 3022 2266 Worte sind der Seele Bild, Nicht ein Bild, sie sind ein Schatten.
674 2238 1836 2293 Bänden bestehende Bibliothek moderner deutscher Autoren er¬
1947 2254 3036 2324 Der dritte Band ist von Georg Hirschfeld und nach
676 2274 1844 2347 schienen. Arthur Schnitzler eröffnet den Reigen mit
1851 2305 3033 2378 der ersten Geschichte „Erlebnis“ benannt. Diese ist höchst un¬
668 2317 1853 2388 einem Büchlein, das nach der vierten und letzten Erzählung
1856 2345 3041 2415 erquicklich. Sie behandelt die blutleere Liebe zweier Halb¬
675 2367 1839 2424 „Die griechische Tänzerin“ betitelt ist. Es wird durch eine
1862 2382 3027 2455 naturen. In Adele, die einen gelehrten Bücherwurm ge¬
679 2404 1838 2479 seelenvolle, feingestimmte und fein analysierende ##hlung
1856 2444 3041 2502 heiratet, weil sie einen wirklichen „Mann“ noch nicht kannte,
681 2440 1843 2509 „Der blinde Geronimo und sein Bruder“ eingeleitet. Sie
1862 2482 3030 2549 wird das Weib durch den Umgang mit dem von ihrem Gatten
666 2489 1840 2547 wäre ein Kabinettsstück moderner Erzählungskunst, wenn
1865 2526 3042 2591 geschätzten und ins Haus gezogenen Maler Wilhelm Berghaus
665 2522 1844 2596 die Peripetie genügend motiviert wäre. Allein dies ist nicht der
1858 2565 3038 2634 wach. Ein wundersamer Märchentraum des Glücks umfängt
672 2575 1843 2653 Fall. Der blinde musizierende Bettler Geronimo wird von
1860 2605 3039 2681 die Liebenden, aus dem Wilhelm jedoch durch das an seiner
678 2619 1852 2688 Mißtrauen gegen seinen Begleiter und Bruder erfüllt, weil
1864 2659 3032 2720 Kunst zehrende Bewußtsein der Heimlichkeit geweckt wird. Er
669 2658 1843 2730 ein Reisender ihm zuraunte, daß er in Carlos Hut ein
1871 2693 3033 2763 ist aber zu feig und träge, um den Bann der Lüge zu brechen
676 2700 1844 2767 Zwanzig=Francsstück geworfen habe, während er ihn tatsäch¬
1863 2734 3039 2805 und die Geliebte von ihrem Mann, der, in den Folianten be¬
681 2751 1849 2816 lich nur mit einem Franc beschenkte. Was veranlaßt den
1868 2779 3030 2850 graben, kein Verständnis für sie hat, zu fordern, und in seiner
675 2794 1846 2843 Reisenden jedoch, durch eine Lüge Mißtrauen zwischen den
1872 2825 3031 2885 Ohnmacht schiebt er grollend alle Schuld auf Adele, die zwi¬
679 2833 1842 2909 Brüdern zu säen, das tragische Schicksal des Blinden durch
1874 2864 3045 2934 schen der Sehnsucht nach dem Geliebten und der Treue gegen
682 2876 1845 2944 eine in Gift getauchte Unwahrheit auf die Spitze zu treiben?
1864 2912 3049 2972 den betrogenen Gatten hin und her schwankt. Da reist Adele:
681 2907 1851 2983 Aus Schadenfreude begeht er die Teufelei nicht, denn er schüt¬
1864 2954 3040 3016 plötzlich ab, nachdem sie dem Professor eingestanden, daß sie
674 2961 1842 3039 telt beim Anblicke Geronimos den Kopf mit einem Ausdruck
1871 2996 3042 3059 sich Mutter fühle, und ihm, als er ihr jubelnd seine freudige
682 3004 1850 3072 von Traurigkeit. Daß er den Begleiter für einen Fremden
1872 3040 3031 3101 Ueberraschung gezeigt, weinend, wie ein Kind, die Hände ge¬
682 3052 1850 3124 hält und Geronimo zur Vorsicht mahnen will, vermag aber
1862 3076 3030 3153 küßt hat. Wilhelm will ihr am nächsten Morgen nachreisen,
688 3093 1847 3154 nicht eine Lüge zu rechtfertigen, deren Komplikationen leicht
1872 3117 3036 3192 um von ihr selbst zu erfahren, was sie denkt, was sie vorhat,
1056 3133 1849 3194 Auch „Die griechische Tänzerin“ welche
685 3150 1027 3211 abzusehen sind. —
1868 3165 3036 3236 was sie fürchtet; er kann sich aber nur zu einem Briefe auf¬
680 3161 1851 3239 die Geschichte einer Frau erzählt, die in ihrer unendlichen
1862 3210 3042 3277 raffen, der ihm Klärung seines ersten Aufruhrs bringt. Er
685 3217 1851 3282 Liebe ein unerschütterliches Vertrauen zu ihrem Gatten
1866 3245 3034 3312 bittet sie um Wahrheit und stellt ihr eindringlich vor, er müsse
680 3265 1848 3320 heuchelt, als wäre es ihre höchste Pflicht, ihm den Genuß
1874 3291 3031 3360 Gewißheit haben, um als Mann zu handeln — ihr, sich selber
682 3310 1845 3368 des Daseins auf keine Weise zu stören, zeigt uns den souverä¬
1870 3340 3041 3405 und dem Professor gegenüber. Nach mehreren Tagen bekommt
682 3351 1850 3411 nen Beherrscher der. Klaviatur der menschlichen Seele.
1868 3376 3038 3441 er eine lange, stockende, aus dem Innersten hervorgequälie
683 3389 1851 3466 „Andreas Thameyers letzter Brief“ und „Exzentrik“ passen
1873 3431 3032 3490 Beichte. Sie schwört ihm, daß sie ihn und nicht ihren Mann
685 3432 1856 3499 nicht in diese vornehme Gesellschaft. Sie sind Produkte einer
1862 3466 3033 3527 liebe, versichert ihm jedoch in demselben Atemzug, daß sie
691 3480 1858 3557 ausgelassenen Stimmung, wie sie der letzte Fasching gebiert.
1868 3510 3036 3570 niemals den Mut haben werde, das Recht auf das Kind dem
789 3525 1852 3585 Schnitzler wird von Hugo v. Hofmannsthal ab¬
1874 3546 3039 3611 Gatten zu entziehen, da die Ruhe seines Gemüts ihr teuer
686 3564 1848 3633 gelöst. Ich muß gestehen, daß mir das „Märchen der 672.
1868 3594 3038 3669 sei. Wilhelm soll sich zusammennehmen, um die Christin in
687 3625 1849 3684 Nacht“ ein Buch mit sieben Siegeln ist, daß ich zu nüchtern
1872 3634 3048 3705 ihr zu begreifen. Sie fühle in sich die Pflicht, dem ringenden
688 3659 1850 3726 angelegt bin, um seiner Phantasie auf dem Fluge in das
1865 3676 3042 3761 Künstler nicht die Zukunft zu verrammeln, er werde jetzt erst
690 3691 1857 3771 Reich der Mystik folgen zu können. Es fehlt mir auch an der
1879 3738 3047 3790 leben, sie aber werde sterben und auferstehen. Der gute
681 3745 1861 3822 nötigen Trunkenheit, an dem entsprechenden Enthusiasmus,
1876 3761 3038 3834 Wilhelm läßt sich dies gesagt sein. Er hört demütig auf die
687 3785 1852 3847 um dem zu sehr getragenen, überschwenglichen „Brief“ Ge¬
1870 3805 3038 3871 Worte der sentimentalen Romantikerin, deren strömende
693 3823 1864 3897 schmack abzugewinnen, den Philipp Lord Chandos an Francis
1869 3848 3037 3917 Tränen den Brief fast unleserlich machen, er denkt nicht an
687 3875 1852 3937 Bacon schrieb, um sich bei ihm wegen des gänzlichen Verzih¬
1872 3895 3040 3963 die Rechte und Pflichten eines Vaters, er nimmt gleich ihr
681 3913 1846 3996 tes auf literarische Betätigung zu entschuldigen. Ich hoffe si¬
682 3932 3040 4027 des, daß ich nicht allein stehe, daß viele mit mir stutzig sind 1 ein Kreuz auf sich, weil er gleich ihr den Mut der Wahrheit
2675 4097 2859 4167 L
