3392 4384
1735 256 2190 359 box 35/6
1252 282 1338 337 n 2
138 264 1580 364 2. Die griechische TaeiBerin
772 1651 2521 1720 Der Monat November brachte auch sonst sehr interessante Gäste und bot vielfach das beste.
645 1691 2527 1773 Arthur Schnitzlendergrféfèrte Wiener Autor, erzählte zwei Novellen. Während er in der einen,
653 1754 2523 1798 es war die ergreifende -Lebensgeschichte vom „blinden Geronimo und seinem-Bruder“, besonders durch
656 1793 2523 1862 die Schilderung der seelischen Kämpfe den Zuhörer zu packen wusste, trieb er in der Humoreske
426 1726 653 1911 4.44
662 1852 2527 1895 „Exzentric“ sein bekannt tolles Spiel mit geistreichen Witzwörtern. Dann kam der Schweizer Dichter
665 1887 2530 1948 Hermann Hesse. Seine gefühlvolle Weise, die er schon in dem „Peter Camenzind“, seinem erfolgreichen
664 1948 2524 1999 Romaue, offenbart, wurde durch die schlichte Vortragsart bedeutend verstärkt. Eine Kindergeschichte.
655 1997 2525 2066 eine reiche Lyrik, die von natürlicher Empfindung zeigt, wie die „Venezianische Gondelgespräche“ oder
660 2041 2523 2090 „Die Zypressen von S. Clemente“. Als letzten erwähne ich Roda-Roda. Wer hat noch nicht eine
662 2086 2532 2142 seiner echt spitzbübischen Satiren gelesen, seine originellen Soldatengeschichten, die selbst jene von
667 2143 2518 2192 Frciherrn v. Schlicht’s Art übertrumpfen! Er gab uns eine Fülle frischen Humores zum besten.
666 2189 2520 2262 Seine Vortragsart ist wohl an manchen Stellen etwas dozierend, aber gegen die Pointe wird er immer
618 2268 2461 2351 wärmer. Die Erzählung „Die drei Schwestern“ ist eine feinsinnige Parabel von drei Ehe¬
621 2326 2463 2400 schliessungen, wobei die dritte Schwester, ein bescheidenes Wesen, das richtige Glück findet, während
618 2382 2472 2460 die beiden anderen, vom Vater sehr reich verheiratet, nur das Elend als Lohn ihres Hochmuts finden.
615 2430 2459 2507 Und der Sultan, durch diesen Fall aufmerksam gemacht, erlässt ein Gesetz, wonach es den Leuten
619 2474 2459 2559 direkt verboten ist, über ihren Stand die Töchter z verheiraten. In Kapadozien gilt das Gesetz noch
613 2522 2462 2611 heute, so schliesst bedeutungsvoll Roda-Roda. Dabei blicken seine Augen etwas fragend auf die
612 2575 2471 2654 Reihe der Zuschauer (unter denen sich so manche Nutter befindet, die ihr Töchterchen in glanzvoller
621 2621 2461 2709 Toilette als Leckerbissen präsentiert). „Das Urteildes Kadi“, mit der scharfen Pointe, wo der
608 2663 2460 2760 Kadi, um Rat gefragt, denselben verweigert, weil ei nicht wieder in die Witzblätter kommen will;
620 2720 2467 2803 „Die Belohnung“, „Peters Urlaub“ und „Schleicher und Schunderle“ sind Militär¬
617 2768 2380 2838 humoresken, bei denen man aus dem Lachen nicht berauskommt, Und so weiter in lustiger Folge.
2117 2832 2419 2906 Radenius.
