3392 4384
1743 216 2210 301 box 35/6
1284 222 1346 283 I1
153 224 1590 323 2. Die griechische Tac in
1389 1164 1815 1220 Deutsche Literatur 1905/6.
894 1157 1014 1225 379
2176 1164 2320 1225 880
940 1241 1595 1303 Ehrenwort und erschießt sich. Die Frau
1615 1234 2299 1306 Margarethe v. Oertzen (Essen, Fre¬
931 1295 1595 1344 des Rittmeisters ist eine recht oberfläch¬
1608 1290 2291 1352 debeul u. Koenen). Wohl sind Flüchtig¬
943 1337 1589 1383 liche Person, die nur an den Freuden
1619 1334 2288 1391 keiten in dieser Geschichte, die im
930 1380 1593 1420 dieser Welt hängt. H. Walters Roman
1609 1375 2294 1429 Schwarzwalde spielt, aber manche Stellen
941 1417 1596 1462 „Ihr führt ins Leben uns hinein“
1616 1423 2292 1469 zeigen die Verfasserin als prächtige Er¬
939 1454 1599 1498 (Stuttgart, Deutsche Verlagsanstalt) be¬
1621 1452 2288 1498 zählerin innerlich erschauter Vorgänge.
948 1490 1592 1536 handelt ebenfalls den Liebesroman eines
1615 1495 2288 1542 Hans Hyan hat seinen wohlverdienten
944 1528 1594 1575 jungen Offiziers. Walter, früher un¬
1620 1533 2287 1584 Ruf als hervorragender Kenner und aus¬
941 1574 1603 1620 bekannt, hat sich durch diesen Roman
1611 1568 2295 1613 gezeichneter Schilderer des Verbrecher¬
945 1611 1597 1652 sehr gut eingeführt. Ernst Zahn hat in
1619 1616 2297 1662 lebens durch zwei neue Novellenbände
937 1646 1594 1693 seinem Novellenband „Helden des All¬
1611 1642 2287 1705 befestigt. Die Skizzen „Armesün¬
948 1685 1595 1734 tags“ (Stuttgart, Deutsche Verlagsan¬
1613 1689 2291 1744 der“ (Verlag Dr. P. Langenscheidt,
941 1719 1597 1780 stalt) Geschichten veröffentlicht, die zu
1617 1716 2282 1775 Großlichterfelde) greifen in die niedrige
938 1761 1597 1822 den besten des Dichters zählen. „Selt¬
1607 1761 2298 1820 Verbrecherwelt Berlins; ein Meisterstück
940 1804 1593 1861 same Geschichten“ (Verlag von F.
1616 1807 2289 1853 ist die Humoreske „Der Einschleicher“.
951 1838 1590 1889 Fontane u. Co.), betitelt Ernst von
1617 1848 2293 1901 Ein Kutscher will einbrechen, liegt auf
940 1882 1600 1934 Wolzogen mit Recht seinen neuen
1616 1886 2292 1934 der Lauer unter dem Ehebett der Herr¬
949 1923 1607 1969 Novellenband. Besonders die Erzählung
1617 1917 2289 1969 schaft. Die Eheleutchen sind aber so
933 1966 1602 2008 „Der Prophet im Walde“, in der
1616 1962 2297 2030 drollig in ihrer Unterhaltung, daß sich
942 1998 1602 2041 das komische Schicksal eines Naturmen¬
1613 2000 2287 2049 der Kutscher nicht des Lachens erwehren
944 2038 1600 2085 schen vorgeführt wird, amüsiert durch
1609 2031 2291 2096 kann. Dadurch verrät er sich natürlich.
937 2073 1602 2131 die derbe satyrische Note. In ihrem
1623 2080 2306 2120 Der Humor des Ehemanns geht aber so¬
940 2117 1598 2161 Roman „Esclarmonde“ (Deutsche
1621 2119 2291 2171 weit, daß er dem Gauner laufen läßt.
943 2158 1594 2202 Verlagsanstalt, Stuttgart) führt uns
1616 2157 2284 2212 Etwas zahmer sind die Geschichten „Aus
943 2194 1596 2238 Marie Janitschek in die Zeit der
1619 2191 2301 2248 der Tiefe des Lebens“ (Kürschners
947 2236 1598 2279 Albigenserkriege. Dieser Roman ist einer
1624 2237 2295 2291 Bücherschatz, Verlag Hermann Hillger,
936 2274 1607 2321 der reifsten Schöpfungen der Dichterin,
1624 2277 2296 2330 Berlin). Wohl die beste Erzählung dieses
936 2306 1601 2369 wenn ei auch nicht frei ist von ihren
1620 2312 2295 2368 Bändchens ist „Das Telegramm“. Ein
941 2347 1282 2411 besonderen Fehlern.
1612 2354 2293 2400 braver Kerl leistet unwissentlich einen
976 2383 1597 2437 „Der König“, Roman von Hans
1625 2389 2301 2455 Meineid. Durch die Qualen, die er im
943 2427 1606 2480 von Kahlenberg (Vita, Deutsches Ver¬
1620 2430 2296 2489 Zuchthause auszustehen hat, wird er
936 2462 1607 2517 lagshaus, Berlin NW. 52) schildert den
1622 2474 2298 2528 schließlich wahnsinnig. Ein neuer Ro¬
937 2510 1605 2554 Niedergang eines Königreiches, der
1620 2508 2294 2562 man „Gold“ von Hans Hyan schil¬
944 2548 1597 2596 durch politische Wirren und unglücklich
1622 2546 2291 2604 dert in fesselnder Weise, aber doch recht
944 2588 1602 2635 geführte Kriege herbeigeführt wird. So¬
1620 2591 2301 2644 oberflächlich, die moralische Verkommen¬
949 2626 1595 2677 mit hat sich die Verfasserin des „Nixchen“
1603 2628 2295 2678 heit der „oberen Zehntausend“ der deut¬
954 2664 1606 2716 auf das Gebiet der Politik gewagt.
1616 2668 2288 2718 schen Reichshauptstadt, und führt uns
950 2700 1608 2753 Heinz Tovotes Roman „Hilde Van¬
1624 2700 2293 2765 weidlich durch den Schlamm des Lasters.
942 2744 1605 2793 gerow und ihre Schwester“ (Verlag F.
1619 2740 2295 2802 Friedrich Huch, der feinsinnige Er¬
942 2776 1595 2836 Fontane u. Co., Berlin) führt uns den
1623 2777 2294 2836 zähler, erschien mit einem neuen Werk
947 2820 1595 2868 Lebensgang zweier Schwestern vor, die
1617 2822 2286 2875 „Wandlungen“ dessen Inhalt sich eng
940 2856 1600 2920 sich mit aller Kraft von hergebrachten
1614 2848 2297 2916 an den früheren Roman des Verfassers
942 2899 1607 2949 Vorurteilen freizumachen suchen, um
1621 2905 2296 2949 „Die Geschwister“ anschließt. Auch das
953 2940 1607 2987 ihren eigenen Weg zu gehen. Der Ro¬
1625 2938 2299 2992 neue Buch — erschienen im Verlage
942 2982 1602 3024 man ist reich an schönen Details, zum
1625 2980 2299 3030 S. Fischer, Berlin — zeichnet sich durch
945 3017 1605 3066 Schluß steigert sich die Handlung span¬
1624 3019 2296 3063 Vornehmheit der Sprache und durch feine
943 3053 1596 3100 nend dramatisch. Einen Genuß für
1619 3065 2291 3111 psychologische Details aus. Lob ver¬
946 3091 1602 3139 Leser, die weniger das „Was“ als das
1619 3096 2295 3138 dienen zwei Erstlingswerke: Felix
952 3131 1612 3177 „Wie“ an einem Werke schätzen, bietet
1621 3140 2286 3188 Speidels „Um des Weibes Willen“.
946 3179 1600 3220 sicherlich der Novellenband „Schwüle
1622 3168 2290 3225 (Verlag F. Fontane u. Co., Berlin) und
952 3211 1608 3255 Tage“ von E. von Keyserling (Ver¬
1618 3215 2294 3269 Otto Gysaes Roman „Die Schwe¬
948 3248 1599 3300 lag S. Fischer, Berlin). Sie sind kleine
1619 3251 2298 3297 stern Hellwege“ (Albert Langens Ver¬
946 3289 1599 3333 Meisterstücke in der Form. Zu der besten
1628 3296 2295 3357 lag, München). Speidel sucht nicht nach
941 3329 1608 3380 Art von Unterhaltungslektüre gehört die
1614 3331 2289 3385 besonderem. Er gibt mit kräftigen Far¬
945 3368 2298 3427 Erzählung „Der Welt Sünde“ von ben die Leidensgeschichte eines Arztes,
