3392 4384
1693 235 2161 329 box 35/6
1074 236 1305 305 Taenz
104 235 1549 331 2. Die griechischesnzerin
854 767 969 841 580
850 864 2572 931 Ennemos. Ein anderer benennt sich Unferdutz, Larinas ist schon gedacht. Dazwischen der
845 934 2564 983 Name Brieß, der seinen guten Geruch nach mährischem Malz an sich trägt. Nirgends
845 1011 2567 1072 ein Weltbild. Ironische Schnörkel am Schluß, von einer unfreien hand hingezeichnet,
844 1056 2562 1123 zerstören, was man sich vielleicht mühsam genug trotz aller hemmnisse von Eindruck ge¬
851 1110 2558 1171 rettet hat. Der Dialog unlebendig. Ein sich Mühen um Symbole. Das unangenehme
853 1178 2549 1242 Gefühl, einer wolle durchaus fliegen, der sonst so tüchtig und tapfer auszuschreiten ver¬
856 1232 2565 1298 mocht. Ich wünschte herzlich, ein andermal aus einer anderen Tonart von Langmann zu
845 1283 2550 1344 sprechen, an den ich glaube, den ich aber diesmal durchaus nicht zu begreifen vermag.
929 1355 2561 1406 Sonst überwiegt die kurze Erzählung. Man merkt manchmal im besten Sinne, daß
847 1407 2556 1468 sie ursprünglich unter dem Strich in der Zeitung erschienen ist, wo ja auch echte Kunst
848 1469 2555 1525 manchmal ihren ganz guten Unterschlupf findet, merkt's an der Begrenztheit, an einer
854 1541 2567 1588 gewissen Frische und Flottheit. Der Zusammenhang mit dem Feuilleton ist für unsere
842 1578 2137 1640 Erzähler nicht immer von Segen, beständig aber wichtig gewesen.
927 1647 2559 1728 Da wäre Dr. Karl Schönherr („Caritas.“ Wiener Verlag), der sich schon als
849 1709 2555 1761 Dramatiker tüchtig und erfreulich bewährt hat und dessen kleine Erzählungen als Muster¬
849 1767 2560 1826 stücke der Kraft und des Vortrages gelten müssen. Er ist im Grund seiner Seele ein
855 1827 2559 1887 Pathetiker wie die meisten, die auf der Bühne heimisch zu werden verstanden; er erzürnt
848 1889 2561 1952 sich heftig an Ungerechtigkeit und Widersinn, versteht das aber echt künstlerisch zu zeigen
837 1942 2565 2001 und zu hehlen und erzielt damit ganz eigene Wirkungen. Dazu kommt die allergenaueste
837 1990 2556 2061 Kenntnis der Kreise, die er schildert, ganz besonders seines Tiroler Völkleins, dem er tief
837 2058 2565 2120 ins herz gesehen; eine mächtige Körnigkeit der Sprache; Gewissenhaftigkeit sich selbst
841 2120 2553 2167 gegenüber, die ihn die schönste Sorgfalt an jede Arbeit wenden läßt: ein grimmiger
840 2174 1018 2240 Humor
1053 2172 2543 2235 in der Geschichte von einem Studenten, der durchs Examen fällt zum Bei¬
849 2234 2379 2309 spiel — um das Gefühl eines sicheren und wohlgehüteten Reichtums zu geben.
926 2301 2548 2363 In eine Welt der Wunder führt uns Hugo von hofmannsthal: „Das Märchen
847 2346 2551 2410 der 672. Nacht.“ (Ebenda, Bibliothek moderner deutscher Autoren.) Er ist der strengste
842 2412 2555 2470 Gegensatz zu Schönherr. Die Titelnovelle überwiegt an Wert weitaus die anderen drei,
838 2463 2555 2523 und ist erstaunlich an sich und für die frühe Reife des Dichters höchst bezeichnend. Denn
846 2522 2546 2587 sie ist entstanden, da er knapp zwanzig Jahre alt war. Da ist ein feierlicher Stil, der
842 2573 2542 2637 in schönem Rhythmus ohne ein einziges Straucheln dahinschreitet. Ein seltsames Flüstern
846 2646 2540 2710 und Raunen von Geheimnissen, die uns immerdar umgeben und uns geleiten bis an das
844 2699 2551 2755 uns vorbestimmte Ziel, ist in dieser reichen und schönen und köstlichen Fülle der Worte.
847 2746 2541 2814 Dazu eine unentrinnliche Macht der Stimmung, die über allen Dingen dieses verzauberten
836 2831 2549 2887 Lebens liegt, in das uns hofmannsthal sehen läßt mit Augen, die ins Dunkle und Ge¬
845 2866 2550 2935 heime zu tauchen gewöhnt sind. Alles hat eine Bedeutung in sich neben der, die wir an
846 2936 2540 2996 ihm zu sehen pflegen. Das Ganze wirkt wie feierliche Musik, die aus Nacht uns entgegen¬
849 2991 1625 3059 schwebt und wiederum in ihr verzittert.
923 3054 2552 3118 Aus einem Munde, dessen Zuruf immer und aller Orten beachtet werden wird, ist
839 3114 2550 3175 erst kürzlich an dieser Stelle den großen hoffnungen Ausdruck gegeben worden, die man
844 3180 2547 3247 an das weitere, dramatische Schaffen von Krtur Schnitzler knüpfen muß. Was er als
842 3227 2538 3294 Erzähler vermag, beweist „Die griechische Tänzerin". (Ebenda.) Nicht so sehr die Titel¬
833 3283 2548 3346 novelle vom Weib, das dem geliebten und von den Frauen verwöhnten Künstlergatten
838 3350 2544 3417 alles hingehen läßt, stolz auf sein Glück bei anderen scheint und sich dennoch an einer
826 3407 2563 3469 verhohlenen Eifersucht verzehrt; noch minder „Andreas Thameyers letzter Brief“. Das
1429 3912 1935 4026 een eeenernnaen
