3392 4384
135 268 191 356 2
1141 281 1182 335 5
1217 283 1318 334 n 2
213 271 1557 373 rcscheerin
635 1294 1519 1361 hagt Geus auf die Saal¬
401 1351 1519 1421 diener los. Dann springt er auf den Tisch des Präsi¬
405 1396 1520 1465 denten und wirft die Glocke des Präsi¬
401 1441 1529 1507 denten in den Saal hinab. Hierauf schleudert er
401 1493 1526 1546 den schweren Lederfauteuil des Präsidenten
410 1544 1077 1604 in die Mitte des Saales hinab.
392 1642 1518 1724 einen Kettenautor nennen, denn, wer einmal mit ihm
399 1699 1247 1779 beginnt, liest sein kurzes Schaffen durch.
501 1769 1520 1858 Salten ist noch kein „Arrivierter“ Hermann
389 1831 1499 1892 Hesses' Roman „Peter Kamenzind"*)
389 1882 1524 1956 liegt dieses Jahr im Buchladen obenauf. Er scheint
374 1939 1514 2015 gein stiller, ruhiger Dichter zu sein, der einen solchen
401 1991 1515 2046 Erfolg gar nicht erwartet hat. Man findet vieles
405 2025 1520 2088 Schöne, Starke und Reiche in seiner Geschichte, vieles
391 2087 1514 2142 Erlebte. Peter Kamenzind ist sicher wieder auch das
399 2131 1517 2193 Buch eines Lebens, aber es verrät doch auch ein
403 2175 1514 2237 Talent, das imstande ist, an anderem Lebendigen
397 2227 1514 2290 sehend vorbeizugehen und fremde Dinge, Erlebtes der
399 2271 1520 2345 anderen, einzufangen und zu fassen. Hermann Hesse
401 2318 1521 2371 und Hermann Bahr haben — der eine für seinen
391 2365 1431 2439 Roman, Bahr für seine Komödie „Der Meister“
392 2418 1512 2479 den diesjährigen Bauernfeldpreis bekommen. Die
390 2467 1517 2534 Dotation dieser Stiftung ist so groß, daß gleichzeitig
397 2517 1517 2581 auch manchem anderen ein Teilbetrag zugewiesen
399 2561 1521 2621 wurde. Bei einigen, die wirklich nichts Bemerkens¬
390 2624 1527 2692 wertes geleistet haben, sah es so aus, als ob man
406 2664 1525 2736 ein Stipendium abgeben wollte. Ich möchte
397 2713 1513 2774 mir die bescheidene Bemerkung erlauben, daß
392 2762 1517 2820 dies doch nicht der Zweck des Preises sein dürfte. So
401 2809 1520 2876 arm ist unsere heimische Literatur denn doch nicht. Die
392 2861 1517 2923 Herren der Jury zeigen bei der Verteilung der Geld¬
405 2907 1518 2962 beträge eine so gründliche Kenntnis wenig bekannter
396 2959 1521 3004 Schriftsteller, daß es Wunder nimmt, wenn sie aner¬
403 3003 1515 3073 kannte Dichter übersehen, welche mit der Anerkennung
390 3055 1512 3103 durch die Bauernfeldprämie noch nicht gekrönt sind.
398 3101 1518 3166 Da lebt zum Beispiel in Oesterreich ein gewisser Peter
392 3144 1515 3207 Altenberg. Seine zwei Bücher heißen „Wie ich
396 3185 1526 3266 es sehe" und „Was der Tag mir zu¬
387 3235 1525 3318 trägt“. Es wäre doch Zeit, ihn endlich offiziell zu
395 3290 640 3368 bemerken.
465 3373 983 3477 „*) S. Fischer, Berlin.
1703 264 2158 354 box 35//6
1734 1278 2655 1354 Kengen, die den zur Prasiventen¬
1545 1347 2655 1406 tribüne führenden Teppich hielten und die sie vom
1542 1394 2657 1466 Fußboden loslösten. Dies ist das Bild des Hauses fast
1544 1443 2656 1514 eine volle Stunde hindurch bis 11 Uhr, während welcher
1551 1491 2653 1577 Zeit sich kein einziger oppositioneller Abgeordneter aus
1532 1536 1911 1609 dem Saale rührt.
1636 1654 2650 1713 Bevor ich mich einer weniger literarischen Ange¬
1546 1699 2651 1755 legenheit etwas ausführlicher widme, will ich in bunter
1545 1749 2645 1804 Reihe noch auf ein paar Publikationen der letzten Zeit
1541 1795 2649 1848 kurz hinweisen. Von Björnstjerne Björnson er¬
1541 1847 2656 1914 schien*) erschien ein älterer großer Erziehungsroman
1548 1896 2659 1959 „Flaggen über Stadt und Land“ in
1538 1946 2663 2004 einer sehr empfehlenswerten Uebersetzung. Der
1538 1989 2658 2052 nordische Dichter erweist sich in diesem Werke wieder
1543 2041 2650 2084 als der sichere Charakteristiker, der er immer gewesen
1547 2085 2660 2134 ist. Seine Wärme, sein Mitgefühl, sein Mitleben mit
1540 2136 2657 2200 seiner Zeit durchzieht seine Arbeit. Knut Hamsuns
1546 2185 2654 2239 „Im Märchenlande"*) bringt uns Erlebtes und
1535 2240 2654 2303 Erträumtes aus Kaukasien, in der scharfumrissenen
1533 2282 2653 2342 Manier seines Verfassers. Es ist das Buch eines
1544 2321 2654 2383 Künstlers, der Humor hat, oder, was noch seltener
1538 2368 2648 2446 ist, eines Humoristen, der ein Künstler ist. Harmloser
1539 2425 2654 2480 gibt sich Henry F. Urban, dessen spaßiges Bänd¬
1527 2467 2653 2537 chen „Die Maus Lula“**) allerlei fideles bringt.
1551 2515 2644 2581 Seine Lustigkeit ist wohl manchmal etwas gesucht,
1548 2563 2658 2620 aber immer angenehm. Er ist kein Mark Twain, und
1546 2619 2649 2668 Wilhelm Busch braucht ihn erst recht nicht zu fürchten.
1541 2665 2656 2720 Aber seine schnurrigen Mitteilungen sind amüsant
1545 2710 2650 2788 und das genügt ja schließlich. „Katastrophen“, ein
1530 2743 2654 2834 Novellenband von Kurt Martens***) enthält
1537 2801 2641 2876 mehr oder minder gut ausgefallene Versuche, den Zu¬
1535 2853 2658 2914 sammenbruch einer Menschenseele darzustellen. Wer
1545 2908 2657 2971 von uns erlebt nicht seine Debacles? Wer ist frei von
1536 2960 2657 3013 gestrandeten Hoffnungen, verlorenen Kämpfen, ver¬
1543 3000 2653 3052 nichtenden Enttäuschungen? Das will Martens sagen.
1538 3049 2645 3125 Und er behandelt dieses Thema, ohne dabei allzu tief
1543 3096 2655 3152 zu sein, aber er geht mancher ihm entgegenlaufenden
1540 3152 2645 3212 Geschmacklosigkeit sicher aus dem Wege. Ziemlich banal
1542 3199 2644 3267 und herkömmlich liest sich dagegen Alfred Briegers
1693 3260 2642 3369 Bei Albert Langen, Verlag für Literatur und
1538 3317 1850 3394 Kunst, München.
1693 3365 2545 3441 )Concordia, Deutsche Verlagsanstalt, Berlin.
1639 3405 2331 3474 ***) Egon Fleischel und Co., Berlin.
2663 1304 3292 1399 konnte## Ernste Zusammenstöf
2678 1379 3295 1464 und der Polizei kamen nicht ve
3046 1431 3299 1516 Kampfepis
2758 1485 3286 1565 Ueber die Exzesse der Op
2663 1538 3293 1614 Detailschilderungen vor, welch
2677 1646 3285 1733 „Armer Yorik!“ Hamlet hat
2679 1704 3292 1770 „einen Burschen von unendl
2977 1752 3019 1795 *
2667 1751 3288 1825 herrlichsten Einfällen“ genann
2667 1806 3296 1869 hält wenig von den Eigen
2668 1845 3290 1920 originals. Das Buch bringt di
2669 1907 3295 1962 Konflikte und macht stellenwei
2670 1952 3297 2018 Dramatischen. Aber all das G
2669 2005 3285 2056 wäre es eine Partitur, man
2667 2041 3296 2121 musik nennen. Diese Novität i
2677 2092 3302 2170 den Verlag, der die Werke ei
2670 2144 2823 2223 ediert.
2766 2181 3293 2270 Nicht ohne Grund habe
2663 2230 3296 2302 ihrer stillen und guten Arbeit
2673 2288 3307 2373 einer peinlichen Affäre in Mit
2664 2345 3296 2417 bin überzeugt, daß sie nichts z
2675 2396 3309 2468 kurrenzkampf beigetragen hat
2679 2450 3301 2501 zwischen zwei Verlagshäusern
2671 2490 3295 2562 dem einen nicht nur als Auto
2663 2546 3309 2626 deren erschienen bis nun zwei
2663 2595 3292 2655 reichen Werkes, das viel von
2679 2629 3294 2706 „Götz Kraft“]), die Gesch
2678 2682 3310 2757 Edward Stilgebauer. Au
2667 2728 3264 2798 Aehnlichkeiten, Plagiate,
2672 2779 3281 2839 einander vorgeworfen. Zeitun
2668 2834 3274 2897 verwendet und ins Treffenege
2669 2879 3276 2932 hin und her. Ein literarisches
2671 2925 3274 2991 ohne Liebende; denn Stilgeb
2669 2981 3277 3039 Viebig=Julia haben ihre Her
2666 3022 3288 3086 weitem nicht entdeckt. Bei dies
2668 3068 3307 3136 der Feindlichen siegen natürlia
2677 3121 3291 3194 Publikum ist immer gern Ma
2666 3162 3305 3223 bummler. Ich denke, beide V
2667 3215 3299 3284 nicht nötig, denn die Verfasser
2669 3265 3298 3322 Heeres“, der „Wacht am Rhe
2659 3311 3301 3387 hannes“ hat sich beim deutsche
2754 3373 3300 3485 1) Richard Bong, Verlag, B
