3392 4384
1673 229 2140 315 box 35/6
94 223 1523 323 2. Die griechische Taenzerin
960 891 2810 997 ehen, — weder vor Gericht, noch sonst irgendwo auf gewagte und geglückte stilistische Experimente; der „Brief“.
82 916 908 1013 beidet, oder besteht dieses Gemeinsame lediglich
1902 950 2821 1006 endlich ist eine Beichte über ein so subtiles psochologisches
1189 972 1873 1031 Er hatte seinen Bruder wieder ...
97 983 911 1040 daß die meisten von ihnen in Wien spielen und
980 988 1140 1045 r Welt.
1900 992 2824 1051 Problem, daß nur wenige einen Zugang dazu werden
83 1016 906 1066 kener Verlegern erschienen sind, und gibt es eine
960 1013 1523 1076 ein, er hatte ihn zum erstenmal.
1905 1024 2831 1087 finden können — von einem „Novellisten“ Hofmanns¬
1004 1037 1855 1106 Nie hat die aristokratische Kunst Schuinlers so
91 1055 907 1116 her Novelle“ ebensowenig als es eine münchner
1911 1070 2832 1133 thal kann also nicht gut die Rede sein. Hier ist ein
966 1078 1861 1153 imittelbar zum Herzen gesprochen, wie in dieser
82 1105 460 1161 erliner Novelle gibt?
1904 1116 2080 1178 Dichter
973 1131 1862 1196 lichten, aber mit reicher, epischer Füke vorgetragenen
97 1115 900 1198 Diese Fragen werden sich wie von selbst beant¬
1989 1130 2819 1204 Es ist schwer, von diesen beiden sich einen Weg
962 1177 1865 1231 eschichte. Sie muß den Weg in die einfachsten Seelen
100 1166 914 1236 4, wenn wir den Inhalt der zwölf kleinen Bücher
1907 1181 2826 1236 zu den andern zu bahnen, die mehr oder weniger den
967 1204 1864 1276 iden, denen die hobe Meisterschaft der Erzählungs¬
86 1215 911 1274 m Leser ausschütren und dabei auf den rasch ver¬
1908 1220 2834 1274 Bedürfnissen einer vornehmeren Unterhaltung dienen.
967 1235 1872 1299 chnik nur in ihren Resultaten zum Bewußtsein kommt.
89 1260 918 1310 den feinen Duft acht haben, der das Eigengeartete
1900 1257 2839 1326 Das Buch eines neuen Autors mag den Uebergang
962 1283 1870 1353 Die gleichmäßig ist jede Situation belebt sso daß man
87 1287 923 1365 m Charakterlosen hier wie sonst auszeichnet. Wer
1907 1293 2842 1354 vermitteln, schon deshalb, weil der Verfasser, hinter
960 1311 1877 1389 ch verwundert fragt, woher dem Dichter die Empirie
99 1319 921 1390 vielleicht ergeben diese Buketts — oder wenigstens
1914 1333 2835 1394 dessen Pfeudonom L. Andros, sich vermutlich eine
968 1366 1868 1440 ieser Lebenskreise zugekommen sei) mit wie wenigen
102 1369 923 1431 von ihnen — eine zarte, aber spürbare Harmonie.
1907 1375 2838 1450 Dame aus der wiener „Gesellschaft“ verbirgt, bei
963 1411 1873 1467 nvergeßlichen Strichen ist die schicksalvolle Figur des
1921 1416 2840 1476 Schnitzlei in die Schule gegangen ist, dann aber auch,
973 1452 1314 1523 fremden eingeführt.
1926 1456 2836 1521 weil in seinem Buche das rein Dichterische noch stark
1037 1468 1874 1541 Gleichfalls an Tiefstes und Letztes rührt „Andreas
1924 1497 2847 1553 ausgeprägt ist. Hier haben wir es mit sechs richtigen
87 1499 920 1580 Unter den vier Geschichten seines neuen Novellen¬
970 1517 1882 1590 Thameyers letzter Brief“, der uns (und den Schreiber
1919 1523 2851 1588 Novellen zu tun, in deren keiner der boccaccio=heysische
174 1542 924 1601 hat Arthur Schnitzler die „Griechische
86 1564 157 1610 81
959 1555 1877 1617 elbst?) überzeugen soll, daß die Frau dieses kleinen
1925 1571 2846 1641 „Falke“ fehlt. Ein Antiquar im alten Wien hat die
98 1577 921 1644 krin“ dadurch vor den anderen erhöht, daß er sie
971 1598 1872 1663 viener Privatbeamten ihm nicht, wie die Leute meinen,
1919 1603 2844 1683 verhänqnisvolle Gabe, daß sich nach jeder blutigen
94 1617 931 1682 fitel des Buches genannt hat. Sie gliedert sich
961 1632 1882 1704 nit einem der überseeischen schwarzen Gäste im Prater
1918 1638 2846 1706 Untat, die in der Stadt begangen wird, das Bild des
86 1655 929 1727 ich wie äußerlich den älteren Erzählungen des
971 1668 1879 1737 intreu gewesen ist, sondern daß sie nur deshalb ein
1928 1681 2846 1752 Verbrechers in seinen Augen spiegelt und bis zu dessen
91 1699 924 1762 kers zwanglos an. Es ist dieselbe vornehme Kunst
969 1707 1886 1787 chwarzes Kind zur Welt gebracht hat, weil sie sich
1928 1727 2849 1791 Hinrichtung darin haften bleibt. Die Justiz macht sich
90 1732 938 1801 die mit dem Silberstift sparsam gezogenen Umrisse,
1310 1755 1886 1815 Es ist sein letzter Brief, denn
964 1768 1322 1827 „versehen“ hat ...
1921 1764 2844 1832 dieses W#der bei der Ausfindung der Uebeltäter zu
90 1783 922 1847 st dieselbe Art des halblauten, verschleierten, ge¬
961 1786 1879 1860 um den Lästermund der Menschen, die an die Unschuld
1925 1806 2849 1869 nutze, und Hieronymus sticht sich die Augen aus, um
91 1817 930 1894 ften Vortrags, nur ein einziges Mal durch einen
956 1822 1894 1893 der geliebten Frau nicht glauben wollen, zum Schweigen
1930 1838 2852 1911 nicht seine verbrecherische Geliebte verraten zu müssen.
88 1859 939 1915 Eren Akzent unterbrochen (S. 130: „Daß sie litt
974 1869 1837 1933 zu bringen, wird er hingeben und sich erschießen ..
1939 1884 2854 1946 („Die Augen des Hieronymus.“ Eindrucksvoller, groß¬
91 1890 932 1968 Uihr Leben lang gelitten hat wie ein Tier“), der
974 1905 1886 1974 Mit wie schonender und behursamer Hand hat hier
1938 1913 2854 1992 tügiger Chronikstil.) Ein eifersüchtig liebendes Mädchen
96 1934 929 2002 dann wie ein Schlag aufs Herz wirkt. Und es
973 1946 1904 2020 Schnitzler aus dem tragikomischen Motiv den reinen
1940 1955 2854 2025 macht die verstorbene Frau ihres heimlich Geliebten
101 1976 931 2032 ######e verstebende Milleiden mit der Frauenseele
963 1985 1895 2048 tragischen Kern ausgelöst und wirksam gemacht, wie
1936 2003 2858 2057 bei dem leidenschaftlich Trauernden insgeheim durch ein
95 2002 932 2066 Hrem=nussumstosen Kampf gegen die natürliche
967 2018 1889 2094 überzeugend schreibt er aus dem rührend engen und
1939 2036 2861 2107 persides Mittel der Untreue verdächtig und vergiftet
92 2046 933 2103 liche Brutalität. Ganz neue Töne aber schlägt
962 2062 1890 2123 bedruckten Wesen eines „unbedeutenden" Menschen
1942 2079 2868 2140 ihm so die Erinnerung an die Tote. Die beiden Ueber¬
83 2081 943 2158 Dichter in der tiefen und ergreifenden italienischen
976 2100 1891 2169 heraus, der doch in der Größe seines Glaubens aus
1936 2112 2866 2182 lebenden finden sich und leben glücklich mireinander, bis
96 2125 942 2187 klergeschichte vom „Blinden Geronimo und seinem
978 2157 1358 2223 Heldenhafte streift ...
1938 2153 2866 2227 die Frau, die unter ihrer KKinderlosigkeit schwer leider
102 2158 941 2219 der“ an. Geronimo ist in früher Jugend durch
1053 2154 1894 2240 Während die beiden schnitzlerschen Novellen mit
1947 2200 2867 2259 und darin eine Strafe ihres Verbrechens sieht, dieses
96 2200 931 2261 Verschulden seines älteren Bruders Carlo erblindet.
970 2209 1896 2280 dem wahrsten Herzensanteil geschrieben sind, geben die
1934 2237 2863 2305 ihrem Gatten beichret, der sie nun voll Abscheu verläßt
91 2243 944 2313 seine Schuld zu büßen, geleitet dieser den Blinden,
970 2257 1905 2325 Erfindungen Hugo von Hofmannsthals?) dem Herzen
1942 2272 2861 2340 und mühsam die zerstörte Erinnerung an die Tote wieder
99 2275 936 2343 sich durch Singen und Gitarre=Spielen einen spär¬
978 2297 1895 2370 wenig zu denken, und ihre Wirkungen schalten in einer
1938 2308 2867 2385 aufzubauen sucht; da spielt ihm ein Zufall den Beweis
92 2315 938 2377 h Lebensunterhalt erbettelt, von einer Fremdenstation
975 2333 1909 2411 and een Region unseres Bewußtseins. „Stimmungs¬
1936 2349 2868 2427 der wirklichen Untreue der neu Betrauerten in die
93 2362 942 2418 ndern, Sommer und Winter, jahrelang, und betreut
973 2367 1899 2440 künstler“ neunen ihn, mit einem leisen, verächtlichen
1946 2380 2869 2460 Hände, und er kehrt verzeihend zu seiner zweiten Frau
95 2399 947 2459 so gut er eben kann. Aber die ganze Zeit hindurch
977 2410 1906 2484 Beiton, die literarischen Gequer; als ob das erwas
1940 2426 2871 2489 zurück. („Erinnerung.“ Hier wie im „Traum“ sind
82 2440 944 2496 nmert in der Brust des Blinden ein tiefes Miß¬
978 2450 1906 2533 Geringes wäre! Als ob es ein Kleines wäre, wenn
1945 2461 2876 2531 schnitlersche Einflüsse unverkennbar, vor allem in der
89 2467 943 2546 En gegen den Bruder, der die Almosen einsammelt
976 2494 1906 2563 ein Dichter die Kraft hat, die Lebensstimmung der
1950 2500 2870 2569 Gesamrauffassung unseres Lebensinhalts als eines Vagen
98 2520 947 2578 die Kasse führt; er glaubt sich von ihm betrogen,
1521 2528 1902 2589 ihre traumhafte Ver¬
987 2544 1531 2604 jungen Menschen unserer Zeit —
1939 2544 2872 2602 und Verfließenden, über das ein Traum Macht gewinnen
106 2555 947 2621 sich aber nichts merken, bis der unbedachte Scherz
981 2574 1902 2641 sunkenheit in die Schätze alter Kulturen, ihren narziß¬
1948 2582 2878 2661 kann, im Sinne jenes shaksperischen „Sind wir ein
107 2586 948 2650 Fremden, der ihm zuflüstert, er habe Carlo ein
980 2609 1916 2682 haften „Kult des Ichs“ und ihre Lebensfurcht — in
1947 2621 2870 2682 Spiel von jedem Druck der Luft“; dann aber auch in
103 2626 943 2695 dstück gegeben, den Funken ins Pulver fliegen läßt.
981 2642 1907 2714 Symbolen von so fabelhafter Schönheit und Eindring¬
1958 2657 2881 2726 der entwickelten psochologischen Neugier und Fein¬
118 2675 946 2726 kann den ausbrechenden Haß des Unglücklichen,
980 2682 1916 2755 lichkeit auszuprägen wie Hugo von Hofmannsthal in
1958 2699 2873 2768 hörigkeit, die gar nicht deutsch, eher französisch oder
106 2712 946 2788 er sein Leben opfert, nicht ertragen und wird zum
991 2737 1907 2795 seinem farbenleuchtenden orientalischen Märchen, das
1962 2733 2879 2806 russisch anmutet; endlich in der anmutigen technischen
128 2749 942 2799 um das Goldstück beizuschaffen. Er bringt es
982 2760 1914 2838 in unsere aufhorchende Jugend hineinfiel wie ein fremdes
1946 2775 2878 2840 Dekonomie.) Ein junges Mädchen aus einer nord¬
115 2791 947 2845 Geronimo bleibt unversöhnt; erst als sein Bruder
978 2807 1918 2865 buntes Wunder! (1894.) Dessen Tiefsinn wir ahnten,
1947 2809 2882 2881 deutschen Kleinstadt- steht in Lugano den hl. Sebastian,
96 2829 945 2896 aftet wird, beginur er zu verstehen — und ihn zu
982 2838 1910 2900 aber nicht aussagen konnten, weil wir mit dem jungen
1964 2857 2889 2920 ein Kirchenfresko von Luini, und schreibt ihrem beleibten,
107 2865 944 2930 m. „Und plötzlich blieb Geronimo stehen, so daß
985 2879 1919 2957 Kaufmannssohn zu sehr im gleichen Falle waren! Lange
1967 2900 2881 2974 vierzigjährigen Bräutigam, einem Kaufmann in ihrer
114 2900 949 2969 Carlo innehalten mußte. Nun, was ist denn?“
989 2922 1918 2986 Jahre war die jugendstrahlende Dichtung in jenen
1966 2926 2890 2996 Vaterstadt, ab („Der heilige Sebastian“, ein kleines
121 2938 942 3002 der Gendarm argerinh. Vorwartr, vorwurtrt
994 2952 1922 3035 glänzenden ersten Jahrgängen der bahrschen „Zeit“ ver¬
1965 2966 2880 3039 Kabinetstück, voll innerer Wahrheit und ohne alle
100 2973 948 3047 F da sah er mit Verwunderung, daß der Blinde die
995 2989 1923 3075 graben, von wenigen gekannt und geliebt; nun sie
1957 3005 2890 3070 Grimassen erzählt). Eine Gonvernante und ein Scharf¬
99 3012 947 3097 hirre auf den Boden fallen ließ, seine Arme erhob
984 3031 1926 3113 wieder zum Vorschein gekommen; ist, wird man bald
1955 3041 2876 3115 richter — doch ich glaube, mit diesen Inhaltsangaben
103 3052 954 3122 mit beiden Händen nach den Wangen des Bruders
994 3071 1922 3145 erkennen, daß man es hier mit einem programmatischen
1964 3088 2877 3153 nach Art derjenigen, die den alte###mnischen Novellen
105 3109 959 3168 ste. Dann näherte er seine Lippen dem Munde
1006 3122 1927 3182 Werke zu tun hat, das für jenes Quinquennium genan
2637 3124 2887 3182 in zu müssen,
1963 3125 2606 3204 vorangesetzt zu sein pflegen, nicht sor.
101 3133 951 3202 slos, der zuerst nicht wußte, wie ihm geschah, und
996 3149 1925 3230 so aufschlußreich ist wie etwa Wackenroders „Herzens¬
1967 3167 2880 3231 um den Eindruck zu erwecken, daß er ich hier um
88 3175 945 3234 Ee ihn. Seid ihr verrückt“ fragte der Gendarm.
994 3192 1925 3260 ergießungen" und Schlegels „Lueinde“ für die ältere
1961 3206 2882 3268 Geschichten mit einer wirklichen novellistischen Substanz,
92 3205 951 3275 rwärts, verwärts: Ich habe keine Lust zu braten.“
993 3249 1333 3306 deutsche Romantik.
1967 3245 2888 3307 um Novellen im alten Sinne handelt. Das wiener
100 3238 952 3321 sonimo hob die Gitarre vom Boden auf, ohne ein
1077 3252 1921 3337 In der „Reitergeschichte“ (aus den Kriegen der
1966 3283 2887 3344 Lokalkolorit ist diskret aufgetragen, und ihre dichterischen
109 3286 950 3355 rt zu sprechen. Carlo atmete tief auf, und er legte
1004 3306 1928 3376 Oesterreicher mit Italien) bemerke ich einen demlichen
1963 3318 2891 3391 Qualitäten sind derart, daß man ihnen bald wieder
99 3326 958 3396 Hand wieder auf den Arm des Blinden. Und er
993 3349 1932 3416 Ehrgeiz mit der novellistischen Technik Kleists, der wir
1964 3375 2348 3447 zu begequen wünscht.
99 3363 959 3435 felte mit einem sonderbaren Ausdruck des Glückes
1006 3383 1934 3455 die besten deutschen Erzählungen verdanken, um die
2052 3391 2896 3454 Einen nachdrücklichen Willen zum Dichterischen,
104 3403 965 3472 sich hin. Vorwärts! schrie der Gendarm. Wollt
1012 3425 1923 3499 Wette zu kämpfen. Hier wie dort eine Rapidität der
1966 3440 2898 3498 dem nur leider kein analoges Ausmaß der dichterischen
107 3446 962 3529 endlich —!“ Und er gab Carlo eins zwischen die
1027 3461 1942 3533 Erzählung, die dem Leser den Arem raubt; hier wie
1970 3476 2898 3551 Kraft entspricht, kann man in Felir Saltens“) Novelle
108 3482 966 3556 pen. Und Carlo, mit festem Druck den Arm des
1000 3506 1938 3561 dort auf dem allerengsten Raum eine traumhafte Fülle
1988 3511 2902 3587 „Der Schrei der Liebe“ beobachten. Den Mädchen
101 3524 959 3602 #den leitend, ging wieder vorwärts. Er schlug einen
1005 3543 1932 3607 des Lebens. Jenes „Märchen“ ist ein Gedicht, das
1971 3556 2888 3625 und Frauen eines märchenhaften Insellandes ist die
116 3565 975 3639 rascheren Schritt ein als früher. Das Lächeln
1007 3590 1939 3649 nur zufällig des Versgewandes entbehrt, die „Reiter¬
2062 3593 2888 3670 Die Augen des Hieronymus.“ Novellen. Von
102 3598 966 3675 lte von seinem Antlitz nicht verschwinden. Ihm
1007 3621 1934 3693 geschichte“ und das „Erlebnis des Marschalls von
2037 3642 2903 3704 Andro. Berlin 1905, Dr. Franz Ledermann. 100 S.
133 3639 968 3718 als könnte ihm jetzt nichts Schlimmes mehr ge¬
1018 3660 1942 3731 Bassonpierre“ sind zuckende Stücke Lebens und daneben
1975 3664 2108 3741 M. 2.—
2036 3685 2897 3747 4) „Der Schrei der Liebe.“ Novelle. Von Fritz Salten.
1974 3724 2903 3800 Umschlag von Richard Lur. Wien 1905, Wiener Verlag. 121 S.
1110 3701 1947 3790 „Das Märchen der 672. Nacht und andere Er¬
100 3725 955 3792 11) „Die griechische Tänzerin.“ Von Arthur Schnitzler.
1006 3750 1953 3826 zählungen." Von Hugo von Hofmannsthal. Umschlag
96 3743 972 3823 Pellen. Umschlag von J. Engelbart. Wien und Leipzig 1905,
1015 3788 1871 3869 von Walter Hampel. Wiener Verlag 1905. 123 S. M. 1
116 3793 530 3858 ner Verlag. 131 S. M. 1.
