3392 4384
1674 222 2141 318 box 35/6
1065 232 1308 299 Taenz
95 232 1527 311 2. Die griechische Sunzerin
2549 786 2675 853 275
1369 789 1853 861 Das Willen für Hlle
547 802 836 868 Jahrg. 1906
1619 894 2738 987 rücksichtigen, so daß er wirklich in einer Zwangslage ist,
514 908 1610 985 langt. Maßgebend ist hier immer zuallererst die Geld¬
1633 968 2727 1024 die ein mimosenhaftes Gemüt in die größte Verlegen¬
516 975 1610 1038 frage. Es ist aber eine Notwendigkeit, daß zuerst ein¬
1634 1020 1875 1084 heit bringt.
514 1012 1615 1084 mal auch die Zahl der Schüler in einer Klasse bedeutend
1685 1068 2735 1134 Daß die Aerzte immer mehr sich für Erziehung und
512 1077 1614 1137 herabgesetzt wird. Dreißig Schüler sei das Maximum.
1635 1122 2734 1175 Unterricht interessieren, ist ein großer Vorteil. Die
511 1132 1611 1184 Ein anderer hinderlicher Schaden ist die Klassifizierung.
1632 1169 2731 1229 hygienischen Einrichtungen einer modernen Schule, Unter¬
513 1177 1621 1235 Statt einer möglichst engen und nur auf die Haupt¬
1634 1214 2741 1272 suchung der Kinder 2c. 2c. lassen die Mitarbeit eines
518 1228 1621 1282 sachen beschränkten Notenskala müssen heute in einer
1638 1261 2740 1320 Arztes zu einem Segen werden. Aber auch hier taucht
515 1276 1605 1334 5. Klasse viermal 12 Noten“ für einen Schüler ge¬
1636 1318 2742 1375 wieder die leidige Geldfrage mit einem großen Halt
518 1318 1627 1373 geben werden in einer Stufenreihe von 5 Noten, von
1630 1355 2739 1436 auf, die uns auf Schritt und Tritt im Schulleben ein¬
521 1375 1623 1429 denen aber schon 4 (kaumgenügend) hinreichen kann,
1637 1419 1778 1482 engt.
523 1423 1623 1489 um einem Schüler den Uebertritt in die Bürgerschule
1693 1438 2729 1515 Die Pädagogik wächst rasch zu einer umfassenden
514 1466 1614 1520 zu erschweren oder ihn zum Wiederholen zwingen kann.
1635 1507 2732 1565 Wissenschaft an und die angebahnte Reform der Lehrer¬
518 1511 1624 1580 Bei 50 Schülern hat also der Lehrer per Jahr 2400
1638 1556 2740 1618 bildungsanstalten wird zeigen, wie weit es möglich sein
510 1565 1621 1629 Noten zu geben. Geprüft soll nicht werden, der
1632 1614 2736 1663 wird, bei den Einschränkungen, welche die sozialen Ver¬
519 1608 1625 1668 Lehrer soll durch den Lauf des Unterrichtes den Schüler
1636 1656 2736 1727 hältnisse bedingen, diesen Anstalten eine derartige Aus¬
516 1663 1618 1719 beurteilen, das ginge auch, wenn man bloß zu wählen
1638 1701 2747 1760 gestaltung zu geben, daß sie ihre Zöglinge wirklich mit
523 1711 1625 1780 hätte zwischen sehr gut, gut, schlecht. Daß da eine
1645 1752 2744 1821 den Rüstzeugen versehen, die zu einem modernen Schul¬
523 1763 1624 1827 wirklich gerechte Beurteilung in der Normalschule
1643 1798 2330 1866 und Erziehungsbetriebe nötig sind.
521 1808 1626 1869 unmöglich ist, liegt auf der Hand. Dem Lehrer also
1684 1838 2731 1906 Das Volk aber kann hier durch seine Abgeordneten im
512 1861 1616 1921 Vorwurf zu machen, wenn er im Notengeben gelegent¬
1643 1898 2738 1960 gesetzgebenden Hause selbst eingreifen, indem es die für
512 1902 1621 1961 lich „danebenhaut“ ist, wie man sieht, ungerecht, weil
1648 1950 2508 2005 die Ausgestaltung nötigen Mittel bewilligt.
524 1953 1622 2022 eine wirklich sorgfältige Prüfung sachlich unmöglich ist.
1691 1970 2743 2057 Freilich erinnert man sich da leicht eines Ausspruches
517 2008 1635 2070 Denn selbst, wenn er sich gegen die Verordnungen zu
1635 2040 2730 2104 Flemmings im „Flachsmann als Erzieher“:
529 2049 1630 2116 einer Detailprüfung entschließt, so kann er nur kurz
1638 2096 2742 2159 „Die Menschen haben ein famoses Sprichwort, das
525 2102 1620 2168 prüfen und in dieser Prüfung sein Allgemeinur¬
1641 2143 2743 2207 heißt: „Des Herren Auge macht die Pferde fett“. Die
522 2145 1619 2223 teil über den Schüler korrigieren. Er soll auch noch
1639 2189 2736 2265 Menschen verstehen sich immer besser auf den Pferde¬
527 2199 1622 2290 die sozialen Verhältnisse, den Individualcharakter be¬
1659 2250 2743 2323 stall als auf die Kinderstube, denn Pferde sind Wert¬
570 2257 1052 2332 * Ohne die Religionsnote.
1649 2296 1829 2364 objekte.“
552 2301 1647 2373 * Nur in Sitten, Fleiß und Form umfaßt die Reihe 4 Grade.
1284 2452 2027 2577 kiterarische Rundschau.
827 2503 924 2579 14
690 2527 834 2607 #
1430 2574 1849 2666 lleue Dichtungen.
1214 2635 2059 2726 Von Dr. Ernst bissauer, Dachau bei München.
1646 2714 2750 2816 Der Kritiker ist bei Zusammenstellungen solcher Art
525 2752 1627 2833 Die Ueberproduktion und die Kritik. — Otto Brill,
1647 2788 2758 2859 naturgemäß geleitet durch den Zufall, der ihm dies und
534 2798 1638 2870 „Tau und Blut“. Gedichte (Berlin, 1904, Modernes
1643 2836 2747 2902 jenes Buch ins Zimmer trägt. Einheitlichkeit innerhalb
932 2862 1642 2924 Otto Glogan=Nickolsburg, „Lieder
526 2863 887 2928 Verlagsbureau).
1645 2892 2755 2955 der Aufzählungen wird angestrebt, Vollständigkeit kann
532 2896 1630 2982 und Zähren“ (Berlin, 1904, Verlag Nec tini). — Adolf
1650 2937 2749 2996 nicht erreicht werden. Billige Bücher werden, der Zahl
542 2942 1626 3018 Grabowsky, „Das Zeugende“ Gedichte. (Berlin, Ver¬
1658 3006 2762 3055 nach, bevorzugt, Lyrik wird mehr, als es sonst üblich ist,
538 2999 1624 3065 lag der Barke, 1905).— Hugo Salus, „Neue Garben“.
1643 3045 2074 3114 berücksichtigt werden.
1338 3047 1641 3117 Georg Busse¬
541 3053 1218 3132 (München, Langen, 1904, M. 2“
1697 3094 2747 3143 Die lyrischen Bücher, die sich heute eingestellt haben,
532 3114 1634 3175 Palma, „Brückenlieder“ (München, Langen, 1904,
1647 3136 2740 3198 vermögen zum Teil den geringsten Ansprüchen nicht zu
532 3152 1627 3228 M. 2•—). — Georg Busse=Palma, „Das große Glück“.
1646 3179 2749 3255 genügen. Keines aber entspricht den höchsten Anforderungen,
606 3194 1635 3263 Hugo v. Hofmannsthal, „Das Märchen der 672.
1644 3231 2757 3297 die an Talent und Sorgfalt gestellt werden müssen.
753 3240 1625 3313 Arthur Schnitzler, „Die griechische Tänzerin“.
524 3259 707 3324 Nacht“.
1654 3276 2751 3339 Es ist notwendig, hohe, höchste Forderungen auszu¬
607 3289 1648 3363 Felix Salten, „Der Schrei der Liebe“ — Felix
1646 3323 2751 3383 sprechen, und es wäre zu wünschen, daß Autoren und
1261 3337 1638 3411 Otto Erich Hart¬
543 3347 1188 3414 Dörmann, „Alle guten Dinge“.
1658 3370 2752 3438 Verleger vor der Drucklegung mit strengster Kritik das
533 3397 1646 3474 leben, „Das Ehefest“. (Diese sechs Bücher aus der
1653 3416 2755 3489 neue Werk betrachten. Dann bliebe dem Kritiker die
534 3438 1650 3506 Bibliothek moderner deutscher Autoren, Wien, Wiener
1658 3482 2750 3543 lästige Pflicht des häufigen Verneinens erspart, und die
913 3491 1643 3559 —). Hartleben, „Tagebuch“, herausg.
546 3506 883 3571 Verlag, à M. 1
1652 3524 2755 3609 überschwemmende Menge der meist überflüssigen Bücher
548 3548 1620 3619 von F. Heitmüller (München, Langen, 1905, M. 5•—).
1656 3567 2758 3650 würde verringert. In einer Zeit, da die Maße der Kritik
603 3577 1644 3654 Hermann Bahr, „Die Andere“ (Berlin, S. Fischer,
1657 3613 2759 3684 verloren wurden und nur an wenigen Stellen letzte
942 3635 1645 3704 Carl Hauptmann, „Einfältige“ (aus
540 3648 831 3714 1905, M. 2—
1668 3656 2759 3744 strengste Forderungen gestellt werden, da tausend Mittel¬
541 3675 1648 3762 der Bibliothek moderner deutscher Autoren, Wien, Wiener
1664 3715 2759 3798 gut gepriesen und hunderttausend Mittelmäßigkeit nicht
981 3736 1648 3810 Eduard v. Keyserling, „Schwüle
544 3748 832 3815 Verlag M. 1
1650 3765 2759 3848 zertreten wird, zu dieser Zeit ist es mehr denn jemals
553 3796 1515 3871 Tage", Novellen. (Berlin, Fischer. 1905, M. 2•—
1659 3812 2767 3889 geboten, auf das sorglichste zu wägen, zu sichten und
597 3840 1633 3911 Es ist beabsichtigt, von jetzt ab, in wechselnden Ab¬
1656 3862 2778 3946 aber zu sichten, das Lässige aufzurufen, das Gute zu
548 3881 1646 3960 ständen, ohne Zwang, über neue lyrische, epische, dra¬
553 3930 2375 4024 matische Bücher Bericht, Urteil und Uebersicht zu bieten, nennen und das Beste auszuläuten.
