3392 4384
1701 231 2156 319 box 35/6
1154 241 1374 298 lenze
108 259 1553 339 r Tin
1264 1292 1692 1348 Deutsche Literatur 1905/6.
2012 1283 2161 1371 378
773 1292 884 1358 877
1485 1358 2172 1427 gegen das Philisterium zu führen. Die
819 1366 1468 1429 dem modernen Leben und dessen Schick¬
1494 1418 2173 1481 Vereinigung nennt sich zum  grünen
809 1424 1466 1470 salen hat dieses Werk des sonst so starken
1488 1457 2171 1498 Bande. Nun wird das Schicksal der
814 1462 1480 1512 Seelenschilderers einmal nichts zu schaf¬
1496 1498 2176 1556 Einzelnen, die dieser Vereinigung ange¬
822 1504 1473 1548 fen. Den Grundstoff dieses Romans
1480 1537 2167 1589 hören geschildert. Immer wieder ver¬
825 1544 1472 1599 bildet eine recht toll verschlungene
1493 1576 2160 1622 nimmt man Anklänge an desselben Au¬
813 1577 1472 1628 Räubergeschichte, die gegen Ende des
1492 1599 2172 1671 tors Schauspiel „Die Mütter“, das
821 1625 1476 1666 13. Jahrhunderts spielt. Aber trotz aller
1483 1655 2166 1696 Hirschfelds bestes Werk geblieben ist.
817 1661 1472 1708 Einwände, die man gegen die Fabei er¬
1493 1695 2173 1742 Leider läßt die Komposition des Ro¬
827 1698 1471 1746 heben könnte: es finden sich zahlreiche
1492 1723 2167 1777 mans manches zu wünschen übrig. Karl
820 1740 1476 1785 Stellen, die höchsten Genuß aufkommen
1486 1772 2161 1824 Hans Strobl behandelt in dem Roman
811 1777 1480 1828 lassen. In dem Novellenbande „Die
1488 1811 2168 1862 „Die gefährlichen Strahlen“ (Ver¬
823 1814 1485 1863 griechische Tänzerin“ (Wiener Ver¬
1493 1845 2169 1905 lag von F. Fontane u. Co., Berlin) das
820 1858 1477 1907 lag, Wien und Leipzig) lernt man
1493 1889 2162 1943 wirtschaftliche Getriebe in einer großen
813 1889 1472 1941 Arthur Schnitzler kaum von einer
1496 1922 2168 1984 österreichischen Fabriksstadt, das innig
824 1933 1468 1977 neuen Seite kennen. Auch in diesem
1496 1967 2169 2018 zusammenhängt mit dem nationalen
823 1972 1478 2023 Bändchen zeigt sich der feine Kenner
1496 2002 2162 2062 Kampfe. In den Mittelpunkt der Hand¬
816 2010 1477 2061 der Frauenseele, der in meisterhaft ab¬
1490 2041 2166 2091 lung ist eine Kindergärtnerin gestellt,
820 2050 1482 2104 geklärter Stilkunst mehr Innen= als
1488 2086 2163 2126 die durch eine bedeutende Persönlichkeit
822 2086 1482 2138 Außenleben widerzuspiegeln versteht.
1497 2122 2170 2172 aus ihrem kleinen Daseinskreis gerissen
823 2127 1473 2170 Beachtung verdienen die Novellen „Kin¬
1491 2162 2159 2217 wird und bald Leid über Leid dadurch
826 2167 1482 2210 der der Zeit“ von August Sperl
1489 2201 2163 2254 erlebt. Ein großer Teil der Novellen
823 2206 1478 2257 (Stuttgart und Leipzig, Deutsche Verlags¬
1490 2240 2165 2292 des vortrefflichen holsteinischen Erzäh¬
827 2246 1475 2291 anstalt). Er ist unverkennbar ein Schü¬
1496 2285 2162 2335 lers Timm Kröger sind in Volks¬
814 2282 1474 2332 ler Conrad Ferdinand Meyers. Am
1492 2318 2170 2368 ausgaben im Verlage Alfred Jaussen in
816 2323 1472 2368 besten gelungen ist Sperl die Humoreske
1500 2357 2169 2402 Hamburg erschienen. So gewinnt man
822 2364 1478 2417 „Die beiden Heiligen“ in der treffend
1494 2399 2164 2442 denn einen Überblick über die Leistungen
819 2403 1472 2456 der mittelalterliche Aberglaube gezeichnet
1495 2437 1855 2491 dieses erstklassigen
1889 2436 2166 2491 Volkserzählers.
1854 2437 1902 2476 0
828 2443 1478 2493 ist, der sich zweier angeblich wunder¬
1487 2469 2164 2531 Anton v. Perfalls Roman „Das
828 2482 1471 2525 wirkenden Holzfiguren halber bis zum
1491 2512 2164 2563 Gesetz der Erde“ (Verlag von Adolph
812 2521 1480 2568 Fanatismus steigert. Als ein Vollblut¬
1501 2555 2169 2605 Bonz u. Co., Ctutigart) zeigt das Schick¬
819 2556 1484 2604 erzähler mit mächtigem Schwung und
1493 2594 2173 2642 sal eines Bauern, der auf seiner Be¬
821 2599 1483 2649 starker Phantasie zeigt sich wieder Ernst
1491 2626 2164 2686 sitzung Raubbau treibt und sich in wilde
820 2636 1480 2688 von Wildenbruch in seinem Roman
1498 2666 2169 2721 industrielle Spekulationen einläßt.
822 2668 1481 2723 „Das schwarze Holz“ (Berlin, G.
1490 2707 2172 2752 Schließlich bricht sein ganzer stolzer Bau
826 2717 1475 2768 Grotesche Verlagsbuchhandlung). Adel¬
1487 2743 2165 2803 zusammen, andere retten, was aus den
823 2753 1483 2803 gunde Schwarzholz eine Bauernmagd,
1488 2785 2176 2842 Trümmern zu retten ist, und Harmonie
819 2799 1479 2840 die ihr Lebensziel nur im Zusammen¬
1500 2825 2164 2876 waltet wieder im Orte. Von demselben
828 2831 1482 2879 scharren von Groschen sieht, entbrennt
1501 2863 2168 2911 Verfasser erschien der Roman „Die
820 2868 1477 2916 plötzlich in Liebe für einen Unteroffizier
1501 2907 2167 2963 Finsternis und ihr Eigentum“ im
827 2915 1480 2962 und geht an der Leidenschaft für diesen
1490 2941 2173 2996 Verlage Robert Lutz in Stuttgart in
823 2950 1478 3001 Taugenichts zugrunde. Carl Busses
1504 2981 2164 3035 zweiter Auflage. In diesem Buche zeich¬
832 2995 1483 3040 ostmärkische Geschichten „Im pol¬
1493 3013 2172 3069 net Perfall das Schicksal eines Gelehrten,
818 3028 1487 3078 nischen Wind“ (Stuttgart und Berlin,
1505 3060 2168 3111 der die Psyche eines Verbrechers studie¬
828 3066 1488 3114 J. G. Cottasche Buchhandlung Nach¬
1502 3102 2168 3152 ren will. Dieser begreift nicht die edlen
817 3103 1486 3157 folger) bringen u. a. zwei vortreffliche
1498 3141 2168 3190 Absichten des Gelehrten und tötet ihn
834 3148 1488 3192 Erzählungen aus den polnischen Frei¬
1501 3179 2172 3233 darum. „Das Ehrenwort“, ein neuer
826 3183 1483 3227 heitskämpfen, die den Leser nicht aus der
1505 3215 2172 3270 Roman von Arthur Zapp (Verlag
833 3219 1479 3269 Spannung lassen. Georg Hirschfeld
1500 3254 2173 3307 Continent, Berlin) erzählt die Geschichte
824 3259 1484 3313 hat mit seinem umfangreichen Roman
1504 3295 2176 3352 eines Leutnants, der sich in die Frau
828 3298 1487 3350 „Das grüne Band“ (S. Fischers Ver¬
1503 3329 2172 3378 eines Rittmeisters verliebt. Die junge
831 3339 1482 3389 lag, Berlin) ein breites Lebensbild aus
1501 3374 2172 3430 Frau kommt eines Tages in die Woh¬
830 3374 1485 3429 dem Künstler= und Literaturleben Ber¬
1497 3421 2173 3460 nung des Leutnants, wird aber denun¬
833 3418 1489 3470 lins gegeben. Junge Menschen tun sich
1506 3461 2181 3507 ziert. Darauf gibt der Leutnant dem
832 3451 1481 3517 zu einem festgeschlossenen Kreise zu¬
817 3488 2189 3558 sammen, um gemeinsam den Kampf Regimentskommandeur ein salsches
