3392 4384
1244 255 1334 318 n 2
1731 253 2184 331 box 35/6
144 252 1581 358 2. Die griechische Tacerin
2537 705 2644 766 279
1349 700 1825 775 Das Wissen für Hlle
512 717 785 783 Jahrg. 1906
777 732 883 826 ———
1590 823 2689 901 über die Dichtung verstreut ist, bleiben die wichtigsten
482 833 1574 896 Schwarzbrotes. Man denkt an Kellers Sprache, doch
1591 882 2691 940 Personen unplastisch. „Harmonie“ ist als Ganzes ein
482 894 1577 948 fehlen die Schnörkel und Diminutiva, und man denkt
1592 932 2689 992 mißglücktes Kunstwerk und die wertvollen Partien dieser
476 938 1572 996 an Lessings feste klare Art, doch fehlt das Verstandes¬
1598 984 2680 1046 Dichtung finden sich schon in „Beate und Mareile“.
479 994 1572 1046 hafte und Antithetische. Die Menschen in dieser Ge¬
1596 1042 2689 1092 „Schwüle Tage“ dagegen ist das Bedeutendste, was
485 1033 1574 1104 schichte sind gründlich in doppeltem Sinn. Sie erwachsen
1601 1092 2690 1143 Keyserling geschrieben hat, und eine der besten deutschen
476 1086 1579 1153 aus dem Grund ihres Fleckchens Erde, und wir schauen
1595 1133 2699 1188 Erzählungen. Die Dichtung ist ins französische übersetzt
487 1142 1570 1192 ihrer engen, doch reinen Tiefe bis auf den klaren
1600 1180 2542 1231 worden und hat in Frankreich Beifall gefunden.
478 1190 1584 1249 Grund. Daß dieses Werk für eine Mark käuflich, ist
1638 1220 2689 1284 Ein junger Mensch berichtet, wie er gewahr wird,
470 1247 1562 1296 dem Freunde der Bildung und des Volkes eine herz¬
1582 1272 2681 1332 daß sein Vater mit seinem Mündel eine heimliche
472 1292 1578 1345 liche Freude. Diese Dichtung ist eine sättigende reife
1591 1329 2688 1386 leidenschaftliche Liebe lebt. Aber die Natur beugt sich
470 1340 1579 1405 Nahrung für die Seele. Freilich, sie erschließt sich, wie
1598 1372 2683 1438 vor der Norm, das Gefühl sich vor der Satzung. Der
480 1381 1388 1436 alle Kunst, nur dem Ernst und der Andacht.
1584 1422 2689 1473 Vater bewahrt „Haltung“, „tenue“ und geht mit Haltung
528 1425 1570 1485 Und noch auf eine andere erzählte Dichtung hohen
1586 1471 2694 1518 in den Tod. Dies ist erzählt im Ton eines unreifen
479 1479 1569 1529 Wertes kann ich heut hinweisen. Eduard von Keyser¬
1599 1528 2687 1592 jungen Menschen und zugleich mit dem Ton eines aus
488 1524 1578 1591 lings hat drei Prosastücke zu einem Bande „Schwüle
1597 1577 2445 1641 reifer Zeit in die Jugend Zurückblickenden.
485 1585 1573 1638 Tage“ vereinigt. „Die Soldatenkersta“ eine Skizze,
1645 1627 2673 1677 Schwüle schwält zwischen den Worten dieser Dicht¬
470 1632 1564 1683 die an Maupassant, etwa an „Die Kuhmagd“ erinnert,
1590 1667 2685 1727 ung. Schwüle in der Luft und im Getreide, Schwüle
480 1673 1568 1752 zeichnet die primitive geschlechtliche Ethik des Landes.
1593 1715 2692 1763 in den Gemächern, Schwüle im gärenden Blute des
482 1720 1571 1788 „Harmonie“ und „Schwüle Tage“ sind, wie „Beate
1598 1776 2681 1827 Knaben, Schwüle im Blute der Menschen. Auch in
485 1772 1577 1835 und Mareile“, eine ältere sehr feine Erzählung Key¬
1600 1817 2695 1867 anderen Dichtungen hat Keyserling die Landschaften mit
483 1830 1585 1892 serlings, Schloßgeschichten. „Harmonie“ erzählt von dem
1590 1858 2689 1927 suggestiver Farbigkeit und eindringlich atmosphärisch
483 1885 1573 1929 Geschick der adeligen Frauen, die abseits vom Leben
1586 1912 2680 1977 dargestellt. In „Schwüle Tage“ sind Mensch, Land¬
483 1933 1569 1980 wohnen, die Männer aber treiben sich im Leben umher.
1590 1962 2680 2017 schaft, Atmosphäre, Farbe, Stil zur Einheit geworden.
485 1977 1579 2028 Von dem Leid der „Beaten“ hatte schon die ältere
1595 2013 2701 2076 Den Reichtum der psychischen, landschaftlichen, stilistischen
483 2017 1568 2080 Dichtung berichtet. Annemarie (in der neuen Novelle)
1588 2060 2696 2111 Einzelzüge kann eine Kritik nicht wiedergeben. Keyserling
481 2075 1581 2125 ist eine noch blassere, noch zartere Beate; ihr Gatte,
1594 2118 2677 2173 ist einer unserer feinsten lebenden Erzähler. Als Ge¬
484 2120 1577 2177 Felix von Bassenow, erinnert in vielem an Beates
1597 2167 2696 2228 stalter von Aristokraten und Maler von Landschaften ist
472 2165 1584 2226 Gatten, Tarniff, und auch sonst finden sich Wieder¬
1587 2203 2679 2260 er vielleicht einzig. Wenn auch „Harmonie“ einen Ab¬
482 2215 1045 2283 holungen der Charakteristik.
1592 2253 2697 2313 stieg bedeutet, eine Dichtung wie „Schüle Tage“ reiht
524 2268 1577 2318 Annemarie hat sich eine Umwelt voll Stille und
1587 2305 2700 2361 ihn unter die besten deutschen Eviker überhaunt. Gelangt
477 2306 1576 2363 Vornehmheit geschaffen. Ihre Harmonie ist sie selbst.
1590 2347 2698 2395 er zu ferneren Gebilden von gleicher Reife und daruber
480 2357 1579 2435 Indem ihre Harmonie zerstört wird, wird ihr Leben
1603 2393 2702 2456 hinaus, so macht ihm niemand außer Thomas Mann
474 2402 1571 2474 zerstört. Diese Geschichte, als Novelle geplant, endet jäh
1594 2438 2704 2523 den Ruhm streitig, der beste deutsche Novellist der
480 2469 1570 2525 und skizzenhaft. Obgleich, wie immer bei Keyserling,
1589 2502 2005 2574 Gegenwart zu sein.
474 2502 1584 2579 eine Fülle psychologischer und stilistischer Feinheiten
1123 2660 2055 2745 lleues aus der Sternenwelt.
2532 2710 2687 2822 schuß.
1185 2751 1979 2835 Von Univerlitätsprofelior Dr. H. Hansgirg.
1589 2822 2698 2888 abgestorbene, für unser Auge unsichtbare Sterne zzum
468 2818 1574 2908 Bevor wir jedoch zu den eine besondere Klasse von
1588 2899 2696 2945 Aufflammen oder Aufleuchten, mit folgenden, kürzere
472 2893 1570 2953 Himmelskörpern bildenden Doppelsternen übergehen,
1584 2938 2687 2996 oder längere Zeit anhaltenden heftigen Bränden und
485 2950 1567 3000 können wir hier die sogenannten neuen oder temporären
1596 2976 2692 3050 enormen Erhitzungen gebracht werden, was auch ihre
490 2993 1573 3054 Sterne nicht übergehen, welche auch als eine besondere
1601 3047 2696 3093 von hellen Linien durchzogene, aus zwei übereinander
478 3049 1577 3119 Gruppe der Veränderlichen ohne Periode angesehen
1603 3091 2682 3151 fallenden Spektren zusammengesetzte Spektra beweisen.
485 3099 1577 3154 werden. Bei diesen neuen (nicht wirklich neuen, sondern
1646 3131 2696 3182 Unter den in neuer Zeit erschienenen neuen Sternen
481 3145 1573 3211 bloß verjüngten) Sternen, welche an Lichtstärke plötzlich
1599 3174 2683 3252 sei hier bloß der als Nova Aurigae von 1892 be¬
481 3196 1584 3265 zunehmen, aufflackern oder aufleuchten und später wieder
1605 3234 2695 3292 zeichnete angeführt, welcher nach einem plötzlichen Auf¬
479 3227 1577 3319 abnehmen oder fast bis ganz verlöschen, kommt wie bei
1603 3281 2695 3339 flackern mehrere Monate lang ziemlich gleich leuchtend
487 3309 1586 3355 den lebhaft gefärbten Sternen meist auch eine auffallende
1590 3335 2703 3388 blieb, um dann sehr schnell wieder bis zur Unsichtbarkeit
488 3336 1584 3402 Farbenänderung vor. So wechselte z. B. der im Jahre
1602 3381 1892 3450 herabzusinken.
485 3389 1583 3452 1572 plötzlich erschienene neue „Tychonische Stern“ bei
1656 3420 2700 3487 Eine besonders interessante Klasse von Sternen bilden
490 3434 1580 3506 seiner Lichtabnahme seine Farbe von reinem Weiß durch
1602 3481 2691 3531 die sich nie berührenden, jedoch öfters scheinbar sehr
484 3492 1583 3566 Gelb zu Rot sowie ein weißglühender und erkaltender
1604 3527 2690 3585 nahe beisammenstehenden physischen und spektroskopischen
491 3541 668 3607 Körper.
1598 3581 2690 3632 Doppelsterne, an welchen verhältnismäßig viel häufiger
524 3589 1575 3641 Nach Seeliger können gewisse neue Sterne dadurch
1599 3613 2688 3685 als an den einfachen Firsternen die periodische Ver¬
486 3651 1581 3694 aufleuchten, daß sie in eine Wolke kosmischen Staubes
1599 3666 2696 3751 änderlichkeit in der Lichtstärke und der Farbenwechsel
483 3694 1579 3755 oder in einen hellen oder dunkeln Nebel oder Nebel¬
1607 3726 1835 3793 hervortritt.
489 3737 1211 3801 masse oder Meteoritenwolke geraten.
1637 3759 2689 3836 An diesen paarigen oder binären Sternen und Stern¬
531 3785 1572 3844 Auch durch Zusammenstoß mit anderen Himmels¬
1599 3819 2715 3883 paaren, welche neben weitgehenden Lichtveränderungen
476 3829 1579 3891 körpern oder beim Durchgang durch kosmische dunkle
1595 3862 2692 3942 auch starke Verfinsterungen infolge Dazwischentretens
479 3903 1585 3965 Nebelmassen können stark abgekühlte und mehr weniger
