3392 4384
1719 188 2187 287 box 35/6
134 204 1573 283 2. Die griechische Taenzerin
1486 1505 1998 1607 Erzählungskunst.
1528 1602 1924 1678 Von J. J. David.
965 1653 2575 1756 Eine hübsche Anzahl deutsch=österreichischer Werke der Erzählungskunst liegt mir vor,
871 1722 2581 1824 genügend, Merkworte zu geben und Richtlinien zu führen, die sich vielleicht späterhin
885 1785 1442 1853 erweitern und füllen lassen.
950 1841 2584 1937 Zum ersten Male seit vielen Jahren fällt ein starker Akzent auf einen heimischen
861 1891 2588 1990 Verlag. Der „Wiener Verlag“ hat vieles von dem um sich vereinigt, das vordem in
862 1953 2578 2052 Deutschland ein Unterkommen suchte, hat sogar deutsche Autoren von Geltung sich zu
854 2010 1263 2086 verbinden gewußt.
2678 4027 2905 4132 W
