3392 4384
1713 262 2156 339 box 35/6
1124 274 1547 349 denzerin
121 265 1158 345 2. Die gl.iechische—
960 1317 1329 1383 Tien, Somitad
1829 1335 2037 1387 ——
223 1339 476 1403 —
563 1330 608 1403 —
725 1347 938 1411 —
1104 1412 2085 1468 in „Andreas Thamehers letzter Brief“ Hinter den
2099 1426 3083 1475 aber auch öfters mit ehrlichem Zorn noch bekämpft. Wie
1137 1456 2086 1509 traurigen Dingen schimmert ein überwindender
2103 1465 3062 1515 sich die Bürger und Honoratioren einer deutschen Klein¬
251 1397 823 1557 Wo# Bücher.
1139 1497 2082 1552 Humor, dieses echt österreichische Gefühl der Wehmut,
2100 1501 3050 1551 stadt zu moderner Kunst stellen und zu ihren Trägern,
943 1477 1139 1568 11
1130 1535 2082 1591 deren Schmerz immer noch durch etwas Lichtes oder
2099 1540 3048 1578 ist etwas langatmig — in Ernsts „geruhiger“ Weise —
328 1537 949 1604 Eine neue Novellenbibliothek.
1142 1578 2094 1637 Leichtes gemildert wird. So wie sich ja auch in der¬
2106 1573 3070 1630 aber nicht langweilig und oft sehr erheiternd in die
190 1570 503 1643 Bibliothek
544 1589 1120 1642 moderner deutscher
1143 1620 2097 1667 „Liebelei das Leben in jener Zusammenstellung zeigt.
2099 1615 2917 1681 Form einer lustigen Liebesgeschichte gekleidet.
160 1615 945 1671 Autoren (Wien, Wiener Verlag):
995 1638 1113 1692 Artur
1131 1653 2087 1694 in der die Tragik knapp neben den Fröhlichkeiten
2730 1657 3021 1728 Hugo Greinz.
164 1671 989 1719 Schnitzler, „Die griechische Sängerin;
993 1676 1117 1726 Hugo
1140 1688 2097 1759 steht. Schnitzler ist seitdem freilich viel anders ge¬
157 1708 1111 1759 v. Hofmannsthal, „Das Märchen der 672.
1142 1731 2126 1779 worden, seines „Süßen Mädel“=Motivs hat sich eine¬
159 1745 994 1801 Nacht"; Georg Hirschfe.d, „Erlebnis“;
1013 1749 1110 1803 Otto
1131 1772 2094 1821 ganze Anzahl der modernsten Epigonen bemächtigt;
167 1788 1115 1849 Ernst, „Die Kunstreise nach Hümpeldorf“: Felix
1132 1814 2105 1854 aber er zieht doch noch immer aus den Lichtkontrasten:
166 1819 1117 1877 Salten, „Der Schrei der Liebe“; O. J. Vier¬
1135 1838 2092 1887 des Lebens seine besten Wirkungen. Siegfried
163 1869 1113 1920 baum, „Das höllische Automobir; Johannes
1143 1882 2104 1931 Trebitsch begnügt sich in seinem „Vertauften
160 1898 1117 1956 Schlaf, „Die Nonne“: Anton v. Perfall, „Er
1134 1923 2090 1975 Lächeln mit dessen Schattenseiten. Eine Großstadt¬
163 1940 1106 1993 lebt von seiner Frau"; Siegfried Trebitsch,
1139 1962 2088 2014 geschichte, der Lebensgang einer Gefallenen. Also nichts
173 1978 1121 2021 „Das verkaufte Lächeln“; Hans v. Kahlenberg,
1143 1999 2088 2045 sonderlich Neues, weder in ihrem Aufstieg noch in
162 2012 533 2073 „Jungfrau Marie“
1139 2032 2101 2078 ihrem Niedergang. Aber Trebitsch bemüht sich, die:
202 2056 1109 2129 In zehn Bändchen über dreißig Novellen und
1131 2074 2090 2123 Sache tiefer zu nehmen, als es sonst geschieht, und
160 2094 1106 2161 Stizzen. Die Autoren ohne Ausnahme bekannte
1127 2116 2097 2165 weicht vor allem der Gefahr aus, lüstern zu
167 2145 1111 2188 und beliebte Erzähler, sämtliche zur „Literatur“ ge¬
1139 2154 2096 2199 wirken, den Sumpf des Sumpfes wegen zu durch¬
166 2183 1112 2239 hörend und nicht aus jenen weiten, unbegrenzten
1134 2189 2101 2237 waten. Pikant im landläufigen Sinne des Wortes ist
159 2215 504 2268 Feldern stammend,
515 2226 1100 2277 in denen man mit betriebsamem
1140 2226 2095 2266 Hans v. Kahlenberg viel eher. Vielleicht hat sie
166 2265 1104 2311 Fleiß Lesefutter für das Unterhaltungsbedürfnis
1133 2268 2101 2308 der Erfolg des „Nixchen“ dorthin gedrängt, wo sie;
153 2308 1118 2340 schafft. Also gibt diese erste Ausgabe einer neuen
1136 2306 2100 2349 sicher ist, gelesen zu werden. In manchen ihrer Stizzen
160 2331 1113 2379 Novellenbibliothek, deren Entstehen besonders wir
1135 2336 2089 2385 sind solche Konzessionen merlbar, und sie gewährt sie,
160 2379 1104 2432 Oesterreicher mit Genugtnung begrüßen dürfen, doch
1139 2373 2090 2431 wie es scheint, gar nicht ungern. Was übrig bleibt, be¬
156 2421 1109 2455 ein kleineres Abbild der deutschen Novelle und No¬
1129 2420 2088 2470 schräutt sich darauf, auf andere Weise zu unterhalten,
156 2451 1111 2510 vellette der Gegenwart, in der Verschiedenartigkeit der
1127 2455 2093 2510 keinen literarischen Ambitionen zu obliegen, sondern
159 2494 1109 2535 Autoren sowohl, als auch in der bunten, kaleidoskov¬
1129 2495 2082 2545 lesbare, glatte Durchschnittswaren zu geben. Nicht ein¬
153 2543 1117 2586 artigen Reihe ihrer an Umfang kleinen Werse. Ohne
1133 2538 2086 2584 mal in den Bänden von Hirschfeld und Schlaf
155 2569 1116 2615 Ueberhebung können wir diesmal den Oesterreichern
1124 2575 2092 2620 t#itt ein anderes Bestreben hervor. Arbeiten, die neben
157 2608 1110 2655 den Vorrang zugestehen. Die zwei Bände von Hof¬
1134 2612 2090 2661 größeren Werten laufen, ohne viel Sorgfalt hin¬
164 2645 1104 2691 mannsthal und Schnitzler enthalten No¬
1128 2655 2098 2703 geschriebens aber immer gut genug, um gesammelt zus
157 2685 1113 2737 vellen, die nicht mehr unbekannt sind. In Hofmanns¬
1132 2685 2089 2728 werden und einen über leere Stunden angenehm hin¬
158 2728 1110 2768 thals prächtig geschlossener „Reitergeschichte“ seinem
1137 2733 2094 2777 wegzuhelfen. Auch Anton v. Perfalls Bändchen
162 2762 1110 2812 „Märchen der 672. Nacht" und „Erlebnis des Mar¬
1136 2762 2092 2815 erfüllt diese Aufgabe, vielleicht noch reiner und unge¬
154 2802 1107 2858 schalls Bassompierre“ bewunderten wir schon vor
1132 2803 2090 2857 störter. Perfall ist ein Erzähler guten Stils, frei von
157 2842 1115 2886 etlichen Jahren eine Kunst des Erzählers, wie sie in
1134 2843 2090 2896 Extravaganzen und eigensinnigen Sprüngen. Er wird¬
157 2878 1116 2911 Deutschland immer seltener wird, ein Umfassen des
1132 2879 2081 2919 seine Freunde, deren er jedenfalls genug hat, auch durch
157 2910 1113 2969 Lebens und gleichzeitig ein Darüberstehen, wie es nur
1131 2918 2090 2960 seine zwei neuen Novellen nicht enttäuschen. — Die
156 2951 1104 3003 den Reifen und Großen glückt. Er liebt das Leben
1130 2954 2093 2996 Humoristen der neuen Novellenbibliothek sind Bier¬
161 2992 1116 3028 dort, wo es noch einen ungelösten Rest des Geheim¬
1120 2993 2095 3043 baum und Otto Ernst. Vierbaum, der seinen fünf
149 3026 1108 3076 nisvollen birgt, der die zutage tretenden Ereignisse
1131 3032 2086 3071 Geschichten eine gutgelannte Selbstbiographie voraus¬
146 3070 1103 3116 beschwert, beklemmt und in eine Atmosphäre des
1137 3070 2079 3113 schickt, ist in all diesen bis auf die letzte, in der er dem
151 3107 1110 3148 Unenträtselten hüllt, und er liebt es, diese Bilder und
1125 3115 2090 3161 deutschen Studententum bitter=satirische Worte sagt,
156 3148 1104 3190 Schicksale in prunkenden, gewählten Worten wieder¬
1125 3147 2084 3198 der Dichter mit der fröhlichsten, heitersten Phantasie,
158 3181 1112 3241 zugeben, in seinem Stil, der an den Goethe der
1124 3190 2087 3234 bald gravitätisch einhersteigend, bald sich in den aus¬
1130 3229 2082 3284 gelassensten Sprüngen gefallend. Otto Ernst ist gegen
154 3232 1105 3273 „Novelle“ erinnert. Schnitzler kann amüsanter sein
155 3262 1098 3305 als er. In „Exzentrik“, einer der vier Novellen seines
1129 3267 2080 3315 ihn noch immer ein Philister, trotzdem er in seiner
1629 3301 1664 3325 7
161 3298 1112 3342 Bandes, ist er dies mit betonter Absicht, für alle und
1125 3302 2088 3349 „Kunstreise nach Hümpeldorf gerade sehr unsauft mit
1124 3335 2084 3378 dem deutschen Philistertum ins Zeug geht. Aber Bier¬
148 3336 1104 3393 jeden, ohne mißberstanden zu werden. Er ist es aber
151 3380 1111 3425 auch in jenen Skizzen, in denen er den tregischen Ton
1120 3377 2085 3414 baum hatte dies nie zu überwinden gehabt, während
1117 3415 2094 3472 es Ernst, zwar mit manchmal überlegenem Hohn,doch
151 3418 1111 3457 voll anklingen läßt, wie im „Blinden Geronimo,
499 3454 573 3498 T
