3436 4320
1079 230 1148 296 n
1604 220 2082 313 box 22/6
317 224 1608 340 17.1. Der Punnepieler
1574 1005 1898 1092 on 12801.
1107 1098 2285 1169 . Weigr’s Unternehmen für Zeitungs-Ausschnitte
1309 1166 2225 1291 „OBSERYEP“
1958 1219 2372 1315 Nr. 58
952 1311 2397 1373 I. österr. behördl. conc. Bureau für Zeitungsberichte u. Personalnachrichten
1215 1354 2143 1448 Wien, I., Concondiaplarz 4.
969 1429 2406 1508 Vertretungen in Berlin, Budapest, Chicago, Genf, London, Newyork, Paris. Rom.
1319 1488 2039 1534 Stockholm, Kristiania, St. Petersburg.
949 1607 1445 1688 Ausschnitt aus:
1577 1593 2315 1731 NationaizDitung, Bertia
956 1760 1156 1833 vom:
1359 1788 1599 1900 1 5/1e 3
1048 1920 2229 2009 Kunst, Wissenschaft und Literatur.
1121 2002 2228 2061 E. Z. Das Deutsche Theater gab gestern zum ersten
1027 2046 2237 2082 Mal die Dramatisirung des Romans von Georges
1023 2080 2243 2144 Rodenbach, „Bruges, la morte“ unter dem
1028 2124 2234 2195 Titel „Trugbild“, ohne die Erwartungen zu erfüllen,
1023 2173 2228 2233 die man dem phantasievollen und poetisch=feinen Stück ent¬
1027 2211 2235 2280 gegengebracht hatte. Der Landsmann und Geistesgenosse
1025 2265 2231 2310 Maeterlincks stellt darin die Tragödie der Liebeserinnerung,
1025 2311 2230 2363 die Sehnsucht nach einer Verstorbenen in einer Peise dar,
1025 2351 2235 2403 die eine bessere Aufnahme und Aufführung verdient hätte.
1026 2385 2232 2453 All das Zarte und Stimmungsvolle, das aus den Nebeln und
1024 2436 2229 2503 der Vergangenheit Brügges geheimnißvoll auftaucht, wurde
1021 2472 2223 2534 auf der Bühne, namentlich durch Herrn Sauer, bis zur
1031 2511 2225 2579 Unmöglichkeit vergröbert und vom Publikum in Folge dessen
964 2566 2375 2627 r garnicht verstanden. Auch die einaktige Studie „Dernclusive
1039 2603 2343 2647 Puppenspieler“ von Schnitzler fand wegen des Porto.
1017 2648 2355 2690 verfehlten Spiels von Herrn Bassermann nur eine ge¬Zahlbar
1023 2690 2395 2746 theilte Aufnahme. Wir kommen auf den verunglückten Abend, m Voraus.
1017 2731 2395 2812 da es sich um zwei berufene und beachtenswerthe Dichter, ist das
1016 2771 1430 2821 handelt, noch zurück.
2030 2789 2410 2842 aucn sccht es den
959 2777 1995 2856 Abonnement dureh keine vestffmte Zeitdauer begrenzt;
981 2832 2285 2896 Abonnenten frei die aufgegebenen Themen zu ergänzen oder zu ändern.
1087 2921 2398 2972 Der „OBSERVER“ veranstaltet täglich einen Auszug enthaltend die
966 2954 2398 3012 Inhaltsangabe aller wichtigen Mittheilungen der Wiener Morgen¬
972 3001 2394 3049 blätter (Tagesjournale ausser „Neue Freie Presse“ und „Wiener Zeitung“)
968 3049 2404 3096 wodurch eine Uebersicht über das gesammte politische und wirthschaftliche
971 3069 2414 3127 Leben des In- und Auslandes in drastischer Kürze geboten wird. Diese Mit¬
963 3121 2005 3180 theilungen werden in Wien um 9 Uhr Früh verschickt.
1298 3184 2073 3294 Pnospecte gnatis und franco.
