3392 4352
1621 212 2090 319 box 22/5
255 209 1479 339 17.1. Der Pupbenspieler
2037 951 3208 1035 sein Chatespeate=Haus, besitzt nun auch Paris eine dieser
143 944 849 1048 waren arm und der höchsten Ehren
923 971 3216 1071 Lollius hätte den Scherz noch lange fortgesetzt, wäre der Kunst geheiligten Gedächtnißstätten und für die Menge
158 1024 1707 1099 gerten sich nicht, an ihrem be= er nicht von Gallio unterbrochen worden.
2008 1045 3052 1114 der Wallfahrer einen neuen Gnadenort der Poesie.
148 1121 847 1195 saß da — dort Habicht, der junge
939 1138 2030 1205 Georg: Ich weiß es ja. Wie oft hab' ich dich
2110 1148 2841 1225 Eduard: Wie? Ist es möglich?
154 1172 525 1231 lühenden Augen
596 1174 838 1236 dort jene
855 1170 2022 1257 seufzen gehört, daß du zum Glück nicht geschaffen, daß du
2118 1197 3209 1302 Georg: Das Ganze war ein tiefsinniger Spaß, der
169 1219 832 1275 im selben Jahre starb. Und deine
850 1227 2017 1293 bestimmt seist, deine Jugend einsam und ungeliebt zu ver¬
2017 1211 2463 1311 ich ausgedacht hatte.
156 1267 830 1336 hr ganz in Weiß gekleidet, hatte
850 1273 2034 1359 bringen, weil du ein so verschüchterter und ängstlicher
2123 1294 3158 1381 Eduard (in verstellter Verwunderung): Ein Spaß?
152 1313 846 1370 har — und später, als außer uns
847 1303 1162 1384 Bursch' warst.
2108 1342 3204 1418 Georg: Ja. Es war eine abgekartete Sache. Die
162 1362 839 1415 Garten waren, lag sie zu deinen
935 1344 2015 1458 Eduard: Nun ja, meine Jugend war freilich recht
2020 1364 3207 1461 Kleine, die so zärtlich mit dir war, that einfach, was ich
148 1401 837 1470 n Knie gelehnt. Sie hieß Irene.
848 1399 1449 1486 armselig in mancher Hinsicht.
2024 1432 3207 1510 wollte. Ihr war't die Puppen in meiner Hand; ich lenkte
159 1455 847 1520 hieß Irene. — Uebrigens erinnere
945 1460 2019 1532 Georg: Bis zu jenem Frühlingsabend, da man
2026 1480 3204 1538 die Drähte. Es war abgemacht, daß sie sich in dich ver¬
161 1506 838 1587 du dich an jenem Abend auch nicht
843 1503 1793 1580 dir zum erstenmale glühende Worte zuflüsterte.
2018 1530 3205 1618 liebt stellen sollte. Denn du hast mir immer leid gethau,
941 1563 2021 1655 Eduard (mit listigen Augen): Daß du dich daran
2030 1577 3200 1663 Eduard. Ich wollte in dir die Illusion eines Glücks er¬
169 1573 829 1669 i, durchaus nicht. Hab' ich's denn
844 1598 1165 1680 noch erinnerst!
2019 1630 3206 1708 wecken, damit dich das wahre Glück bereit fände, wenn es
158 1641 625 1710 seineswegs zu beklagen.
938 1650 2021 1717 Georg: Es hat seinen Grund, Eduard. Und ich
2020 1667 3216 1757 einmal erschiene. Und so hab' ich — wie es Leuten meiner
167 1677 841 1755 sie wiedergesehen? Ich meine, ob
839 1680 2014 1778 halte es für sehr wahrscheinlich, daß uns das Schicksal
2014 1717 3201 1798 Art wol gegeben sein mag — vielleicht noch tiefer ge¬
174 1741 840 1824 überhaupt noch einmal wieder¬
845 1746 2015 1830 nur deßhalb noch einmal zusammengeführt hat, damit du
2013 1782 3212 1846 wirkt, als ich wollte. Ich habe dich zu einem andern
854 1786 1296 1874 die Wahrheit erfährst.
2021 1811 3208 1895 Menschen gemacht. Wahrhaftig, es ist ein edleres Ver¬
142 1808 607 1901 nde er nicht): Irene?
939 1831 2013 1941 Eduard (wie oben): Was willst du mir sagen,
2020 1867 3216 1957 gnügen, mit Lebendigen zu spielen, als Luftgestalten im
162 1860 845 1944 ni, die Andere. Die an deiner Seite
839 1870 1027 1954 Georg?
2021 1909 2851 1983 poetischen Tanze herumwirbeln zu lassen.
167 1925 847 2016 Kindergesicht. Hast du die nicht
922 1911 2018 2011 Georg: Ich vermuthe, daß dieser Abend bedeutungs¬
2124 1960 3199 2058 Eduard: Höre, Georg, Alles in Allem genommen,
847 1972 2016 2050 voller für dich war, als du ahnst. Ich glaube, daß du an
2019 1984 2980 2092 finde ich, du hättest mir das nicht sagen sollen.
153 1994 836 2088 Blonde? Nein. Ich hatte doch
839 2029 2025 2117 diesem Abend den Lebensmuth in dich getrunken hast, von
2108 2053 2542 2121 Georg: Warum?
152 2070 827 2142 Kasche, für Boston. Nach ein paar
842 2082 2018 2153 dem du auch heute noch erfüllt bist. Denn damals, gesteh'
2103 2089 3202 2192 Eduard: Denke nur, ich hätte mir damals Allerlei
145 2115 831 2187 lls fort. Das hatt' ich ja unter¬
838 2132 2019 2187 es, hast du zum erstenmale empfunden, daß auch du im
2010 2141 3050 2234 eingebildet; es wäre doch einigermaßen beschämend.
160 2157 844 2244 da irgend eine Blonde mit einem
841 2174 1855 2256 Stande bist, Glück zu geben, Glück zu empfangen.
2104 2195 2535 2254 Georg: Warum?
925 2228 1707 2285 Eduard: Da hast du nicht Unrecht.
2105 2243 3193 2323 Eduard (am Fenster): Ah, da ist sie! Meine Fraus!
157 2238 543 2329 in schönes Wesen.
934 2262 2013 2343 Georg: Wäre jene Stunde nicht gewesen, du wärst
2014 2273 2616 2357 Ah, wie wird sie sich freuen!
154 2284 835 2386 schön war sie wol. Eine Freundin
833 2288 2023 2391 wol dein Lebtag der verschüchterte, ängstliche Bursch ge¬
2111 2340 3183 2415 Georg: Nun, ich will allerdings bemerken, daß ich
173 2351 488 2427 recht entsinne.
836 2372 2006 2440 blieben, als den ich dich kannte. Vielleicht hättest du nicht
2006 2358 3196 2470 nicht vorbereitet war. Du wirst die Güte haben, mich bei
155 2391 840 2482 denke, daß sie befreundet waren,
833 2403 1926 2468 einmal den Muth gefunden, um ein Weib zu werben.
2015 2435 2897 2503 ihr wegen meiner Toilette zu entschuldigen.
179 2451 831 2536 sein können. (Sieht vor sich hin.
924 2465 1919 2529 Eduard (wie überzeugt): Du hast Recht, Georg.
2123 2478 3197 2559 Eduard: Aber keine Umstände! Du wirst meiner
926 2503 2008 2576 Georg: Und wie kam dies Alles? Wodurch ward
2018 2524 2625 2589 Frau gewiß willkommen sein.
844 2524 2010 2606 diese außerordentliche Veranderung deines Wesens hervor¬
2015 2578 3185 2666 Anna (kaum 30 Jahre, sehr hübsch, einfach, aber mit Geschmack ge¬
140 2563 834 2680 vol der erste berauschte, sozusagen
837 2608 2007 2674 gerufen? Indem du glaubtest, das schöne Mädchen, das
2163 2619 3035 2681 kleidet, und der achtjährige Bub' kommen herein).
158 2636 414 2700 erlebt hast?
837 2640 2012 2728 dich damals doch zum erstenmale sah, hätte sich auf den
2107 2645 3207 2753 Eduard: Nun endlich bist du da! Sieh' einmal,
158 2684 836 2752 ein seltsamer Abend, ganz gewiß.
838 2695 1428 2764 ersten Blick in dich verliebt.
2012 2681 2825 2795 Anna, wen ich dir da mitgebracht habe.
146 2742 831 2818 n wol auch die ersten zärtlichen
926 2727 1751 2815 Eduard: Ich hatte doch alle Ursache.
2113 2757 2583 2831 Georg (verbeugt sich).
138 2775 665 2858 kekamst an jenem Abend?
930 2795 2009 2879 Georg: Du hattest Ursache, es zu glauben; aber
2097 2796 3205 2904 Anna (sieht ihn, erkennt ihn, ist sehr überrascht, faßt sich;
152 2828 366 2910 bst —?
801 2816 1254 2919 du hast dich geirrt.
1999 2826 2540 2932 herzlich): Sie leben also!
