3484 4320
958 379 1566 482 Telephon: Amt IX, No. 13485
703 471 1812 587 Berliner Literarisches Bureau
1134 578 1391 655 G. m. b. H.
761 635 1750 732 Berlin S. W./8, Wilhelm=Straße Nr. 127.
911 714 1578 811 Päris e London e New-Pork.
1048 852 1446 941 Ausschnitt
800 917 1674 1024 aus folgender Zeitung bezw. Zeitschrift:
700 1074 1765 1175 #
699 1175 1748 1263 Berliner Tageblatt, Berlin.
713 1229 966 1302 aAMAA
600 1289 889 1398 001 4
1481 1293 1773 1412 19 9 0
839 1538 1514 1626 Vier Dremièren.
885 1613 1453 1703 Deutsches Theater.
1023 1689 1294 1774 „Trugbild“
615 1737 1694 1827 Schauspiel in vier Aufzügen von Georges Rodenbach.
910 1807 1403 1891 „Der Duppenspieler“
680 1870 1647 1926 Studie in einem Aufzuge von Arthur Schnitzler.
589 1907 1773 1969 F. E. Da Otto Brahm gestern wiederum den Göllern öpferte, deren
528 1968 1773 2018 Tempel er einst zertrümmern half, hatte er weniger Glück als mit
531 2010 1783 2061 Maeterlingks „Monna Vanna“ Georges Rodenbachs neblig kränk¬
533 2052 1776 2105 liches Schauspiel, Trugbild“ wurde abgelehnt. Sehr höflich abgelehnt;
542 2105 1773 2145 kaum, daß ein leises Gekicher bei den Stellen hörbar wurde, die in
542 2133 1775 2189 diesem seltsamen Werk hart an der Grenze des unfreiwillig Komischen
541 2184 799 2248 balanzieren.
597 2215 1774 2265 Von Rodenbach und seinen Werken war vor wenigen Tagen
532 2265 1784 2320 schon an dieser Stelle die Rede. Es darf als bekannt
535 2320 1781 2373 gelten, daß das Schauspiel aus einer Novelle entstanden ist.
1691 2348 1783 2396 bei
534 2357 1694 2407 Den zarten Flügelstaub der epischen Dichtung hat es
531 2377 1782 2454 der Umwandlung wie üblich verloren; das Feine ist
540 2430 1784 2482 grob oder schattenhaft geworden; eine künstlich eingefügte
535 2481 1786 2530 Nebenfigur ohne eigenes Gepräge lähmt die Teilnahme für
533 2518 1783 2566 die Hauptfiguren; der innere Schrecken der Erzählung wird am
546 2573 1785 2615 Schluß zu einem Theatercoup, der halb lärmend gruselig,
544 2604 1772 2653 halb lächerlich ist. Nur mit dem Interesse, mit dem wir
533 2647 1781 2689 ein nervenpathologisches Lehrbuch durchblättern mögen, sehen wir den
532 2677 1786 2726 Helden, der sich tief in die zärtliche Erinnerung an sein verstorbenes
537 2733 1792 2780 Weib eingesponnen hat, fünf lange Jahre hindurch und nun das voll¬
539 2760 1795 2812 kommene Ebenbild der Toten in einer leichtfertigen Tänzerin findet. Dem
537 2802 1789 2867 gesunden Ange des Zuschauers wird zugemutet, mit dem kranken
540 2847 1787 2909 Auge dieses Mannes diese scheinbare Aehnlichkeit zu sehen
536 2883 1783 2943 und all die Erschütterungen mitzufühlen, die das Trugbild
538 2934 1782 2985 in seiner Seele erzeugt. Vergebens. Wir bleiben sehr
539 2977 1782 3026 kalt. Wir sehen nur eine freche Dirne, die einen dummen
538 3023 1789 3074 und ohnmächtigen Menschen nasführt. Unser Gefühl gehört eher dem
539 3059 1788 3096 dreisten Mädel, die nach Leben und Liebe dürstet, und den trüben
542 3100 1783 3148 Gesellen verspottet. Der tragische Abschluß ist so sicher, daß es nur eine
545 3143 1786 3203 Frage der Bühnenökonomie ist, ob er am Ende des dritten Aktes oder erst
547 3196 1787 3242 des vierten eintritt. Der halb wahnsinnige Mann wird ganz wahnsinnig
549 3239 1782 3284 werden. Er wird diese Frau töten, die ihn völlig entmannte und
544 3269 1781 3335 seine Pietät gegen die Tote vergiftete. Wenn er dann den sorgsam
546 3321 1782 3380 gehüteten Zopf der Toten dazu benutzt, die unwürdige Nach¬
537 3351 1781 3408 folgerin zu erdrosseln, so entsteht auf der Bühne jener Anblick, von
551 3401 1785 3460 dem ich andeutete, daß er die Angstuerven ebenso reizt wie das
537 3443 762 3510 Zwerchfell.
609 3476 1786 3538 So hinterläßt das Stück einen häßlichen Mißgeschmack. In dem
540 3519 1787 3563 Wirbel von Stimmungen, den es erzeugt, fühlen wir wohl, wie dem
541 3566 1778 3627 Werke selbst die gesamte Stimmung fehlt. Auf dunkelste Romantik,
539 3615 1789 3667 die sogar mit Geistererscheinungen arbeitet, ist greller Zotenrealismus
547 3649 1775 3707 gepappt. Und nur eines ist einseitig, aber es ist nicht gut. Das ist
542 3686 1786 3741 die Sprache, die — wenigstens in der Uebersetzung des Herrn Siegfried
551 3730 1782 3786 Trebitsch — gleichmäßig banal ist, mag sie sich nun in die Schatten
554 3775 1788 3833 mystischer Vorstellungen verlieren, oder kecke Dämchenart zu charak¬
554 3813 1787 3870 terisieren versuchen. Nur selten, daß uns ein gehaltvoller Gedanke
554 3876 1529 3919 in dieser abgegriffenen Wortmünze ausgezahlt wird.
610 3911 1788 3957 Herr Sauer und Herr Hofmeister, Hedwig Pauly und
539 3949 1789 4012 Luise v. Prellnitz sprachen, dem Wesen des Stückes gemäß, wie
555 3997 1789 4043 aus Gräbern, dumpf, beängstigend, schließlich ermüdend. Irene
556 4009 1801 4086 Triesch war vortrefflich in der künstlerischen Bändigung, die sie
1794 1514 3030 1588 ihrer mit allen gemeinen Instinkten gesegneten Tänzerin zu teil
1795 1567 2047 1621 werden ließ.
1834 1591 3032 1655 Auch in einem Röllchen des vorangehenden Einakters von Arthur
1794 1649 3019 1696 Schnitzler „Der Puppenspieler“ war Fräulein Triesch
1798 1688 3028 1743 sehr fein gewesen. Schnitzler versucht die Charakterstudie eines Ent¬
1793 1729 3026 1802 gleisten zu geben. Die Sache entwickelt sich schwerer und mühevoller
1797 1776 2452 1839 als es sonst die Art des Wieners ist.
1834 1800 3038 1881 Georg Merklin ist eine gescheiterte Existenz, mit eigenm
1790 1847 2953 1902 Willen gescheitert, weil er sich zu hoch dünkt
2965 1857 3025 1905 ür
1792 1900 3026 1941 die Pflichten des Alltags. Mit den Ansprüchen eines
1801 1940 3015 1993 Genies, ohne sein Können, hungert er nun, nachdem seine
1795 1982 3026 2041 Hoffnungen auf großen Dichterruhm zerstieben mußten. Er sättigt sich
1791 2017 3032 2090 von der Bewunderung seiner eigenen Person und hält sich auf¬
1805 2068 3027 2120 recht durch das selbstbetrügerische Gefühl, mehr zu sein als alle
1801 2121 3026 2162 anderen. So meint er, mit den Menschen wie mit Puppen spielen
1797 2147 3027 2203 zu können. Aber er muß erfahren, daß er in einer wichtigen Stunde
1791 2198 3019 2250 seines Lebens nur selbst die Puppe eines kleinen, dummen Mädchens
1791 2241 3021 2291 war. Die Erkenntnis macht ihn nur auf Momente weich. Seine
1789 2276 2844 2325 prahlerische Ichphilosophie verhärtet i wiederum schnell.
1837 2315 3034 2358 Von dem speziell Schnitzlerschen Humor, dieser liebenswürdigen!
1807 2362 3027 2409 weichen Satyre, hat der Einakter nur wenig. Das Tragi¬
1808 2403 3033 2453 komische der Hauptfigur ist nicht entdeckt; wir kommen nicht zu
1801 2452 3028 2501 jenem Lächeln, das uns so leicht menschliche Schwächen verzeihen
1805 2488 3035 2538 läßt. Herr Bassermann, so ausgezeichnet er in der Maske
1793 2518 3032 2592 und in vielen Einzelheiten war, unterstrich noch diesen Fehler seines
1793 2566 3033 2627 Dichters. Er nahm die Rolle zu ernst und düster. Recht frisch war
1794 2610 3032 2678 Herr Iwald, der zum munteren Kontrast einen im Philisterglück
1802 2665 2583 2715 schwelgenden satten Künstler zu geben hatte.
1848 2692 2806 2763 Der Beifall nach diesem Einakter war ziemlich dünn.
1840 2782 3029 2862 ist. Für die Ausstattung des Rodenbachschen Stückes
1804 2844 3021 2905 hatte das Deutsche Theater den belgischen Maler Fernand
1798 2890 3022 2941 Khnopff herangezogen. Man sieht, und man sieht mit Freuden,
1798 2932 3040 3005 daß Herr Reinhardt, der als erster Theaterdirektor bildende Künstler!
1804 2983 2645 3040 in den Dienst der Bühne stellte, Schule macht.
1848 3024 3039 3080 Wie weit die Mitarbeit Khnopffs gegangen ist, weiß man nicht
1805 3068 3034 3118 genau. Von Bedeutung ist sie nur für das Bühnenbild des nächtlichen
1793 3105 3038 3162 Brügge geworden, das wirklich sehr schön war. In diesem Stück der
1798 3147 3036 3194 „toten Stadt“, mit den ragenden Bäumen im Vordergrund und dem
1800 3188 3036 3254 von ihnen eingerahmten Blick auf die alten Häuser jenseits des
1796 3229 3029 3288 Kanals, war die Stimmung einer nebligen Mondnacht so wirksam zum
1794 3271 3031 3328 Ausdruck gekommen, wie es nur immer auf einem Bilde möglich wäre.
1806 3319 3035 3364 In der feintönigen Umgebung standen die Figuren, besonders die
1810 3356 3029 3406 Frau mit dem gelbbraunen Mantel, wie in Pastell hingewischt. Es
1795 3401 3029 3449 kam da zu Effekten, die man den Mitteln der Bühne nicht zugetraut
1800 3437 3037 3488 hätte. Freilich spielte ein Florvorhang mit, der, weil er das Ver¬
1794 3494 3037 3554 ständnis der Worte erschwert, immer etwas Mißliches hat und besser
1794 3526 2006 3579 fortbleibt.
1849 3550 3038 3617 Die Interieurs waren sehr geschmackvoll und standen weit über
1808 3601 3042 3652 denen, die man sonst hier zu sehen gewohnt ist. Aber von der
1801 3652 3041 3711 Phantasie eines eigenartigen Künstlers ließen sie nichts spüren, sie
1801 3692 3037 3752 waren nicht besonders für diese Vorgänge erdacht. Namentlich der
1806 3733 3044 3788 „verstaubte Empiresalon“, das „Heiligtum der Erinnerungen“, zeigte
1801 3776 2391 3838 zuviel frische Tapezierersorgfalt.
1867 3807 3044 3887 Schade, daß das Deutsche Theater Kosten und Mühe einer un¬
1808 3858 3029 3914 gewöhnlichen Ausstattung gerade an dieses verlorene Stück gesetzt hat.
1807 3894 3043 3974 Wenn es eines Beweises bedürfte, daß das Bühnenbild die Stimmung
1810 3940 3051 4011 nur unterstützen, aber nicht wecken kann, so ist er an dem gestrigen
1798 3987 2237 4065 Abend geliefert worden.
2375 4023 2463 4097 *
