<?xml version="1.0" encoding="UTF-8" standalone="yes"?>
<PcGts xmlns="http://schema.primaresearch.org/PAGE/gts/pagecontent/2013-07-15" xmlns:xsi="http://www.w3.org/2001/XMLSchema-instance" xsi:schemaLocation="http://schema.primaresearch.org/PAGE/gts/pagecontent/2013-07-15 http://schema.primaresearch.org/PAGE/gts/pagecontent/2013-07-15/pagecontent.xsd">
    <Metadata>
        <Creator>prov=University of Rostock/Institute of Mathematics/CITlab/Gundram Leifert/gundram.leifert@uni-rostock.de:name=ONB_Newseye_GT_M1+(htr_id=10810)::::v=2.4.2
prov=University of Rostock/Institute of Mathematics/CITlab/Tobias Gruening/tobias.gruening@uni-rostock.de:name=de.uros.citlab.module.baseline2polygon.B2PSeamMultiOriented:v=2.4.2
prov=University of Rostock/Institute of Mathematics/CITlab/Tobias Gruening/tobias.gruening@uni-rostock.de:name=/mnt/transkribus/LA/DEA/URO/LA_news_onb_att.pb:de.uros.citlab.segmentation.CITlab_LA_ML:v=2.4.2
Transkribus</Creator>
        <Created>2019-10-07T11:33:25.417+02:00</Created>
        <LastChange>2019-10-08T08:45:49.097+02:00</LastChange>
        <TranskribusMetadata docId="223974" pageId="9499716" pageNr="62" tsid="16508435" status="IN_PROGRESS" userId="40391" imgUrl="https://files.transkribus.eu/Get?id=KNVIRDSMIPWQCPWJLGBEMFSU&amp;fileType=view" xmlUrl="https://files.transkribus.eu/Get?id=UVTWXIDMEJHRSDZTBPWCBJID" imageId="6189938"/>
    </Metadata>
    <Page imageFilename="223974_0062.jpeg" imageWidth="3436" imageHeight="4320">
        <ReadingOrder>
            <OrderedGroup id="ro_1711450150696" caption="Regions reading order">
                <RegionRefIndexed index="0" regionRef="r1"/>
            </OrderedGroup>
        </ReadingOrder>
        <TextRegion orientation="0.0" id="r1" custom="readingOrder {index:0;}">
            <Coords points="253,277 253,3924 2986,3924 2986,277"/>
            <TextLine id="r1l1" custom="readingOrder {index:0;}">
                <Coords points="242,302 2022,322 2022,256 1878,227 242,255"/>
                <Baseline points="253,299 345,306 438,311 530,315 623,318 715,320 808,320 901,320 993,319 1086,317 1178,315 1271,313 1363,311 1456,308 1549,306 1641,304 1734,302 1826,300 1919,300 2012,300"/>
                <TextEquiv>
                    <Unicode>17.1. Der Puppenspieler box 22/6</Unicode>
                </TextEquiv>
            </TextLine>
            <TextLine id="r1l2" custom="readingOrder {index:1;}">
                <Coords points="2581,760 2981,782 2986,714 2936,704 2865,737 2808,738 2762,728 2731,699 2703,715 2585,705"/>
                <Baseline points="2593,760 2618,760 2643,760 2668,761 2693,762 2719,764 2744,765 2769,768 2794,770 2819,772 2845,774 2870,776 2895,777 2920,779 2945,781 2971,783"/>
                <TextEquiv>
                    <Unicode>Telephon 12801.</Unicode>
                </TextEquiv>
            </TextLine>
            <TextLine id="r1l3" custom="readingOrder {index:2;}">
                <Coords points="2654,863 2672,864 2688,877 2708,880 2733,853 2760,854 2773,864 2782,855 2808,849 2819,858 2839,853 2837,817 2813,818 2792,802 2737,798 2716,805 2689,795 2652,804"/>
                <Baseline points="2664,858 2691,859 2718,858 2745,857 2772,856 2799,854 2827,851"/>
                <TextEquiv>
                    <Unicode></Unicode>
                </TextEquiv>
            </TextLine>
            <TextLine id="r1l4" custom="readingOrder {index:3;}">
                <Coords points="2075,880 2139,891 2228,865 2260,892 2305,874 2508,913 2779,912 2780,861 2736,852 2679,880 2564,813 2512,841 2176,785 2078,839"/>
                <Baseline points="2086,874 2120,870 2154,867 2188,865 2222,865 2256,865 2290,866 2324,868 2358,870 2392,873 2427,877 2461,880 2495,884 2529,887 2563,891 2597,893 2631,896 2665,898 2699,899 2733,899 2768,899"/>
                <TextEquiv>
                    <Unicode>„UBSENVEN</Unicode>
                </TextEquiv>
            </TextLine>
            <TextLine id="r1l5" custom="readingOrder {index:4;}">
                <Coords points="1891,932 2988,977 2990,925 2875,890 2731,920 2315,905 1895,844"/>
                <Baseline points="1902,907 1955,910 2009,912 2063,915 2117,918 2170,920 2224,924 2278,926 2332,929 2385,932 2439,935 2493,939 2547,942 2600,944 2654,947 2708,949 2762,952 2815,954 2869,956 2923,958 2977,960"/>
                <TextEquiv>
                    <Unicode>I. österr. behördl. konz. Unternehmen für Zeitungs-Ausschaltte</Unicode>
                </TextEquiv>
            </TextLine>
            <TextLine id="r1l6" custom="readingOrder {index:5;}">
                <Coords points="2076,991 2145,988 2223,1021 2329,1000 2545,1011 2583,1042 2677,1018 2810,1036 2813,975 2770,953 2499,963 2408,936 2322,965 2079,934"/>
                <Baseline points="2089,980 2124,981 2160,983 2195,985 2231,986 2267,989 2302,990 2338,993 2373,995 2409,997 2445,999 2480,1002 2516,1003 2551,1005 2587,1007 2623,1009 2658,1010 2694,1011 2729,1012 2765,1013 2801,1014"/>
                <TextEquiv>
                    <Unicode>Wien, I., Concordiaplatz 4.</Unicode>
                </TextEquiv>
            </TextLine>
            <TextLine id="r1l7" custom="readingOrder {index:6;}">
                <Coords points="2296,1061 2349,1059 2361,1073 2412,1076 2439,1060 2507,1073 2580,1061 2600,1071 2601,1038 2570,1039 2546,1011 2519,1023 2497,1010 2476,1027 2401,1003 2374,1014 2348,1002 2299,1008"/>
                <Baseline points="2308,1046 2333,1047 2359,1049 2384,1051 2410,1053 2436,1055 2461,1056 2487,1057 2513,1059 2538,1060 2564,1060 2590,1060"/>
                <TextEquiv>
                    <Unicode>Vertretungen</Unicode>
                </TextEquiv>
            </TextLine>
            <TextLine id="r1l8" custom="readingOrder {index:7;}">
                <Coords points="1885,1063 2980,1138 2982,1089 2892,1092 2819,1044 2632,1089 2340,1071 2270,1021 2140,1055 2041,1008 1886,1039"/>
                <Baseline points="1894,1074 1947,1076 2001,1080 2055,1083 2109,1086 2163,1088 2216,1091 2270,1094 2324,1097 2378,1099 2432,1101 2485,1104 2539,1106 2593,1108 2647,1110 2701,1113 2754,1115 2808,1117 2862,1120 2916,1122 2970,1125"/>
                <TextEquiv>
                    <Unicode>in Berlin, Budapest, Chicago, Christiania, Genf, Kopenhagen,</Unicode>
                </TextEquiv>
            </TextLine>
            <TextLine id="r1l9" custom="readingOrder {index:8;}">
                <Coords points="1881,1113 2997,1177 2999,1142 2883,1127 1883,1080"/>
                <Baseline points="1892,1110 1946,1115 2001,1118 2056,1122 2110,1125 2165,1128 2220,1131 2274,1133 2329,1135 2384,1138 2439,1140 2493,1142 2548,1144 2603,1146 2657,1149 2712,1151 2767,1154 2821,1157 2876,1160 2931,1164 2986,1168"/>
                <TextEquiv>
                    <Unicode>London, Madrid, Mailand, Minneapolis, New-Tork, Paris, Rom,</Unicode>
                </TextEquiv>
            </TextLine>
            <TextLine id="r1l10" custom="readingOrder {index:9;}">
                <Coords points="2047,1169 2529,1186 2822,1227 2818,1163 2049,1130"/>
                <Baseline points="2058,1158 2095,1160 2133,1162 2171,1163 2209,1165 2246,1167 2284,1168 2322,1170 2360,1172 2397,1174 2435,1176 2473,1178 2511,1180 2548,1182 2586,1184 2624,1186 2662,1189 2699,1191 2737,1194 2775,1195 2813,1198"/>
                <TextEquiv>
                    <Unicode>San Francisco, Stockholm, St. Petersburg.</Unicode>
                </TextEquiv>
            </TextLine>
            <TextLine id="r1l11" custom="readingOrder {index:10;}">
                <Coords points="2220,1215 2259,1238 2299,1223 2331,1238 2354,1223 2444,1237 2475,1220 2561,1225 2580,1243 2641,1253 2640,1195 2222,1177"/>
                <Baseline points="2232,1205 2257,1206 2282,1207 2307,1208 2332,1208 2357,1210 2382,1211 2407,1212 2432,1212 2457,1214 2482,1215 2507,1216 2532,1218 2557,1220 2582,1222 2607,1223 2632,1226"/>
                <TextEquiv>
                    <Unicode>(Quellenangabe ohne Gewähr.)</Unicode>
                </TextEquiv>
            </TextLine>
            <TextLine id="r1l12" custom="readingOrder {index:11;}">
                <Coords points="1878,1295 1941,1309 1975,1292 2042,1309 2120,1299 2185,1318 2228,1302 2285,1305 2287,1248 2274,1245 2234,1254 2167,1233 2036,1245 2000,1225 1961,1252 1946,1238 1880,1246"/>
                <Baseline points="1890,1283 1915,1284 1941,1285 1967,1287 1992,1288 2018,1290 2044,1291 2069,1293 2095,1293 2121,1295 2146,1296 2172,1298 2198,1298 2223,1299 2249,1299 2275,1299"/>
                <TextEquiv>
                    <Unicode>Ausschnitt aus:</Unicode>
                </TextEquiv>
            </TextLine>
            <TextLine id="r1l13" custom="readingOrder {index:12;}">
                <Coords points="2237,1367 2336,1384 2406,1364 2470,1384 2635,1368 2657,1385 2712,1365 2789,1400 2914,1360 2914,1314 2826,1288 2237,1303"/>
                <Baseline points="2247,1359 2279,1360 2312,1362 2345,1363 2378,1364 2411,1365 2443,1366 2476,1366 2509,1366 2542,1367 2575,1367 2607,1366 2640,1366 2673,1366 2706,1365 2738,1364 2771,1363 2804,1362 2837,1360 2870,1359 2903,1357"/>
                <TextEquiv>
                    <Unicode>esterr. Llustr. Journal, Wien</Unicode>
                </TextEquiv>
            </TextLine>
            <TextLine id="r1l14" custom="readingOrder {index:13;}">
                <Coords points="1874,1386 1913,1393 1933,1387 1946,1395 2025,1395 2043,1390 2046,1339 2033,1340 2022,1333 1997,1354 1990,1351 1981,1359 1973,1352 1946,1355 1927,1343 1920,1349 1916,1344 1876,1344"/>
                <Baseline points="1884,1381 1913,1383 1943,1385 1972,1386 2002,1388 2032,1391"/>
                <TextEquiv>
                    <Unicode>vom:</Unicode>
                </TextEquiv>
            </TextLine>
            <TextLine id="r1l15" custom="readingOrder {index:14;}">
                <Coords points="2037,1382 2076,1380 2091,1390 2123,1374 2146,1394 2183,1400 2197,1390 2233,1406 2265,1401 2326,1412 2328,1375 2301,1357 2283,1363 2240,1345 2228,1355 2207,1342 2191,1346 2147,1316 2135,1325 2089,1326 2074,1316 2056,1328 2040,1325"/>
                <Baseline points="2047,1380 2073,1381 2100,1381 2127,1381 2154,1382 2181,1383 2208,1385 2235,1387 2262,1390 2289,1395 2316,1401"/>
                <TextEquiv>
                    <Unicode>70 5 7906</Unicode>
                </TextEquiv>
            </TextLine>
            <TextLine id="r1l16" custom="readingOrder {index:15;}">
                <Coords points="2020,1548 2886,1555 2906,1489 2570,1481 2414,1509 2310,1485 2238,1513 2112,1482 2020,1504"/>
                <Baseline points="2030,1544 2073,1543 2116,1542 2159,1542 2203,1542 2246,1541 2289,1541 2332,1542 2376,1542 2419,1542 2462,1543 2505,1543 2549,1543 2592,1544 2635,1544 2678,1544 2722,1544 2765,1544 2808,1544 2851,1544 2895,1543"/>
                <TextEquiv>
                    <Unicode>Im Theater an der Wien gastieren</Unicode>
                </TextEquiv>
            </TextLine>
            <TextLine id="r1l17" custom="readingOrder {index:16;}">
                <Coords points="1921,1604 2797,1610 2909,1575 2909,1551 2702,1540 2634,1571 2440,1539 2154,1573 1921,1549"/>
                <Baseline points="1933,1594 1981,1594 2029,1594 2077,1593 2126,1593 2174,1593 2222,1593 2271,1592 2319,1592 2367,1592 2416,1592 2464,1591 2512,1591 2560,1591 2609,1591 2657,1591 2705,1591 2754,1591 2802,1591 2850,1592 2899,1592"/>
                <TextEquiv>
                    <Unicode>jetzt sehr erfolgreich wieder die „Deutschen“</Unicode>
                </TextEquiv>
            </TextLine>
            <TextLine id="r1l18" custom="readingOrder {index:17;}">
                <Coords points="1928,1649 2912,1646 2911,1605 2823,1594 1928,1612"/>
                <Baseline points="1940,1644 1988,1644 2036,1643 2084,1643 2132,1642 2180,1642 2228,1641 2276,1641 2324,1641 2372,1640 2420,1640 2468,1640 2516,1639 2564,1639 2612,1639 2660,1638 2708,1638 2756,1638 2804,1638 2852,1637 2901,1637"/>
                <TextEquiv>
                    <Unicode>Mit zwei Halbnenheiten für Wien wurde das</Unicode>
                </TextEquiv>
            </TextLine>
            <TextLine id="r1l19" custom="readingOrder {index:18;}">
                <Coords points="1917,1716 2900,1692 2900,1659 2770,1641 1917,1652"/>
                <Baseline points="1927,1687 1975,1689 2023,1690 2071,1691 2119,1692 2167,1692 2215,1692 2263,1692 2311,1692 2359,1691 2408,1691 2456,1690 2504,1689 2552,1689 2600,1688 2648,1687 2696,1686 2744,1685 2792,1684 2840,1683 2889,1682"/>
                <TextEquiv>
                    <Unicode>Gesamtgastspiel des Berliner Lessing=Theaters</Unicode>
                </TextEquiv>
            </TextLine>
            <TextLine id="r1l20" custom="readingOrder {index:19;}">
                <Coords points="1074,1753 1167,1746 1178,1758 1279,1749 1314,1759 1334,1748 1353,1764 1387,1749 1411,1765 1461,1758 1463,1705 1406,1675 1386,1688 1338,1667 1316,1684 1256,1687 1232,1671 1204,1679 1134,1646 1076,1658"/>
                <Baseline points="1086,1720 1112,1721 1138,1722 1164,1722 1190,1723 1216,1723 1242,1723 1269,1723 1295,1724 1321,1725 1347,1725 1373,1726 1399,1727 1425,1729 1452,1732"/>
                <TextEquiv>
                    <Unicode>Telephon 12801.</Unicode>
                </TextEquiv>
            </TextLine>
            <TextLine id="r1l21" custom="readingOrder {index:20;}">
                <Coords points="1926,1749 2795,1750 2896,1727 2896,1694 1926,1705"/>
                <Baseline points="1938,1738 1985,1739 2032,1739 2080,1740 2127,1740 2174,1740 2222,1740 2269,1740 2316,1740 2364,1740 2411,1740 2458,1740 2506,1739 2553,1739 2600,1738 2648,1737 2695,1736 2742,1735 2790,1734 2837,1733 2885,1731"/>
                <TextEquiv>
                    <Unicode>eröffnet: mit der Studie „Der Puppen¬</Unicode>
                </TextEquiv>
            </TextLine>
            <TextLine id="r1l22" custom="readingOrder {index:21;}">
                <Coords points="1923,1790 2882,1798 2906,1731 1923,1757"/>
                <Baseline points="1935,1788 1983,1788 2031,1789 2079,1789 2127,1789 2175,1789 2223,1789 2271,1789 2319,1789 2367,1789 2415,1788 2463,1788 2511,1787 2559,1787 2607,1786 2655,1785 2703,1784 2751,1782 2799,1781 2847,1779 2895,1778"/>
                <TextEquiv>
                    <Unicode>spieler“ von Schnitzler und dem Nachtstück</Unicode>
                </TextEquiv>
            </TextLine>
            <TextLine id="r1l23" custom="readingOrder {index:22;}">
                <Coords points="1168,1853 1179,1852 1206,1824 1259,1830 1263,1825 1274,1827 1293,1810 1298,1815 1309,1814 1306,1777 1291,1780 1277,1767 1271,1774 1251,1767 1240,1776 1227,1768 1207,1778 1163,1774"/>
                <Baseline points="1177,1825 1207,1826 1237,1824 1267,1821 1298,1820"/>
                <TextEquiv>
                    <Unicode>5</Unicode>
                </TextEquiv>
            </TextLine>
            <TextLine id="r1l24" custom="readingOrder {index:23;}">
                <Coords points="1912,1845 2914,1841 2913,1782 2636,1807 1912,1790"/>
                <Baseline points="1923,1843 1972,1841 2021,1839 2070,1838 2119,1837 2168,1836 2217,1836 2266,1836 2315,1836 2364,1836 2413,1836 2462,1836 2511,1835 2560,1835 2609,1835 2658,1834 2707,1834 2756,1833 2805,1831 2854,1829 2903,1827"/>
                <TextEquiv>
                    <Unicode>„Elga“ von Gerhart Hauptmann, dieses</Unicode>
                </TextEquiv>
            </TextLine>
            <TextLine id="r1l25" custom="readingOrder {index:24;}">
                <Coords points="534,1876 774,1863 897,1886 996,1862 1018,1884 1068,1864 1242,1891 1242,1836 1212,1823 1181,1849 1044,1847 959,1804 897,1839 846,1813 805,1837 732,1799 662,1812 629,1790 534,1836"/>
                <Baseline points="544,1878 578,1874 612,1870 647,1867 681,1865 715,1864 750,1863 784,1863 818,1863 853,1863 887,1864 921,1865 956,1866 990,1868 1024,1869 1059,1870 1093,1870 1127,1871 1162,1871 1196,1870 1231,1869"/>
                <TextEquiv>
                    <Unicode>„USSERVEN</Unicode>
                </TextEquiv>
            </TextLine>
            <TextLine id="r1l26" custom="readingOrder {index:25;}">
                <Coords points="1912,1888 2871,1899 2906,1852 1911,1855"/>
                <Baseline points="1922,1889 1970,1888 2019,1887 2067,1886 2116,1885 2165,1884 2213,1884 2262,1883 2311,1883 2359,1883 2408,1882 2457,1882 2505,1882 2554,1882 2603,1881 2651,1881 2700,1881 2749,1880 2797,1879 2846,1879 2895,1878"/>
                <TextEquiv>
                    <Unicode>nach einer Grillparzerschen Novelle. Der „Puppen¬</Unicode>
                </TextEquiv>
            </TextLine>
            <TextLine id="r1l27" custom="readingOrder {index:26;}">
                <Coords points="370,1944 1048,1922 1322,1960 1470,1923 1470,1875 1310,1852 1217,1892 370,1860"/>
                <Baseline points="380,1925 436,1922 493,1920 550,1919 607,1919 663,1918 720,1919 777,1919 834,1920 891,1921 947,1922 1004,1923 1061,1923 1118,1924 1175,1924 1231,1924 1288,1924 1345,1923 1402,1921 1459,1919"/>
                <TextEquiv>
                    <Unicode>I. österr. behördl. konz. Unternehmen für Zeitungs-Ausschnitte</Unicode>
                </TextEquiv>
            </TextLine>
            <TextLine id="r1l28" custom="readingOrder {index:27;}">
                <Coords points="1917,1963 2180,1932 2317,1959 2400,1932 2909,1949 2908,1883 1916,1890"/>
                <Baseline points="1927,1937 1975,1936 2024,1936 2072,1935 2121,1935 2169,1934 2218,1933 2266,1933 2315,1932 2363,1932 2412,1932 2460,1931 2509,1931 2557,1930 2606,1930 2654,1930 2703,1929 2751,1929 2800,1929 2848,1928 2897,1928"/>
                <TextEquiv>
                    <Unicode>spieler“ hat uns schon vor etwa zwei Jahren in</Unicode>
                </TextEquiv>
            </TextLine>
            <TextLine id="r1l29" custom="readingOrder {index:28;}">
                <Coords points="1914,1979 2684,1999 2860,1991 2910,1977 2910,1942 1913,1946"/>
                <Baseline points="1924,1986 1972,1986 2021,1985 2070,1984 2119,1984 2167,1983 2216,1983 2265,1982 2314,1982 2362,1981 2411,1981 2460,1981 2509,1980 2557,1980 2606,1980 2655,1979 2704,1979 2752,1978 2801,1978 2850,1978 2899,1978"/>
                <TextEquiv>
                    <Unicode>einer Matinee im Carl=Theater seine Theorie</Unicode>
                </TextEquiv>
            </TextLine>
            <TextLine id="r1l30" custom="readingOrder {index:29;}">
                <Coords points="554,1999 776,2007 816,1983 858,2003 944,1988 1087,2008 1109,1990 1150,2019 1289,2013 1289,1943 1261,1936 1219,1958 1032,1926 981,1950 898,1924 799,1945 752,1930 724,1954 638,1925 554,1940"/>
                <Baseline points="566,1981 601,1982 637,1983 672,1984 708,1984 744,1984 779,1985 815,1985 850,1985 886,1985 922,1985 957,1985 993,1985 1028,1985 1064,1985 1100,1985 1135,1985 1171,1985 1206,1985 1242,1985 1278,1985"/>
                <TextEquiv>
                    <Unicode>Wien, I., Concordiaplatz 4.</Unicode>
                </TextEquiv>
            </TextLine>
            <TextLine id="r1l31" custom="readingOrder {index:30;}">
                <Coords points="1912,2034 2905,2038 2904,1994 2812,1982 2048,1982 1912,2014"/>
                <Baseline points="1924,2034 1972,2034 2021,2034 2069,2034 2118,2034 2166,2033 2215,2033 2263,2032 2312,2032 2360,2031 2409,2030 2457,2030 2506,2029 2554,2028 2603,2028 2651,2028 2700,2027 2748,2027 2797,2028 2845,2028 2894,2028"/>
                <TextEquiv>
                    <Unicode>entwickelt, die darin gipfelt, nur derjenige könne</Unicode>
                </TextEquiv>
            </TextLine>
            <TextLine id="r1l32" custom="readingOrder {index:31;}">
                <Coords points="778,2054 813,2050 853,2066 950,2047 1031,2061 1060,2041 1086,2050 1086,2013 1055,2017 989,2003 866,2011 849,1993 822,2006 778,1999"/>
                <Baseline points="790,2037 816,2039 842,2040 868,2041 894,2041 920,2042 946,2042 972,2041 998,2041 1024,2041 1050,2041 1076,2041"/>
                <TextEquiv>
                    <Unicode>Vertretungen</Unicode>
                </TextEquiv>
            </TextLine>
            <TextLine id="r1l33" custom="readingOrder {index:32;}">
                <Coords points="1920,2088 2904,2086 2903,2040 2762,2030 1920,2057"/>
                <Baseline points="1932,2084 1980,2084 2028,2083 2076,2083 2124,2082 2172,2082 2220,2081 2268,2081 2316,2080 2364,2080 2412,2079 2460,2078 2508,2078 2556,2077 2604,2077 2652,2076 2700,2076 2748,2075 2796,2075 2844,2074 2893,2073"/>
                <TextEquiv>
                    <Unicode>mit den übrigen Menschen wie mit Puppen</Unicode>
                </TextEquiv>
            </TextLine>
            <TextLine id="r1l34" custom="readingOrder {index:33;}">
                <Coords points="371,2085 1458,2099 1458,2051 1312,2014 1176,2058 828,2061 767,2022 672,2055 520,2014 371,2052"/>
                <Baseline points="382,2088 435,2089 488,2089 541,2090 594,2090 648,2090 701,2089 754,2089 807,2089 860,2089 914,2088 967,2088 1020,2087 1073,2087 1126,2087 1180,2087 1233,2087 1286,2087 1339,2087 1392,2088 1446,2088"/>
                <TextEquiv>
                    <Unicode>in Berlin, Budapest, Chicago, Christiania, Genf, Kopenhagen,</Unicode>
                </TextEquiv>
            </TextLine>
            <TextLine id="r1l35" custom="readingOrder {index:34;}">
                <Coords points="1926,2148 2836,2143 2915,2126 2915,2098 2134,2079 2083,2110 1925,2086"/>
                <Baseline points="1936,2134 1984,2134 2032,2134 2081,2133 2129,2133 2178,2132 2226,2132 2274,2131 2323,2130 2371,2129 2420,2128 2468,2127 2516,2127 2565,2126 2613,2125 2662,2125 2710,2124 2758,2124 2807,2124 2855,2125 2904,2126"/>
                <TextEquiv>
                    <Unicode>spielen, der die Freiheit seiner Entschließungen</Unicode>
                </TextEquiv>
            </TextLine>
            <TextLine id="r1l36" custom="readingOrder {index:35;}">
                <Coords points="369,2147 1381,2146 1465,2135 1465,2098 369,2109"/>
                <Baseline points="381,2126 434,2128 488,2128 541,2129 595,2129 649,2130 702,2130 756,2130 810,2130 863,2130 917,2129 971,2129 1024,2129 1078,2128 1132,2128 1185,2128 1239,2128 1293,2128 1346,2128 1400,2128 1454,2128"/>
                <TextEquiv>
                    <Unicode>London, Madrid, Mailand, Minneapolis, New-York, Paris, Rom,</Unicode>
                </TextEquiv>
            </TextLine>
            <TextLine id="r1l37" custom="readingOrder {index:36;}">
                <Coords points="539,2182 1111,2169 1243,2201 1311,2174 1311,2139 1278,2133 539,2134"/>
                <Baseline points="550,2164 587,2164 625,2164 662,2164 700,2165 737,2165 775,2165 812,2165 850,2165 887,2165 925,2165 962,2165 1000,2165 1037,2165 1075,2166 1112,2166 1150,2166 1187,2166 1225,2167 1262,2167 1300,2168"/>
                <TextEquiv>
                    <Unicode>San Francisco, Stockholm, St. Petersburg.</Unicode>
                </TextEquiv>
            </TextLine>
            <TextLine id="r1l38" custom="readingOrder {index:37;}">
                <Coords points="1916,2188 2864,2190 2908,2185 2908,2146 1916,2149"/>
                <Baseline points="1928,2183 1976,2182 2024,2181 2073,2181 2121,2180 2170,2179 2218,2179 2266,2178 2315,2178 2363,2177 2412,2177 2460,2176 2508,2176 2557,2176 2605,2175 2654,2174 2702,2173 2750,2173 2799,2172 2847,2171 2896,2170"/>
                <TextEquiv>
                    <Unicode>und Handlungen weder um Gold noch um Liebe</Unicode>
                </TextEquiv>
            </TextLine>
            <TextLine id="r1l39" custom="readingOrder {index:38;}">
                <Coords points="711,2235 763,2234 796,2216 827,2231 908,2217 937,2241 1001,2225 1025,2235 1058,2213 1133,2219 1132,2170 941,2184 778,2170 710,2182"/>
                <Baseline points="721,2204 746,2205 771,2206 796,2206 821,2206 846,2205 871,2205 896,2204 921,2204 946,2202 971,2202 996,2201 1021,2201 1046,2201 1071,2202 1096,2202 1121,2204"/>
                <TextEquiv>
                    <Unicode>(Quellenangabe ohne Gewähr)</Unicode>
                </TextEquiv>
            </TextLine>
            <TextLine id="r1l40" custom="readingOrder {index:39;}">
                <Coords points="1922,2239 2908,2227 2908,2196 2797,2177 1922,2180"/>
                <Baseline points="1934,2231 1982,2230 2030,2229 2078,2229 2126,2228 2174,2227 2222,2227 2270,2227 2318,2226 2366,2226 2415,2226 2463,2225 2511,2225 2559,2225 2607,2224 2655,2223 2703,2223 2751,2222 2799,2221 2847,2220 2896,2218"/>
                <TextEquiv>
                    <Unicode>verschachert. Daß er dabei kein Hemd anzuziehen</Unicode>
                </TextEquiv>
            </TextLine>
            <TextLine id="r1l41" custom="readingOrder {index:40;}">
                <Coords points="1317,2248 1330,2251 1344,2241 1413,2263 1435,2258 1480,2281 1507,2276 1528,2284 1551,2276 1556,2199 1502,2183 1468,2194 1453,2184 1409,2181 1385,2189 1356,2180 1343,2190 1321,2187"/>
                <Baseline points="1328,2235 1354,2235 1381,2237 1407,2240 1434,2243 1461,2245 1487,2246 1514,2246 1541,2244"/>
                <TextEquiv>
                    <Unicode>E. 1906</Unicode>
                </TextEquiv>
            </TextLine>
            <TextLine id="r1l42" custom="readingOrder {index:41;}">
                <Coords points="1926,2290 2848,2293 2896,2233 1926,2238"/>
                <Baseline points="1938,2279 1985,2278 2032,2277 2080,2277 2127,2276 2174,2276 2222,2276 2269,2276 2316,2275 2364,2275 2411,2275 2458,2275 2506,2275 2553,2275 2600,2274 2648,2273 2695,2272 2742,2271 2790,2270 2837,2269 2885,2267"/>
                <TextEquiv>
                    <Unicode>hat und wohl häufig genug bei „Mutter Grün“</Unicode>
                </TextEquiv>
            </TextLine>
            <TextLine id="r1l43" custom="readingOrder {index:42;}">
                <Coords points="381,2293 493,2319 570,2293 1415,2309 1415,2241 1281,2212 1079,2243 799,2216 381,2238"/>
                <Baseline points="392,2284 442,2284 493,2285 543,2286 594,2287 645,2287 695,2287 746,2288 796,2288 847,2288 898,2288 948,2288 999,2288 1049,2288 1100,2288 1151,2287 1201,2287 1252,2286 1302,2286 1353,2285 1404,2285"/>
                <TextEquiv>
                    <Unicode>Ausschnitt aus: Hamburger Nachrichten</Unicode>
                </TextEquiv>
            </TextLine>
            <TextLine id="r1l44" custom="readingOrder {index:43;}">
                <Coords points="1927,2344 2904,2319 2888,2273 1926,2289"/>
                <Baseline points="1937,2328 1984,2328 2032,2328 2080,2328 2128,2327 2176,2327 2223,2326 2271,2326 2319,2325 2367,2324 2415,2323 2462,2322 2510,2321 2558,2320 2606,2320 2654,2319 2701,2318 2749,2317 2797,2316 2845,2315 2893,2314"/>
                <TextEquiv>
                    <Unicode>zu Gast sein muß, geniert nicht. Herr Basser¬</Unicode>
                </TextEquiv>
            </TextLine>
            <TextLine id="r1l45" custom="readingOrder {index:44;}">
                <Coords points="938,2368 958,2366 999,2385 1063,2371 1116,2386 1147,2376 1203,2401 1234,2391 1237,2308 1213,2300 1179,2324 1160,2310 1129,2318 1089,2301 1032,2317 1010,2304 961,2313 940,2306"/>
                <Baseline points="950,2358 977,2359 1004,2360 1031,2360 1059,2361 1086,2361 1113,2361 1141,2363 1168,2363 1195,2365 1223,2368"/>
                <TextEquiv>
                    <Unicode>Hamburg</Unicode>
                </TextEquiv>
            </TextLine>
            <TextLine id="r1l46" custom="readingOrder {index:45;}">
                <Coords points="1920,2374 2906,2372 2905,2315 1920,2346"/>
                <Baseline points="1931,2379 1979,2378 2027,2378 2075,2377 2123,2376 2172,2375 2220,2374 2268,2374 2316,2373 2364,2372 2413,2372 2461,2371 2509,2371 2557,2370 2605,2370 2654,2369 2702,2368 2750,2368 2798,2367 2846,2366 2895,2365"/>
                <TextEquiv>
                    <Unicode>mann spielte die Titelrolle in einer Weise, die</Unicode>
                </TextEquiv>
            </TextLine>
            <TextLine id="r1l47" custom="readingOrder {index:46;}">
                <Coords points="388,2403 399,2403 413,2393 496,2396 538,2391 540,2351 487,2345 476,2351 450,2332 443,2339 433,2327 426,2331 413,2322 391,2324"/>
                <Baseline points="400,2382 425,2384 451,2385 476,2385 502,2386 528,2388"/>
                <TextEquiv>
                    <Unicode>vom:</Unicode>
                </TextEquiv>
            </TextLine>
            <TextLine id="r1l48" custom="readingOrder {index:47;}">
                <Coords points="1911,2433 2912,2424 2911,2371 1910,2382"/>
                <Baseline points="1922,2426 1970,2425 2019,2424 2068,2423 2117,2422 2166,2421 2215,2421 2264,2420 2313,2420 2362,2420 2411,2420 2459,2420 2508,2419 2557,2419 2606,2419 2655,2418 2704,2418 2753,2417 2802,2416 2851,2415 2900,2414"/>
                <TextEquiv>
                    <Unicode>an die Genialität und das große Können Mitter¬</Unicode>
                </TextEquiv>
            </TextLine>
            <TextLine id="r1l49" custom="readingOrder {index:48;}">
                <Coords points="1919,2489 2829,2483 2908,2475 2908,2423 1918,2432"/>
                <Baseline points="1930,2477 1978,2475 2026,2474 2075,2472 2123,2472 2172,2471 2220,2470 2268,2470 2317,2469 2365,2469 2414,2469 2462,2468 2510,2468 2559,2468 2607,2468 2656,2467 2704,2467 2752,2467 2801,2466 2849,2465 2898,2465"/>
                <TextEquiv>
                    <Unicode>wurzers lebhaft erinnerte. Etwas Schmeichel¬</Unicode>
                </TextEquiv>
            </TextLine>
            <TextLine id="r1l50" custom="readingOrder {index:49;}">
                <Coords points="1920,2525 2765,2535 2901,2512 2901,2472 2692,2499 2643,2470 1920,2488"/>
                <Baseline points="1930,2526 1978,2524 2026,2523 2074,2522 2122,2521 2170,2521 2218,2520 2266,2520 2314,2520 2362,2519 2410,2519 2458,2519 2506,2519 2554,2519 2602,2518 2650,2518 2698,2517 2746,2517 2794,2516 2842,2514 2891,2513"/>
                <TextEquiv>
                    <Unicode>hafteres kann man ihm kaum sagen. „Elga“</Unicode>
                </TextEquiv>
            </TextLine>
            <TextLine id="r1l51" custom="readingOrder {index:50;}">
                <Coords points="557,2556 1263,2578 1307,2559 1309,2491 1113,2477 969,2503 776,2470 559,2474"/>
                <Baseline points="569,2539 605,2541 641,2542 678,2544 714,2545 751,2546 787,2546 823,2547 860,2548 896,2549 933,2549 969,2549 1005,2550 1042,2550 1078,2551 1115,2552 1151,2553 1187,2554 1224,2555 1260,2557 1297,2558"/>
                <TextEquiv>
                    <Unicode>Theäter und müsik.</Unicode>
                </TextEquiv>
            </TextLine>
            <TextLine id="r1l52" custom="readingOrder {index:51;}">
                <Coords points="1923,2588 2902,2571 2901,2527 2861,2521 1922,2537"/>
                <Baseline points="1934,2576 1981,2574 2029,2572 2077,2571 2125,2570 2173,2569 2221,2569 2268,2568 2316,2568 2364,2568 2412,2568 2460,2568 2508,2568 2556,2567 2603,2567 2651,2567 2699,2566 2747,2565 2795,2564 2843,2563 2891,2561"/>
                <TextEquiv>
                    <Unicode>wurde von Hauptmann  ach der Novelle „Das</Unicode>
                </TextEquiv>
            </TextLine>
            <TextLine id="r1l53" custom="readingOrder {index:52;}">
                <Coords points="486,2604 1199,2610 1413,2653 1415,2572 771,2550 656,2573 487,2544"/>
                <Baseline points="497,2596 542,2598 587,2599 632,2600 678,2602 723,2603 768,2604 814,2605 859,2606 904,2607 950,2608 995,2609 1040,2610 1085,2612 1131,2613 1176,2614 1221,2616 1267,2617 1312,2619 1357,2621 1403,2623"/>
                <TextEquiv>
                    <Unicode>Ik. Das Ensemble des Berliner Lessing=</Unicode>
                </TextEquiv>
            </TextLine>
            <TextLine id="r1l54" custom="readingOrder {index:53;}">
                <Coords points="1919,2634 2355,2634 2390,2600 2516,2634 2905,2630 2904,2570 2812,2565 1919,2588"/>
                <Baseline points="1930,2626 1978,2623 2026,2621 2074,2619 2122,2618 2170,2617 2218,2616 2267,2615 2315,2615 2363,2614 2411,2614 2459,2614 2507,2614 2555,2614 2604,2614 2652,2614 2700,2613 2748,2613 2796,2612 2844,2611 2893,2610"/>
                <TextEquiv>
                    <Unicode>Kloster bei Sendomir“ dramatisiert, die Grill¬</Unicode>
                </TextEquiv>
            </TextLine>
            <TextLine id="r1l55" custom="readingOrder {index:54;}">
                <Coords points="465,2646 1371,2681 1397,2609 906,2624 466,2597"/>
                <Baseline points="476,2637 521,2640 566,2643 612,2645 657,2647 703,2649 748,2651 794,2652 839,2654 885,2655 930,2656 975,2657 1021,2658 1066,2658 1112,2659 1157,2659 1203,2660 1248,2660 1294,2661 1339,2661 1385,2662"/>
                <TextEquiv>
                    <Unicode>theaters eröffnete gestern, wie uns ein Privat¬</Unicode>
                </TextEquiv>
            </TextLine>
            <TextLine id="r1l56" custom="readingOrder {index:55;}">
                <Coords points="1910,2679 2861,2675 2898,2628 1910,2632"/>
                <Baseline points="1921,2674 1969,2673 2017,2671 2065,2670 2114,2669 2162,2668 2210,2667 2259,2666 2307,2665 2355,2665 2404,2664 2452,2663 2500,2663 2548,2662 2597,2662 2645,2662 2693,2661 2742,2661 2790,2661 2838,2661 2887,2661"/>
                <TextEquiv>
                    <Unicode>parzr „nach einer als wahr überlieferten Be¬</Unicode>
                </TextEquiv>
            </TextLine>
            <TextLine id="r1l57" custom="readingOrder {index:56;}">
                <Coords points="460,2686 1397,2724 1398,2676 1345,2668 461,2646"/>
                <Baseline points="471,2685 516,2688 562,2689 608,2691 654,2694 699,2695 745,2696 791,2698 837,2699 882,2700 928,2701 974,2702 1020,2702 1065,2703 1111,2704 1157,2704 1203,2705 1248,2705 1294,2706 1340,2706 1386,2707"/>
                <TextEquiv>
                    <Unicode>Telegkamm meldet, im Theater an der Wien ein</Unicode>
                </TextEquiv>
            </TextLine>
            <TextLine id="r1l58" custom="readingOrder {index:57;}">
                <Coords points="1922,2726 2897,2722 2896,2661 2417,2661 2158,2697 1922,2678"/>
                <Baseline points="1934,2724 1981,2721 2029,2720 2076,2718 2124,2717 2171,2716 2219,2715 2266,2714 2314,2713 2361,2713 2409,2713 2457,2713 2504,2713 2552,2712 2599,2712 2647,2712 2694,2712 2742,2712 2789,2712 2837,2711 2885,2711"/>
                <TextEquiv>
                    <Unicode>gebenheit“ im Jahre 1828 in dem Almanach</Unicode>
                </TextEquiv>
            </TextLine>
            <TextLine id="r1l59" custom="readingOrder {index:58;}">
                <Coords points="473,2748 1411,2756 1337,2712 475,2697"/>
                <Baseline points="485,2735 530,2735 576,2736 622,2738 668,2738 713,2740 759,2741 805,2742 851,2744 896,2745 942,2746 988,2747 1034,2748 1079,2750 1125,2751 1171,2752 1217,2753 1262,2754 1308,2755 1354,2756 1400,2756"/>
                <TextEquiv>
                    <Unicode>auf sechs Wochen berechnetes Gastspiel mit</Unicode>
                </TextEquiv>
            </TextLine>
            <TextLine id="r1l60" custom="readingOrder {index:59;}">
                <Coords points="1916,2777 2866,2774 2899,2769 2899,2720 1975,2723 1916,2750"/>
                <Baseline points="1927,2774 1975,2771 2023,2769 2071,2767 2119,2765 2167,2764 2215,2763 2263,2763 2311,2763 2359,2763 2408,2763 2456,2763 2504,2763 2552,2763 2600,2763 2648,2762 2696,2761 2744,2760 2792,2759 2840,2756 2889,2753"/>
                <TextEquiv>
                    <Unicode>„Aglaja“ veröffentlicht hatte. In der Novelle</Unicode>
                </TextEquiv>
            </TextLine>
            <TextLine id="r1l61" custom="readingOrder {index:60;}">
                <Coords points="471,2785 635,2812 684,2784 1319,2818 1399,2794 1400,2761 472,2748"/>
                <Baseline points="481,2782 526,2782 571,2782 616,2782 662,2782 707,2783 752,2784 798,2785 843,2786 888,2788 934,2789 979,2791 1024,2793 1069,2794 1115,2796 1160,2797 1205,2799 1251,2799 1296,2800 1341,2801 1387,2801"/>
                <TextEquiv>
                    <Unicode>Schnitzlers„Puppenspieler" und Haupt¬</Unicode>
                </TextEquiv>
            </TextLine>
            <TextLine id="r1l62" custom="readingOrder {index:61;}">
                <Coords points="1911,2824 2915,2818 2914,2756 1911,2775"/>
                <Baseline points="1923,2820 1972,2819 2021,2818 2070,2817 2119,2816 2168,2815 2217,2815 2266,2814 2315,2813 2364,2812 2413,2812 2462,2811 2511,2811 2560,2810 2609,2809 2658,2809 2707,2808 2756,2807 2805,2807 2854,2805 2903,2805"/>
                <TextEquiv>
                    <Unicode>gelangt ein Ritter in das bezeichnete Kloster</Unicode>
                </TextEquiv>
            </TextLine>
            <TextLine id="r1l63" custom="readingOrder {index:62;}">
                <Coords points="458,2831 880,2853 1083,2833 1388,2868 1359,2805 1238,2822 684,2784 633,2809 460,2778"/>
                <Baseline points="469,2825 514,2825 559,2826 605,2827 650,2827 696,2829 741,2830 786,2832 832,2833 877,2834 923,2836 968,2837 1013,2839 1059,2840 1104,2841 1150,2842 1195,2843 1240,2844 1286,2844 1331,2844 1377,2844"/>
                <TextEquiv>
                    <Unicode>manns „Elga“. Das sehr gut besuchte, jedoch</Unicode>
                </TextEquiv>
            </TextLine>
            <TextLine id="r1l64" custom="readingOrder {index:63;}">
                <Coords points="2352,2859 2405,2873 2748,2862 2798,2875 2849,2856 2849,2825 2785,2811 2572,2829 2541,2811 2352,2822"/>
                <Baseline points="2362,2858 2387,2858 2412,2858 2437,2858 2462,2858 2487,2858 2512,2858 2537,2858 2562,2859 2587,2859 2612,2859 2637,2859 2662,2859 2687,2859 2712,2859 2737,2859 2762,2859 2787,2858 2812,2858 2838,2858"/>
                <TextEquiv>
                    <Unicode>ein Graf Starschensky ¬</Unicode>
                </TextEquiv>
            </TextLine>
            <TextLine id="r1l65" custom="readingOrder {index:64;}">
                <Coords points="1922,2878 2021,2874 2036,2858 2096,2881 2135,2865 2180,2879 2193,2868 2241,2867 2254,2878 2296,2863 2295,2822 2279,2818 2103,2815 2049,2834 1998,2822 1976,2835 1921,2819"/>
                <Baseline points="1933,2865 1958,2866 1983,2866 2008,2866 2033,2866 2058,2866 2083,2865 2109,2865 2134,2864 2159,2863 2184,2862 2209,2861 2234,2860 2259,2860 2285,2859"/>
                <TextEquiv>
                    <Unicode>und ein Mönch</Unicode>
                </TextEquiv>
            </TextLine>
            <TextLine id="r1l66" custom="readingOrder {index:65;}">
                <Coords points="452,2872 1398,2904 1399,2860 1296,2845 453,2826"/>
                <Baseline points="464,2872 510,2872 556,2873 602,2873 648,2874 694,2874 740,2875 787,2876 833,2877 879,2878 925,2879 971,2880 1017,2881 1063,2882 1110,2883 1156,2884 1202,2885 1248,2886 1294,2888 1340,2889 1387,2889"/>
                <TextEquiv>
                    <Unicode>nicht ausvertaufte Haus brachte beiden Stücken</Unicode>
                </TextEquiv>
            </TextLine>
            <TextLine id="r1l67" custom="readingOrder {index:66;}">
                <Coords points="1922,2922 2897,2910 2896,2855 1922,2878"/>
                <Baseline points="1934,2917 1981,2916 2029,2916 2076,2915 2124,2914 2172,2913 2219,2912 2267,2912 2314,2911 2362,2910 2410,2910 2457,2909 2505,2908 2552,2908 2600,2907 2648,2907 2695,2907 2743,2906 2790,2906 2838,2906 2886,2906"/>
                <TextEquiv>
                    <Unicode>erzählte ihm seine eigene Lebensgeschichte. Er</Unicode>
                </TextEquiv>
            </TextLine>
            <TextLine id="r1l68" custom="readingOrder {index:67;}">
                <Coords points="459,2927 1268,2953 1387,2940 1388,2905 460,2874"/>
                <Baseline points="470,2918 515,2919 560,2919 606,2920 651,2921 696,2922 742,2922 787,2923 832,2925 878,2925 923,2927 968,2928 1014,2928 1059,2930 1104,2930 1150,2931 1195,2932 1240,2933 1286,2933 1331,2933 1377,2934"/>
                <TextEquiv>
                    <Unicode>großes Interesse entgegen, ohne sich aber zu er¬</Unicode>
                </TextEquiv>
            </TextLine>
            <TextLine id="r1l69" custom="readingOrder {index:68;}">
                <Coords points="1928,2972 2347,2986 2901,2953 2900,2917 2834,2912 1928,2928"/>
                <Baseline points="1940,2969 1987,2967 2035,2965 2082,2963 2130,2962 2177,2961 2225,2960 2272,2959 2320,2959 2367,2958 2415,2958 2462,2958 2510,2957 2557,2957 2605,2957 2652,2957 2700,2956 2747,2955 2795,2955 2842,2954 2890,2953"/>
                <TextEquiv>
                    <Unicode>hatte ein schönes, junges Weib, das ihm alles</Unicode>
                </TextEquiv>
            </TextLine>
            <TextLine id="r1l70" custom="readingOrder {index:69;}">
                <Coords points="467,2964 1351,2990 1384,2979 1385,2940 468,2924"/>
                <Baseline points="478,2961 522,2963 567,2964 612,2965 657,2967 701,2968 746,2969 791,2970 836,2971 880,2972 925,2972 970,2973 1015,2974 1059,2974 1104,2975 1149,2976 1194,2976 1238,2977 1283,2978 1328,2979 1373,2980"/>
                <TextEquiv>
                    <Unicode>wärmen. Dies gilt namentlich von „Elga“. Das</Unicode>
                </TextEquiv>
            </TextLine>
            <TextLine id="r1l71" custom="readingOrder {index:70;}">
                <Coords points="1929,3020 2902,3018 2901,2960 2127,2983 2041,2960 1929,2992"/>
                <Baseline points="1940,3014 1987,3013 2035,3012 2082,3011 2130,3010 2177,3010 2225,3009 2272,3009 2320,3008 2367,3008 2415,3008 2463,3007 2510,3007 2558,3007 2605,3006 2653,3006 2700,3006 2748,3005 2795,3005 2843,3004 2891,3003"/>
                <TextEquiv>
                    <Unicode>gewesen, Frühling, Sonne, das ihm Duft,</Unicode>
                </TextEquiv>
            </TextLine>
            <TextLine id="r1l72" custom="readingOrder {index:71;}">
                <Coords points="464,3018 1186,3018 1289,3046 1388,3030 1389,2977 465,2963"/>
                <Baseline points="474,3006 519,3008 564,3010 609,3011 654,3013 699,3014 744,3015 789,3016 834,3017 879,3017 925,3018 970,3018 1015,3019 1060,3019 1105,3020 1150,3020 1195,3021 1240,3022 1285,3023 1330,3024 1376,3025"/>
                <TextEquiv>
                    <Unicode>Stück ermüdete; der mäßige Applaus galt der</Unicode>
                </TextEquiv>
            </TextLine>
            <TextLine id="r1l73" custom="readingOrder {index:72;}">
                <Coords points="1919,3060 2892,3063 2911,3015 1919,3016"/>
                <Baseline points="1931,3059 1979,3058 2027,3058 2076,3058 2124,3058 2173,3058 2221,3057 2270,3057 2318,3056 2367,3056 2415,3055 2463,3055 2512,3054 2560,3054 2609,3053 2657,3053 2706,3053 2754,3052 2803,3052 2851,3052 2900,3052"/>
                <TextEquiv>
                    <Unicode>Wärme und Licht gegeben und das ihn in die</Unicode>
                </TextEquiv>
            </TextLine>
            <TextLine id="r1l74" custom="readingOrder {index:73;}">
                <Coords points="470,3067 1358,3082 1387,3076 1388,3030 471,3021"/>
                <Baseline points="481,3054 525,3055 570,3055 615,3056 660,3057 705,3058 749,3059 794,3060 839,3061 884,3062 929,3064 973,3065 1018,3065 1063,3066 1108,3067 1153,3067 1197,3068 1242,3068 1287,3068 1332,3067 1377,3066"/>
                <TextEquiv>
                    <Unicode>ausgezeichneten Darstellung durch Rittner und</Unicode>
                </TextEquiv>
            </TextLine>
            <TextLine id="r1l75" custom="readingOrder {index:74;}">
                <Coords points="1918,3110 2818,3123 2908,3098 2830,3053 2342,3084 2300,3060 1918,3064"/>
                <Baseline points="1930,3107 1978,3108 2026,3108 2075,3108 2123,3108 2172,3108 2220,3108 2268,3108 2317,3107 2365,3106 2414,3106 2462,3105 2510,3105 2559,3104 2607,3103 2656,3102 2704,3102 2752,3101 2801,3101 2849,3100 2898,3100"/>
                <TextEquiv>
                    <Unicode>düstere, kalte Nacht des Klosters gestürzt. Die</Unicode>
                </TextEquiv>
            </TextLine>
            <TextLine id="r1l76" custom="readingOrder {index:75;}">
                <Coords points="455,3096 1381,3122 1382,3080 1338,3075 456,3054"/>
                <Baseline points="466,3102 511,3102 556,3102 601,3103 647,3104 692,3104 737,3105 782,3105 828,3106 873,3107 918,3108 963,3108 1009,3109 1054,3110 1099,3111 1144,3112 1190,3112 1235,3113 1280,3114 1325,3114 1371,3115"/>
                <TextEquiv>
                    <Unicode>Irene Triesch. In Schnitzlers hübscher Studie</Unicode>
                </TextEquiv>
            </TextLine>
            <TextLine id="r1l77" custom="readingOrder {index:76;}">
                <Coords points="1923,3164 2766,3168 2900,3158 2900,3107 1923,3129"/>
                <Baseline points="1934,3159 1981,3159 2029,3158 2077,3158 2125,3157 2173,3157 2220,3156 2268,3155 2316,3155 2364,3154 2412,3154 2459,3153 2507,3152 2555,3151 2603,3151 2651,3150 2698,3150 2746,3149 2794,3149 2842,3148 2890,3148"/>
                <TextEquiv>
                    <Unicode>von ihm übermenschlich Geliebte betrog ihn mit</Unicode>
                </TextEquiv>
            </TextLine>
            <TextLine id="r1l78" custom="readingOrder {index:77;}">
                <Coords points="465,3160 1389,3174 1390,3119 1172,3135 1009,3111 965,3135 466,3107"/>
                <Baseline points="476,3148 521,3149 566,3149 611,3150 656,3150 701,3151 746,3151 791,3152 836,3153 881,3153 926,3154 971,3155 1016,3155 1061,3156 1106,3157 1151,3158 1196,3158 1241,3159 1286,3160 1331,3161 1377,3162"/>
                <TextEquiv>
                    <Unicode>zeichnete sich Bassermann aus. Der anwesende</Unicode>
                </TextEquiv>
            </TextLine>
            <TextLine id="r1l79" custom="readingOrder {index:78;}">
                <Coords points="466,3208 531,3193 690,3234 779,3211 849,3236 1032,3209 1093,3239 1395,3226 1396,3169 1321,3163 467,3157"/>
                <Baseline points="477,3192 522,3193 567,3194 613,3195 658,3196 704,3196 749,3197 794,3198 840,3199 885,3199 931,3200 976,3201 1021,3201 1067,3202 1112,3203 1158,3204 1203,3205 1248,3206 1294,3207 1339,3208 1385,3210"/>
                <TextEquiv>
                    <Unicode>Verfasser wurde vielfach gerufen, erschien aber</Unicode>
                </TextEquiv>
            </TextLine>
            <TextLine id="r1l80" custom="readingOrder {index:79;}">
                <Coords points="1920,3210 2903,3217 2903,3153 1919,3168"/>
                <Baseline points="1930,3209 1978,3208 2026,3207 2074,3207 2122,3206 2170,3205 2218,3205 2267,3204 2315,3204 2363,3204 2411,3203 2459,3203 2507,3202 2555,3202 2604,3201 2652,3201 2700,3200 2748,3199 2796,3198 2844,3198 2893,3196"/>
                <TextEquiv>
                    <Unicode>einem jungen Menschen vor und nach der Ver¬</Unicode>
                </TextEquiv>
            </TextLine>
            <TextLine id="r1l81" custom="readingOrder {index:80;}">
                <Coords points="442,3264 453,3265 471,3254 543,3277 556,3267 607,3271 609,3210 587,3211 579,3202 559,3205 509,3192 482,3200 463,3192 445,3194"/>
                <Baseline points="454,3243 482,3240 510,3241 539,3242 567,3245 596,3247"/>
                <TextEquiv>
                    <Unicode>nicht.</Unicode>
                </TextEquiv>
            </TextLine>
            <TextLine id="r1l82" custom="readingOrder {index:81;}">
                <Coords points="1924,3261 2903,3261 2903,3214 2784,3196 2144,3229 1924,3211"/>
                <Baseline points="1934,3258 1981,3256 2029,3255 2077,3254 2125,3253 2173,3253 2221,3253 2268,3252 2316,3252 2364,3252 2412,3252 2460,3251 2508,3251 2556,3251 2603,3250 2651,3250 2699,3249 2747,3248 2795,3248 2843,3246 2891,3244"/>
                <TextEquiv>
                    <Unicode>heiratung, und dieser war auch Vater des Kindes,</Unicode>
                </TextEquiv>
            </TextLine>
            <TextLine id="r1l83" custom="readingOrder {index:82;}">
                <Coords points="1912,3304 2905,3310 2904,3262 2743,3251 1912,3267"/>
                <Baseline points="1923,3307 1971,3306 2020,3306 2068,3305 2117,3304 2165,3303 2214,3302 2262,3301 2311,3300 2359,3299 2408,3299 2456,3297 2505,3297 2553,3296 2602,3295 2650,3295 2699,3295 2747,3295 2796,3295 2844,3295 2893,3296"/>
                <TextEquiv>
                    <Unicode>das der Graf als verjüngtes Ebenbild der an¬</Unicode>
                </TextEquiv>
            </TextLine>
            <TextLine id="r1l84" custom="readingOrder {index:83;}">
                <Coords points="1922,3359 2851,3360 2905,3308 1922,3320"/>
                <Baseline points="1933,3359 1981,3357 2029,3355 2077,3354 2125,3352 2173,3351 2221,3351 2269,3350 2317,3350 2365,3350 2414,3349 2462,3349 2510,3349 2558,3349 2606,3348 2654,3348 2702,3347 2750,3347 2798,3346 2846,3345 2895,3343"/>
                <TextEquiv>
                    <Unicode>gebetteten Mutter vergöttert hatte. Rittner</Unicode>
                </TextEquiv>
            </TextLine>
            <TextLine id="r1l85" custom="readingOrder {index:84;}">
                <Coords points="1923,3424 2883,3413 2904,3340 1923,3367"/>
                <Baseline points="1934,3408 1982,3406 2030,3404 2078,3403 2126,3402 2174,3401 2222,3400 2270,3399 2318,3399 2366,3398 2414,3398 2462,3397 2510,3397 2558,3396 2606,3396 2654,3396 2702,3395 2750,3394 2798,3394 2846,3393 2894,3392"/>
                <TextEquiv>
                    <Unicode>schuf in der Doppelrolle als Mönch und Graf</Unicode>
                </TextEquiv>
            </TextLine>
            <TextLine id="r1l86" custom="readingOrder {index:85;}">
                <Coords points="1914,3459 2860,3459 2901,3443 2901,3406 1913,3428"/>
                <Baseline points="1925,3451 1973,3451 2021,3452 2069,3452 2118,3452 2166,3451 2214,3451 2263,3450 2311,3449 2359,3448 2408,3447 2456,3447 2504,3446 2552,3445 2601,3444 2649,3444 2697,3443 2746,3443 2794,3443 2842,3444 2891,3445"/>
                <TextEquiv>
                    <Unicode>eine herrliche Kraftgestalt, die Liebe und Rach¬</Unicode>
                </TextEquiv>
            </TextLine>
            <TextLine id="r1l87" custom="readingOrder {index:86;}">
                <Coords points="1923,3502 2860,3507 2913,3480 2912,3440 1923,3469"/>
                <Baseline points="1934,3500 1982,3501 2030,3502 2079,3502 2127,3502 2175,3501 2224,3501 2272,3500 2320,3499 2369,3497 2417,3496 2465,3495 2514,3494 2562,3493 2610,3492 2659,3492 2707,3491 2755,3491 2804,3492 2852,3492 2901,3494"/>
                <TextEquiv>
                    <Unicode>sucht gleich gigantisch verkörperte. Irene Triesch</Unicode>
                </TextEquiv>
            </TextLine>
            <TextLine id="r1l88" custom="readingOrder {index:87;}">
                <Coords points="1934,3530 1947,3532 1959,3526 1962,3531 1965,3529 1975,3535 1984,3533 1997,3537 2006,3535 2012,3541 2041,3541 2044,3508 2020,3506 2009,3514 2003,3506 1991,3510 1987,3505 1972,3508 1970,3505 1965,3507 1959,3500 1937,3500"/>
                <Baseline points="1945,3526 1973,3529 2002,3533 2031,3534"/>
                <TextEquiv>
                    <Unicode>8211</Unicode>
                </TextEquiv>
            </TextLine>
            <TextLine id="r1l89" custom="readingOrder {index:88;}">
                <Coords points="1931,3562 2912,3557 2912,3504 2100,3505 1931,3533"/>
                <Baseline points="1942,3552 1992,3551 2042,3550 2093,3549 2143,3548 2194,3547 2244,3547 2295,3546 2345,3545 2396,3545 2446,3544 2497,3543 2547,3543 2598,3542 2648,3542 2699,3542 2749,3542 2800,3541 2850,3541 2901,3541"/>
                <TextEquiv>
                    <Unicode>schillerte blendend in den unancenreichen Phasen des</Unicode>
                </TextEquiv>
            </TextLine>
            <TextLine id="r1l90" custom="readingOrder {index:89;}">
                <Coords points="1918,3596 2372,3619 2741,3587 2779,3611 2899,3605 2899,3548 1917,3550"/>
                <Baseline points="1928,3598 1976,3598 2024,3598 2072,3597 2120,3597 2168,3596 2216,3595 2264,3595 2312,3594 2360,3593 2408,3593 2456,3592 2504,3591 2552,3590 2600,3590 2648,3589 2696,3588 2744,3588 2792,3588 2840,3587 2889,3587"/>
                <TextEquiv>
                    <Unicode>liebenden und gleißnerischen Weibes; verlieh</Unicode>
                </TextEquiv>
            </TextLine>
            <TextLine id="r1l91" custom="readingOrder {index:90;}">
                <Coords points="1927,3655 2879,3656 2901,3603 1926,3600"/>
                <Baseline points="1938,3655 1985,3651 2033,3649 2080,3647 2128,3645 2176,3644 2223,3643 2271,3642 2319,3642 2366,3642 2414,3642 2462,3642 2509,3642 2557,3642 2605,3642 2652,3642 2700,3641 2748,3640 2795,3639 2843,3637 2891,3634"/>
                <TextEquiv>
                    <Unicode>ihren Empfindungen ebenso ergreifenden wie</Unicode>
                </TextEquiv>
            </TextLine>
            <TextLine id="r1l92" custom="readingOrder {index:91;}">
                <Coords points="1919,3712 2862,3701 2908,3667 2817,3636 2136,3668 1917,3648"/>
                <Baseline points="1930,3708 1978,3706 2026,3704 2075,3703 2123,3701 2171,3699 2220,3698 2268,3697 2316,3695 2365,3694 2413,3693 2461,3692 2510,3691 2558,3690 2606,3689 2655,3689 2703,3688 2751,3687 2800,3686 2848,3686 2897,3685"/>
                <TextEquiv>
                    <Unicode>mach Ausdrücck. Dämonischer können Schön¬</Unicode>
                </TextEquiv>
            </TextLine>
            <TextLine id="r1l93" custom="readingOrder {index:92;}">
                <Coords points="1921,3753 2903,3739 2901,3695 2804,3691 1920,3720"/>
                <Baseline points="1932,3758 1980,3756 2028,3755 2076,3754 2124,3751 2172,3750 2220,3748 2268,3746 2316,3745 2364,3743 2412,3741 2460,3739 2508,3738 2556,3737 2604,3736 2652,3735 2700,3734 2748,3734 2796,3733 2844,3734 2892,3734"/>
                <TextEquiv>
                    <Unicode>heit und Falschheit zugleich wohl kaum zur Dar¬</Unicode>
                </TextEquiv>
            </TextLine>
            <TextLine id="r1l94" custom="readingOrder {index:93;}">
                <Coords points="1925,3819 2835,3799 2916,3762 2526,3738 1923,3764"/>
                <Baseline points="1935,3808 1983,3805 2032,3803 2080,3800 2129,3798 2177,3797 2226,3795 2274,3794 2323,3793 2371,3792 2420,3791 2469,3790 2517,3789 2566,3788 2614,3788 2663,3787 2711,3787 2760,3786 2808,3785 2857,3784 2906,3784"/>
                <TextEquiv>
                    <Unicode>stellung gelangen. Aber auch Emannel Reicher</Unicode>
                </TextEquiv>
            </TextLine>
            <TextLine id="r1l95" custom="readingOrder {index:94;}">
                <Coords points="1923,3880 2623,3835 2921,3866 2933,3793 1921,3817"/>
                <Baseline points="1934,3856 1983,3853 2032,3851 2082,3849 2131,3847 2181,3845 2230,3843 2280,3841 2329,3840 2379,3838 2428,3837 2477,3836 2527,3835 2576,3835 2626,3834 2675,3833 2725,3833 2774,3833 2824,3832 2873,3832 2923,3832"/>
                <TextEquiv>
                    <Unicode>hatte Gelegenheit, seine bedeutende Künstlerschaft,</Unicode>
                </TextEquiv>
            </TextLine>
            <TextLine id="r1l96" custom="readingOrder {index:95;}">
                <Coords points="1914,3906 1941,3909 1957,3924 1998,3906 2163,3909 2222,3895 2221,3871 2157,3866 2123,3852 2075,3870 2026,3859 1950,3874 1929,3859 1912,3864"/>
                <Baseline points="1925,3913 1951,3910 1977,3908 2003,3906 2029,3904 2055,3902 2081,3901 2107,3900 2133,3899 2159,3899 2185,3899 2211,3899"/>
                <TextEquiv>
                    <Unicode>zu beweisen.</Unicode>
                </TextEquiv>
            </TextLine>
            <TextEquiv>
                <Unicode>17.1. Der Puppenspieler box 22/6
Telephon 12801.

„UBSENVEN
I. österr. behördl. konz. Unternehmen für Zeitungs-Ausschaltte
Wien, I., Concordiaplatz 4.
Vertretungen
in Berlin, Budapest, Chicago, Christiania, Genf, Kopenhagen,
London, Madrid, Mailand, Minneapolis, New-Tork, Paris, Rom,
San Francisco, Stockholm, St. Petersburg.
(Quellenangabe ohne Gewähr.)
Ausschnitt aus:
esterr. Llustr. Journal, Wien
vom:
70 5 7906
Im Theater an der Wien gastieren
jetzt sehr erfolgreich wieder die „Deutschen“
Mit zwei Halbnenheiten für Wien wurde das
Gesamtgastspiel des Berliner Lessing=Theaters
Telephon 12801.
eröffnet: mit der Studie „Der Puppen¬
spieler“ von Schnitzler und dem Nachtstück
5
„Elga“ von Gerhart Hauptmann, dieses
„USSERVEN
nach einer Grillparzerschen Novelle. Der „Puppen¬
I. österr. behördl. konz. Unternehmen für Zeitungs-Ausschnitte
spieler“ hat uns schon vor etwa zwei Jahren in
einer Matinee im Carl=Theater seine Theorie
Wien, I., Concordiaplatz 4.
entwickelt, die darin gipfelt, nur derjenige könne
Vertretungen
mit den übrigen Menschen wie mit Puppen
in Berlin, Budapest, Chicago, Christiania, Genf, Kopenhagen,
spielen, der die Freiheit seiner Entschließungen
London, Madrid, Mailand, Minneapolis, New-York, Paris, Rom,
San Francisco, Stockholm, St. Petersburg.
und Handlungen weder um Gold noch um Liebe
(Quellenangabe ohne Gewähr)
verschachert. Daß er dabei kein Hemd anzuziehen
E. 1906
hat und wohl häufig genug bei „Mutter Grün“
Ausschnitt aus: Hamburger Nachrichten
zu Gast sein muß, geniert nicht. Herr Basser¬
Hamburg
mann spielte die Titelrolle in einer Weise, die
vom:
an die Genialität und das große Können Mitter¬
wurzers lebhaft erinnerte. Etwas Schmeichel¬
hafteres kann man ihm kaum sagen. „Elga“
Theäter und müsik.
wurde von Hauptmann  ach der Novelle „Das
Ik. Das Ensemble des Berliner Lessing=
Kloster bei Sendomir“ dramatisiert, die Grill¬
theaters eröffnete gestern, wie uns ein Privat¬
parzr „nach einer als wahr überlieferten Be¬
Telegkamm meldet, im Theater an der Wien ein
gebenheit“ im Jahre 1828 in dem Almanach
auf sechs Wochen berechnetes Gastspiel mit
„Aglaja“ veröffentlicht hatte. In der Novelle
Schnitzlers„Puppenspieler" und Haupt¬
gelangt ein Ritter in das bezeichnete Kloster
manns „Elga“. Das sehr gut besuchte, jedoch
ein Graf Starschensky ¬
und ein Mönch
nicht ausvertaufte Haus brachte beiden Stücken
erzählte ihm seine eigene Lebensgeschichte. Er
großes Interesse entgegen, ohne sich aber zu er¬
hatte ein schönes, junges Weib, das ihm alles
wärmen. Dies gilt namentlich von „Elga“. Das
gewesen, Frühling, Sonne, das ihm Duft,
Stück ermüdete; der mäßige Applaus galt der
Wärme und Licht gegeben und das ihn in die
ausgezeichneten Darstellung durch Rittner und
düstere, kalte Nacht des Klosters gestürzt. Die
Irene Triesch. In Schnitzlers hübscher Studie
von ihm übermenschlich Geliebte betrog ihn mit
zeichnete sich Bassermann aus. Der anwesende
Verfasser wurde vielfach gerufen, erschien aber
einem jungen Menschen vor und nach der Ver¬
nicht.
heiratung, und dieser war auch Vater des Kindes,
das der Graf als verjüngtes Ebenbild der an¬
gebetteten Mutter vergöttert hatte. Rittner
schuf in der Doppelrolle als Mönch und Graf
eine herrliche Kraftgestalt, die Liebe und Rach¬
sucht gleich gigantisch verkörperte. Irene Triesch
8211
schillerte blendend in den unancenreichen Phasen des
liebenden und gleißnerischen Weibes; verlieh
ihren Empfindungen ebenso ergreifenden wie
mach Ausdrücck. Dämonischer können Schön¬
heit und Falschheit zugleich wohl kaum zur Dar¬
stellung gelangen. Aber auch Emannel Reicher
hatte Gelegenheit, seine bedeutende Künstlerschaft,
zu beweisen.</Unicode>
            </TextEquiv>
        </TextRegion>
    </Page>
</PcGts>
