3392 4320
1594 209 2057 315 box 22/6
287 209 1495 320 17.1. Der Punnenspieler
1035 1361 1192 1424 FFRER
1624 1336 2762 1414 horde gebracht worden? — Angekl.: Gewiß, bei der Vor¬
2780 1371 3375 1463 Transaktionen der letzten I
1616 1407 2772 1464 lage der Kollaudierungspläne hätte ich die Leitung eingezeichnet.
441 1399 1614 1480 spieler meinte die Welt nach seinem Willen sich modeln
1658 1434 1708 1488 19.
1689 1438 2764 1495 St.=A.: Was bedeutet Ihre Bemerkung, der eine Schieber
2771 1434 3366 1503 war. Die Hirtenberger Pat
443 1467 1602 1526 zu können. Ihm, dem Allzuklugen, ging es wie Mime,
1623 1479 2771 1536 sei für den Notfall bestimmt? — Angekl.: Wenn Wassernot
2774 1494 3366 1555 Goldgrube geworden, das g
446 1510 1618 1569 der nach Fernem forschte und das ihm Nächstliegende
1629 1516 2771 1573 eingetreten wäre. — St.=A.: Eine Wassernot der Gemeinde
2769 1540 3364 1600 schmerzlichsten Enttäuschung
1622 1564 2081 1618 ging Sie nichts an. —
2069 1560 2774 1620 Angekl.: Doch, wir waren ver¬
437 1565 1607 1629 Wichtigste, nicht zu erfragen wußte. An den kleinen Rech¬
2785 1592 3369 1657 Engagement der Kreditanstal
1626 1606 2720 1653 pflichtet, das vertragsmäßige Quantum Nutzwasser zu liefern.
453 1611 1606 1668 nungen des Daseins gescheitert, stellt er sich nun die
1715 1636 2757 1688 Der Angeklagte entgegnet schließlich auf eine weitere Frage,
2777 1629 3361 1699 der Gesundung getreten. Fü
453 1660 1613 1729 größten: da darf man stolpern, ohne sich das Selbst¬
1630 1657 2773 1734 r habe die Behörden von beabsichtigten Verönderungen der
2778 1688 3359 1758 Kreditanstalt keinen Kreuzer
1626 1716 2764 1770 Filteranlagen aus dem Grunde nicht unterrichtet, um die mit
456 1711 1607 1770 bewußtsein zu verstauchen. Zu erkennen: ich kann nicht,
2775 1731 3342 1801 sehen, fünf Jahre lagen se
1628 1765 2774 1823 Kommissionierungen erfahrungsgemäß verbundenen Verzöge¬
453 1755 1618 1816 was ich will, tut weh. So wolle nur das Unerreichbare
2783 1785 3345 1849 Verzinsung und mußten A
1625 1800 2260 1854 rungen der Arbeiten zu vermeiden.
453 1811 1602 1865 und verschmähe das Nahe. Triffst du nicht die Scheibe,
2784 1831 3371 1902 bungen gemacht werden. Mit
455 1858 1609 1917 so ziele halt nach dem Mond. Wer darf sagen: er ist kein
2789 1875 3348 1932 richtung der Skoda=Werkee
458 1907 1615 1959 guter Schütze, weil er den Mond nicht getroffen? Ge¬
2783 1930 3356 1995 die wohl erst dem Bilanzjah
450 1960 1620 2017 heimnis alles wohlerhalienen Ich=Gefühles: Transponiere
2776 1972 3327 2040 tierung verspricht, jedoch
1715 1892 2708 2076 Oesterreichischer Kloyd.
1360 1989 1618 2067 — du bist
458 2003 1372 2069 jedes „ich kann nicht“ in ein „ich will nicht“
2784 2023 3354 2083 laufenden Jahres einen gröf
452 2053 1617 2115 gerettet! Und ergänze das System auch ins Positive da¬
2787 2070 3347 2134 stellt. Die Kapitalserhöhung
459 2098 1615 2158 durch, daß du dir alles, wozu das Schicksal dich
2786 2125 3362 2187 sich in einem Zeitpunkt, in
1809 2099 2590 2208 Wiener Börsenwoche.
462 2144 1621 2206 zwingt, als ein Produkt deines eigenen Willens auf¬
2780 2169 3364 2225 schaftliche Prosperität in allel
2404 2170 2747 2258 Wien, 5. Mai.
463 2201 1611 2249 lügst. Der Puppenspieler macht aus seiner Armut ein
2781 2221 3359 2273 stituts widerspiegelt. Nichts
457 2247 1622 2314 Lebensprinzip; aus seinem Ueberzieher, den er Mangels
1698 2225 2773 2297 Vom rein geschäftlichen Standpunkt aus betrachtet,
2774 2261 3358 2337 halb ängstliche Frage, die so
1620 2274 2770 2358 bietet die Einführung der Aktien der Maschinenfabrik
2788 2309 3361 2381 rungen vorausgeht, die Fra
462 2345 1618 2410 seines Toiletten=Geschmacks; früher sagte er: „die Welt ist
1622 2345 2762 2405 Heid an der Wiener Börse wenig Interessantes. Die
2774 2366 3357 2428 für die entsprechende Verzin
464 2398 1607 2460 mein Terrain zum Spazierengehen“, jetzt, als Lahmer:
1620 2383 2768 2453 Kreditanstalt hat damit eines ihrer minderbedeutenden
2784 2407 3354 2485 tatsächlich gegeben sind, kaun
456 2454 1617 2512 „der Spaziergang um die Stadt ist für mich eine Welt¬
1628 2439 2766 2510 industriellen Engagements zum Teile realisiert und einen
2775 2460 3367 2525 In einer Zeit des ungeahn
459 2483 1611 2556 umsegelung.“ Zwischen der Sphäre des Normalmenschen,
1619 2486 2762 2557 Nutzen sichergestellt, der wohl einige hunderttausend
2775 2513 3361 2575 mäßigen Tätigkeit, in der m
458 2541 1609 2599 die er, und der Sphäre des Genies, die ihn verschmähte,
1625 2538 2762 2600 Kronen betragen dürfte, für die Vilanz des Instituts
2775 2556 3359 2616 Vordringen der Institute na
450 2593 1607 2663 kommt er auf den Misthaufen der nihilistischen Welt¬
1623 2586 2771 2643 selbst jedoch nur von untergeordneter Bedeutung sein
2773 2607 3360 2668 mnan an einer Textilsinanzie
464 2634 1621 2686 anschauung zu sitzen. Freier Wille, Erkenntnisprodukt!
1627 2635 2762 2694 kann. Was die Einführung der neuen Maschinenfabriks¬
2779 2653 3366 2712 Kronen wie an etwas Allt
465 2681 1611 2743 Die Dialektik seiner Ohnmacht zu gewinnen — das ist
1628 2684 2767 2735 Aktie erst bemerkenswert macht, ist der stürmische, jede
2779 2697 3361 2763 es fast verlernt, die Verwert
450 2729 791 2802 das Wichtigste.
1622 2733 2770 2798 Erwartung übertreffende Anklang, den sie bei ihrem
2785 2752 3334 2817 lionen als ein schwieriges
542 2768 1617 2844 Das Stückchen, hier schon bekannt, trägt Herr
1618 2767 2771 2844 Debüt gefunden hat. Es scheint tatsächlich, als wie wenn
2780 2795 3342 2863 malige Kapitalserhöhung de
458 2818 1625 2905 Bassermann. Auch ein herrücher Schauspieler. Die
1628 2829 2768 2888 die Gefolgschaft, auf die die neue Aktie zu rechnen haben
2776 2847 3346 2918 nicht in dem überhitzten M
1197 2870 1614 2947 seinem zerbrochenen
463 2868 1203 2946 seelische Erkrankung klingt schön aus
1625 2875 2773 2932 werde, unterschätzt worden wäre. 6000 von den zur Be¬
2781 2888 3364 2965 des Jahres 1899 kennzeichn
460 2927 1611 2983 Organ (das' freilich nicht aus künstlerischer Absicht zer¬
1618 2929 2777 2999 gebung gelangenden 7500 Aktien wurden zum
2788 2942 3364 3027 sphäre ruhiger, aber gefestig
460 2968 1617 3027 brochen ist). Man spürt, daß diese Ironie nur Schmerz
1625 2969 2770 3034 Emissionskurs vor der börsenmäßigen Einführung
1622 3018 2787 3090 placiert, und als der offene Markt zum Worte kam, trat
460 3026 1627 3087 ist, der durch das Medium eines großen Stolzes ge¬
3030 3024 3352 3124 Nachfrage
1628 3079 2771 3142 eine Nachfrage hervor, die nicht weit hinter den Vor¬
458 3073 1617 3144 gangen. Wie leich und dünn trägt der Künstler die
2869 3101 3355 3180 Die Oesterreichisch=unga
1613 3109 2770 3178 placierungen zurückblieb. Auf rund. 4000 Aktien wurden
462 3111 1616 3180 Farben auf, wie zurückhaltend „beleuchtet“ er! Nur mit
464 3166 1618 3237 Kerzenlicht: das verleibt dem Profil dieses Bassermann¬
1626 3169 2783 3218 die Kaufaufträge geschätzt, die bei dem Erscheinen der
2777 3144 3358 3234 lich über einen ganz außen
1487 3207 1627 3278 seine
1626 3215 2774 3274 Heid=Aktie vorlagen, und man muß tatsächlich weit
460 3217 1490 3274 schen Puppenspielers seine schweigende Unruhe,
2783 3209 3358 3284 Eagles; man schätzt seinen
1619 3263 2778 3331 zurückgreifen, um ein ähnliches starkes Interesse für die
455 3262 1617 3341 große, stille Lebendigkeit. Man möchte begeistert sein,
2784 3270 3357 3329 Kronen. In der letzten Zeit
1629 3297 2780 3376 Emission einer Industrie=Aktie ausfindig machen zu
457 3309 1614 3371 wenn einem nicht aus den Tagen des Russen=Kollers
2790 3302 3360 3377 anbote an die Notenba
1628 3355 2787 3428 können. Der Operationskredit, den die Kreditanstalt ge¬
2782 3358 3355 3422 dem Institute beträchtlichere
464 3356 1628 3435 der Mißton der Ekstasen noch in den Ohren läge. Ich
1622 3410 2783 3466 nießt, die Qualität und der Charakter der neuen Aktie,
1092 3408 1630 3473 wenn ein Künstler sie
2782 3411 3355 3476 Trotzdem hat die Oesterrei
457 3413 1041 3479 bin auch für die Posaune
1619 3460 2778 3520 die, ohne einen allerersten Industriezweig zu repräsentieren,
457 3460 1629 3533 bläst. Die böhmischen Berufs=Musikanten aber können sie
2779 3456 3323 3528 Offerte abgelehnt, e
462 3506 1022 3596 einem gründlich verleiden.
1166 3510 3354 3596 Alfred Polgar. doch dem Geschmack des Publikums nicht ferne liegt, währungspolitisch
