3484 4320
549 115 1748 217 Kalterinstuse, die sich dei der uedersaget ge sr Ae enenen
549 170 1766 278 es fraglich erscheinen lassen, ob die lebende Fracht glücklich über
545 231 1211 323 den Ozean gebracht werden könnte.
653 373 1664 497 Prinz Lonis Ferbinund und
383 423 572 515 rat.
915 503 1411 606 Lich Lamila.
441 569 568 629 flog,
592 597 1742 675 Energisches Dementi der angeblichen Verlobung.
393 623 576 679 zontaler
394 661 571 727 n sofort
1096 665 1742 725 Berlin, 8. Mai. (Telunion.)
402 711 572 773 its tot.
668 715 1782 794 Die Generalverwaltung des preußischen Königshauses teilt
391 763 1778 844 zielfache mit: Nachdem zwei große Berliner Blätter sich erneut mit der
394 817 1785 893 i Sturz Sensationsmeldung der amerikanischen Presse befaßt haben, Prinz
550 855 1787 940 Louis Ferdinand, der zweite Sohn des Kronprinzen, habe sich
581 917 1779 978 mit der Filmdiva Lily Damita verlobt, erklärt die General¬
388 908 568 987 lizeiliche
391 981 1786 1028 er Pilot verwaltr ag des ehemaligen Königshauses nochmals ausdrücklich,
395 1008 1776 1064 dadurch daß die Nachricht über diese angebliche Verlobung des Prinzen in
404 1046 1794 1114 Schließe allen Teilen aus der Luft gegriffen und vollständig frei erfunden
396 1113 1787 1171 falls im ist. Bekauntlich hatten die „New York Times“ eine Unterredung
394 1141 1782 1213 richtliche mit dem damals in Los Angeles weilenden Prinzen veröffentlicht,
403 1188 1780 1266 antragt. daß dort der Prinz schon seit zwei Jahren mit Lily Damita
576 1235 1687 1319 bekannt se und auch seine Familie von Heiratsplänen wisse.
418 1264 569 1328 es sich
398 1312 568 1378 izig da¬
405 1364 569 1433 erkehrs¬
410 1419 570 1475 ugzeuge
578 1375 1789 1510 Tehlatterabend im Krabemiethealel!.
405 1458 580 1524 umission
823 1479 1550 1558 Schnitzler, Bahr und Salten.
402 1507 583 1579 gelassen,
424 1555 583 1623 Zudem
677 1558 1791 1622 Komisch, wie lange das schon her ist, daß man von Jung¬
405 1601 588 1666 eckt, so
580 1602 1792 1676 Oesterreich sprach; komisch, wie dieses Wort verklungen ist und
400 1651 578 1705 ans aus¬
577 1650 1791 1714 nur derBegriff eines Schrifttums übrig blieb, das man heute
390 1690 577 1764 ot durch
593 1700 1791 1773 bloß noch historisch betrachtet. Jung=Oesterreich bedeutete einmal
400 1743 571 1813 legenden
593 1748 1798 1818 eine Schule gleichgerichteter Geister und besonderer Melodieführer,
414 1789 581 1855 in Gurt
603 1797 1801 1868 die ein stark besetztes Orchester in Bewegung setzten. Aber nur
415 1840 585 1917 igzeuges
573 1845 1811 1912 noch der Ton schwingt nach. Es gibt literarisch kein Jung¬
587 1891 1801 1953 Oesterreich mehr, weil das, was einmal so hieß, schon ein Alt¬
412 1921 597 2004 —
580 1943 1800 2007 Oesterreich ist und zwischen den Zeiten ein Vakuum entstanden
423 1989 591 2055 on und
604 1987 1805 2056 ist. Von einem Anschluß ist nichts zu merken und der Nachwuchs
438 2033 576 2098 Unfall¬
599 2034 1800 2102 bis jetzt nur selten belangvoll, keinesfalls aber richtungweisend.
415 2084 587 2142 in der
686 2082 1809 2150 Die drei Einakter, die das Akademietheater jetzt zu einem
425 2131 584 2194 Grades
594 2127 1806 2202 Abend vereinigt, tragen schon ihre zwanzig Jahre auf dem Rücken,
422 2180 577 2239 Früh¬
596 2201 1799 2241 was natürlich noch lange kein Alter ist. Wichtiger scheint, daß sie,
415 2226 595 2290 eilweise
589 2247 1796 2310 wenn auch aus früheren Tagen herkommend, doch manchmal,
413 2274 589 2341 Händen
604 2267 1818 2345 nicht immer, in den jetzigen Tag hineinwachsen. Das macht, weil
420 2324 583 2385 mehrere
602 2317 1797 2386 sie entweder den geistigen Tiefgang haben oder das Spielerische,
606 2371 1805 2436 das Unwägbare einer Luftströmung oder den Zuschnitt einer
415 2416 590 2480 and in¬
602 2424 1797 2491 Lebensauffassung, die deutlich im Wienerischen beheimatet ist.
419 2465 600 2525 nur die
699 2464 1806 2531 Der „Puppenspieler“ Artur Schnitzlers ist nur eine Studie,
590 2510 1804 2596 aber sie sagt von jenem Schnitzlerischen aus, das aus Gedanklichem
596 2558 1807 2638 zu Seelischem eine luftige Brücke baut und die Komödie der
603 2619 1808 2670 Worte zu einem System macht. An dieser Figur des Puppen¬
427 2653 1804 2753 Uspielers, die deutlich vom Ulrik Brendel Ibsens abstammt, haftet
598 2699 1819 2763 wohl noch viel Literaturfarbe, aber sie hat den interessanten
603 2752 1805 2812 Charakterkern eines Menschen, der Schicksal zu spielen glaubt und
590 2800 1807 2866 doch nur selber der Narr des Schicksals bleibt. Herr Balser spielt
427 2803 579 2910 u9.
585 2845 1808 2902 ihn herrlich in allen Exaltationen, tragisch umwittert in der
582 2885 1828 2972 (Lebenslüge. Sehr einfach und in ihrer Selbstverständlichkeit
596 2949 1450 3022 wirkend Frau Pünkösdy und der junge Zeska.
556 2975 601 3023 *
428 2943 572 3042 Mai.
704 2962 1803 3048 Diesem Spiel geistig benachbart, aber mehr nach einer
422 3022 599 3085 e, der
610 3022 1818 3105 Formel für Gefühlsschwingungen suchend, ist der „Faun“ von
499 3072 589 3128 das
603 3080 1816 3157 Hermann Bahr. Das ist sozusagen die Novität des Einakterabends,
442 3112 598 3198 chlands
602 3131 1803 3193 ein Stückchen nämlich, das man noch nicht kennt. Aber man
600 3177 1804 3237 kennt auch hier den Bahr heraus, der aus einer Lustspielidee, die
589 3225 1815 3309 an den uralten Bandello erinnert, ein ernstes Problem anrührt.
476 3270 1810 3345 Kom= Von zwei jungen Ehemännern glaubt jeder nächtlicherweise die
481 3337 1812 3386 dies=Frau des andern zu besitzen, aber die Ehegattinnen haben ver¬
1380 3369 1811 3443 so daß jeder mit
459 3375 1356 3447 diesen abredetermaßen die Zimmer getauscht,
446 3439 1807 3490 im die seiner eigenen Frau zärtlich war. Ein Betrug, der also
493 3457 1812 3534 sind keiner ist. Nur die eine der jungen Frauen nimmt
454 3504 1804 3576 it dem es nicht tragisch, die andere aber spürt, daß sie um ihr Seelisches,
456 3562 1820 3629 as für nicht um ihr Körperliches betrogen wurde. Hermann Bahr, der
456 3610 1819 3675 enübers um das Geheimnis der Geschlechter weiß, grundiert den Fall
459 3669 1814 3728 diesen sphilosophisch, anders als sonst, wo ihm das überlegene Gelächter
439 3724 1811 3760 um die zur Verfügung steht. Der in Gesprächslängen sich ausbreitende
435 3747 1811 3834 rbeiter= Einakter zeigt Frau Wagener als wesentliche Darstellerin ver¬
597 3796 1813 3886 haltener Empfindungen, Fräulein Kramer als eine munter
439 3839 1813 3921 Partei, hantierende Plauderin und die Herren Lohner, Balser und Treßler
605 3897 1681 3975 zwischen Scherz und Ernst gut die mittlere Linie treffend.
438 3916 597 3967 n alten
708 3934 1807 4010 Den Beschluß macht Felix Saltens längst bewährtes, witzig
436 3961 610 4032 enossen
603 4005 1813 4061 erdachtes Stück „Schöne Seelen“ Man freut sich, der gealterten
443 4008 600 4066 irs der
450 4040 1802 4121 ils ich. Kokotte wieder zu begegnen, die von dem gewissen Leben weggeht,
472 4106 1815 4178 sagten um den Chambre-separee-Kellner zu heiraten und ihren bürger¬
