3392 4320
1204 241 1350 316 ie1
252 238 2038 340 17.1. Der Puppensp er box 22/6
1044 971 2580 1049 Sonderkunst.) Dieser im Winkel Kämpfende sieht vor den Schauspieler=Golems
1048 1040 2584 1095 als Erfinder, als harter Schöpfer unerbittlich, bis sie singen, was er hört.
1044 1101 2578 1159 Sein Ziel erlischt und flirrt nicht: neuer Seelenausdruck im Stimmklang, (nach
1045 1161 2588 1220 meinem Urteil nur für einen gewissen Poesiekreis). Neben dem exakten Wortinhalt
1041 1210 2584 1262 bringt Wauer die Gesamtsymbolik eines Begebnisses heraus: durch die besonders
1037 1265 2593 1317 tönende Stimme. Der Einzige, der Maeterlinck heut spielen kann, ist er;
1051 1316 2580 1389 darüber gibt es keine Erörterung. Endlich begreift ein Mensch vom Theater, daß
1046 1376 2591 1439 die Gedichte des Belgiers wie Musikstücke zu behandeln sind ... Man gibt uns
1041 1431 2579 1487 für Maeterlink (was falsch ist) einen dekorativen Stil, mit einem trägödien¬
1050 1491 2580 1549 tragischen Stil. Er braucht jedoch vorwiegend, ich muß es mit meinem alten
1043 1548 2581 1616 Wort ausdrücken, „den Klangfall eines tönenden Dichters“. Ecco. Er hat ihn
1043 1601 2583 1665 bei Wauer. Wauer spielt nicht Maeterlinck: er spielt das Maeterlinckprinzip.
1047 1660 2585 1727 Will sagen: er gibt, bewundernswürdig folgestark, den Extrakt vom Gefühls¬
1050 1720 2595 1779 mäßigen einer Kunsipoesie: indem er (das ist es) ihr Unterirdisches durch eine
1055 1769 2595 1833 besondere Technik des Tons klingen läßt. Damit gewinnt er, was zu dreivierteln
1047 1823 2581 1876 brach liegt. Er hebt die Stimmung ab, träuft sie staunenswert ins Ohr. Wauer
1051 1875 2583 1958 ist ein Kommender. Für ein lebendes Poesiedrama heute nicht zu missen,
1049 1938 2547 1995 noch wegzumerzen. Sein Vorsioß bleibt etwas, das Kunsimenschen angeht.
1088 1988 2589 2048 Aus der Komik und der Kläglichkeit seines Fahrzeugs ist er auf ein
1036 2047 2581 2129 leidliches Schiff zu heben, wenn diese tapfere Kunst nicht einsam versaufen soll.
1738 2140 1880 2232 VIII.
1102 2189 2583 2304 it einem Lächeln geschieht es jedesmal, daß ich aus der großen Erlebnis¬
1040 2228 1099 2316 4
1053 2285 2587 2345 D00 welt meiner Sommer in die unbedeutende Welt der Theaterkritik
1043 2324 2584 2392 zurückkehre. Kunsischmuß allein wäre mir verächtlicher als nie zu baden. „Ich
1048 2388 2591 2449 mußte mein Leben opfern, meine Schwester pflegen (Sie wissen, daß sie stirbt)
1184 2435 2579 2505 bis ich selber sierbend war“, sagte mir auf Englisch eine Sterbende;
1056 2488 2588 2559 „da sind wir mit Mutter hierher gefahren“. Ein Mädel, im Atlantischen
1052 2555 2575 2614 Ozean, auf einer Insel, wo es Heliotropbäume gibt, wo die Erika als Baum
1058 2601 2574 2678 in Erikawäldern steht. Die Pflanzen greifen nach einem mit ihrem Sterbe¬
1054 2656 2579 2722 geäst, es ist ein Streicheln vom Jenseits, lächelnde Araukarienhände, Hände
1055 2716 2582 2766 besonderlicher, seltsamer Palmen, sie packen mich im heißen Dunkel, es sind
1056 2768 2587 2838 Boten — von einem. Ein Grauen vor diesen hängenden Fabelranken, die sich
1046 2821 2591 2882 bewegen, die tasten. Dahinter lauert oben der Höllenschlund, nein: das Eis, er
1044 2880 2576 2949 droht in deine Nächte, eine Frau sieht neben dir im Traum, eine Bäuerin, die
1043 2940 2577 3008 Augen fest geschlossen, und spricht: „Ich sehe dich doch!“ Sie lacht: „Durch
1055 2999 2589 3063 die Fleischdecke der geschlossenen Augen, — ich seh' dich doch!“ Daß man in
1045 3059 2586 3118 der vierten Stunde erschauernd aufwacht und sieht, wie das Meer .. . heran¬
1050 3104 2595 3172 quillt, zwanzig Meter hoch heranquillt, es ist sein Alltagszustand. Mir scheint,
1044 3158 2580 3226 daß die Wellen über hohe verschollene Mühlen mit spanisch=arabischen Müllern
1050 3217 2584 3290 rollen. Dies Blaue quillt um Lava. Und die Sterbende schreit durch die
1041 3267 2004 3364 Wände — jetzt wird ihr die Brust zerspringen.
1233 3359 1390 3470 1928
