3392 4320
579 119 1571 188 en Ahne ehflastert u. nich freite mitche 10
579 174 1575 247 oft er mit seinem Berliner künstlerischen Theater
566 217 1577 288 nach Wien kommt. Diesmal bringt er reiche Schätze
566 260 1576 322 mit. Brahm grüßte Wien durch den Mund eines
573 296 1568 372 Wieners, denn das erste Wort hatte unser Arthur
581 335 1568 414 Schnitler, dessen gedankenüppiger „Puppen¬
558 365 1583 456 ##reteste Vorstellung erfolgreich einleitete.
562 425 1584 500 Den Georg Merklin, der sich vermißt, Schicksal zu
564 460 1594 562 spielen, gibt Albert Bassermann mit einer „
562 513 1580 577 wunderbaren Menschlichkeit, die wir bestaunen, als
552 549 1576 606 ob Natürlichkeit Zauberei wäre. Rufe nach dem
547 590 1576 667 Dichter wurden laut, der jedoch nicht erschien und
562 635 1427 698 alle Ehren dem gefeierten Darsteller üverließ.
668 682 1582 753 Und dann kam die zweite Gabe, die ja auch
543 720 1568 792 wienerischer Provenienz ist. „Elga“ von Gerhart
548 775 1563 833 [Hauptmann. So sagt schlankweg der Theater¬
559 800 1569 882 zettel. Jede nähere Kennzeichnung fehlt. Und das ist
558 851 1558 925 gut so, denn es handelt sich um kein eigentliches
554 895 1568 963 Drama, sondern blos um eine dramatische Skizze,
549 933 1551 1006 die sich wie ein Entwurf zu einem Bühnen¬
548 966 1559 1049 werke ausnimmt. Aus Grillparzer's Novelle
557 1017 1551 1097 „Das Kloster bei Sendomir“ hat der Dichter den
547 1066 1565 1150 Stoff geholt, ohne dessen balladesken Charakter aus¬
541 1096 1560 1176 zulöschen. In flüchtigen Scenenbildern spielt sich die
555 1158 1552 1226 grausige Geschichte des Grafen Starschenski ab,
544 1181 1553 1244 der an seinem ehebrecherischen Weibe furchtbare Rache
546 1234 1553 1306 nimmt und dann als Klosterbruder Buße thut.
537 1283 1548 1345 Die ganze Begebenheit, die in der Novelle der Mönch
551 1314 1547 1388 dem fremden Ritter erzählt, läßt sich auf dem Theater
552 1359 1544 1416 der Ritter im Traume einfallen! Er träumt mit Um¬
544 1394 1541 1471 gehung der Traumpsychologie eine Geschichte, von der
538 1435 1543 1520 er nie etwas gehört hat, und sieht Vorgänge,
545 1493 1541 1555 mit denen seine eigene Person nicht verknüpft
547 1528 1545 1599 ist. Wie anders im „Traum ein Leben“, wo der
538 1576 1539 1639 Träumer selbst den Mittelpunkt der Ereignisse bildet.
537 1608 1553 1688 Gerhart Hauptmann folgt der Novelle Schritt für
541 1650 1544 1750 Schritt, nur manchmal tritt er ihr auf die Schleppe,
532 1711 1544 1771 um einen Saum abzureißen und ihn rasch durch
533 1735 1205 1807 einen poetischen Flicken zu ersetzen.
639 1795 1548 1844 Der Dichter ist so liebenswürdig, der viel¬
526 1819 1549 1894 verpönten Nachtkritik das Handwerk zu erleichtern.
528 1875 1542 1932 Er läßt nämlich in der letzten Scene durch den
527 1905 1539 1985 Mund des Hausverwallers die Handlung gewissen¬
520 1943 1544 2018 haft erzählen. Kein noch so begabter Theaterreferent
534 1997 1543 2065 macht ihm das nach. Man höre. „Es lebte vor alten
529 2044 1531 2105 Zeiten ein treuer Mann und reicher Graf. Er lebte
532 2078 1536 2164 für sich und in Frieden mit seiner erlauchten Mutter.
514 2133 1533 2208 Endlich aber hing er sein Herz an ein Weib....
524 2164 1541 2243 doch es war eine Grube voll Schlangen und
515 2206 1523 2287 kein Weib. Sie log und betrog ihn, der redlich und
522 2251 1528 2320 ohne Falschheit war. Sie verrieth ihn und über¬
518 2277 1526 2377 schüttete ihn mit Schande.“ ... Auf die Frage, wo
511 2334 1518 2403 sie das that, weist der Hausverwalter auf das Bett.
519 2378 1525 2460 Auf diesem Bette liegt auch jetzt der Ehebrecher, aber
511 2413 1295 2480 erschlagen von den Knechten des Grafen.
633 2460 1517 2532 In der Novelle entrinnt der Ehebrecher, der
514 2509 1523 2565 ein Feigling ist, der Rache des betrogenen Gatten.
514 2538 1527 2617 Er springt durchs Fenster und kommt mit dem Leben
511 2586 1521 2654 davon. Dafür wird bei Grillparzer die „Gräfin
503 2619 1527 2705 getödtet, der Hauptmann kein Haar krümmen läßt.
507 2681 1511 2730 Ein modernes Freudenweib, schreitet hier über
510 2717 1243 2777 die Bretter, eine Art Iza, di
1378 2730 1508 2795 auch
509 2754 619 2827 eine
617 2757 965 2815 schöne Polin
1014 2765 1086 2819 ist.
1113 2768 1518 2835 Noch feucht von
503 2796 1263 2872 den Küssen des Liebhabers, fliegt
1298 2819 1509 2872 ein die
514 2839 1520 2899 Arme des Gatten, der in dieser Schlangengrube
503 2882 1516 2935 einen Himmel voll Engel sieht. Er wird erst
512 2927 1515 3004 allmählich zum Othello, nur mit mehr Berechtigung,
495 2968 1507 3047 als sein schwarzes Vorbild. Und als er erkennt, daß
504 3007 1518 3089 sein Kind dem Liebhaber aus dem Gesichte geschnitten
499 3055 1505 3150 ist, läßt er die sündige Mutter leben und vollzieht
498 3096 1207 3166 das Strafgericht an dem Ehebrecher.
608 3138 1513 3209 Erst beim Morgengrauen fährt der Ritter
490 3183 1502 3258 empor aus schweren Träumen und verläßt eiligst
483 3234 1500 3295 das Kloster. Zwischen den einzelnen Traumbildern
479 3277 1504 3341 hört man hinter einem schwarzen Vorhang den mittel¬
475 3313 1505 3402 alterlichen Nachtgesang der Mönche gewissermaßen
486 3362 1502 3426 als Zwischenactsklänge. Die triefende Romantik des
480 3406 1509 3475 Dramas, für die ein Spiel à la Maeterlinck die rechte
488 3447 1491 3506 Eignung hätte, fand eine realistische Darstellung.
476 3478 1503 3569 Wenn man sich mit dieser Stylwidrigkeit befreundet
485 3525 1484 3596 hatte, konnte man an Rittner, trotz seines neu¬
472 3573 1488 3640 rasthenischen Gelächters viel Frende haben, des¬
477 3625 1493 3696 gleichen an Frau Triesch, obgleich die messerscharfe
446 3690 1469 3786 Sprechweise dieser Tragodin in Wien erst geneigte
455 3743 1460 3827 Ohren finden muß. Das Publicum rief zum Schlusse
446 3799 1474 3862 die Darsteller jubelnd vor die Rampe. Rittner wurde
446 3840 1474 3912 ganz besonders ausgezeichnet. Mich aber ließ die
450 3882 1460 3945 ganze Geschichte kalt. Wäre nicht Grillparzer der
447 3918 1462 3996 Vater und Hauptmann der Pathe, ich beginge die
451 3958 1461 4026 Respectlosigkeit, den grauenvollen Traum in die
445 3999 794 4072 Lotterie zu setzen.
1812 123 2980 197 unterhalten sich eine M
1818 192 3066 241 in der sie sich kurz vorher brillant unterhalten haben, der Be¬
1804 240 3064 297 amte erkundigt sich bei dem Manne auch um dessen Schwester, der
1813 277 3077 331 er den Hof macht, und als sie sich schließlich nichts mehr zu
1813 325 3074 378 sagen wissen, verlangte jener seinen Ge.dbrief. Da ändert der
1809 374 3079 437 Postbeamte sofort den Ton: „Bitte, haben Sie Ausweispapiere
1809 418 3072 481 bei sich?“ Der Mann ist starr. „Sie kennen mich doch sehr
1810 469 3072 529 gut!“ „Ja, aber nur als Privatmann. Hier aber bin ich Be¬
1817 502 3073 571 amter!“ So ungefähr entwickelte sich die Geschichte, es kommt zu
1814 559 3077 626 einem aufgeregten Streit und der Manu muß schließlich ohne
1819 612 2331 677 seinen Geldbrief abziehen.
1919 645 3079 706 An diese beißende Satire erinnert das Erscheinen des Herrn
1814 703 3081 758 Ritter bei dem Kassier, von dem er seine Bezüge holen wollte.
1822 745 3086 811 Der Kassier war sehr erfreut, aber — er bedauerte, dem Künstler
1820 793 3079 870 sein Ersuchen abschlagen zu müssen. „Wir kennen Sie allerdings,
1819 867 3080 910 aber Sie müssen eine Bestätigung aus Ihrem Pfarrsprengel mit¬
1814 903 3074 957 bringen, daß Sie noch am Leben sind!“ Herr Ritter fand das
1812 962 3075 1016 natürlich sehr drollig, doch die heitere Auffassung der Situation
1808 999 3072 1060 nützte ihm nichts. Vorschrift bleibt Vorschrift. Ohne Bestätigung der
1821 1036 3077 1098 Pfarre, daß der p. p. Ritter noch frisch und gesund sei und die
1816 1088 3087 1149 Bezüge weiter zu erhalten habe, durfte ihm nichts ausgezahlt
1812 1137 3081 1198 werden. Der Künstler mußte sich bescheiden; er lebt wohl, aber
1818 1180 3086 1252 das gilt nicht, solange es nicht auch offiziell ausdrücklich
1825 1234 2107 1298 konstatiert ist.
1929 1270 3092 1342 Daß fremde Stücke ins Deutsche übertragen und aufgeführt
1799 1330 3079 1387 werden, ist von jeher gang und gäbe. Es ist sogar schon vor¬
1810 1369 3078 1429 gekommen, daß beispielsweise ein deutsches Stück ins Französische
1820 1420 3080 1479 übersetzt war, dann zurückübersetzt wurde und nun erst hierzulande
1822 1472 3067 1530 auf der Bühne erschien. Aber es gibt noch kuriosere Dinge.
1820 1523 3084 1574 Direktor Karczag entsann sich eines Tages, daß er in seinen
1831 1566 3081 1628 Jugendjahren in einem ungarischen Theater ein Stück von
1832 1607 3086 1675 O. F. Berg gesehen habe, das ihm damals außerordentlich gefiel.
1823 1659 3097 1723 Es führte den Titel „Ein Wort an den Reichsrat“, und dem
1824 1706 3092 1766 Direktor wollte scheinen, daß die Sache momentan recht aktuell
1834 1749 3081 1817 und einer Auffrischung wert sei. Er begann nun die Nach¬
1824 1813 3091 1867 forschungen nach dem Manuskript, aber es konnte nirgendwo
1833 1836 3084 1916 entdeckt werden. Nuc das eine konnte man er¬
1833 1909 3087 1961 fahren: Das Stück wurde seinerzeit von der Zensur
1823 1953 3083 2008 verboten. Da nun gewöhnlich bei der Behörde die Manuskripte
1830 2004 3096 2057 der verbotenen Stücke zurückbehalten werden, wendete sich Herr
1824 2040 3080 2104 Karczag an den Zensor. Aber auch der konnte ihm keine Aus¬
1829 2091 3092 2153 kunft erteilen. Da setzte sich der Direktor hin und schrieb nach
1821 2132 3083 2212 Debreczin an das dortige Theater, man möge im Archiv Nachschau
1838 2185 3083 2247 halten. Wohl sind schon einige Dezennien seit der ersten Auf¬
1836 2233 3087 2301 führung verstrichen, aber schließlich wurde das Manuskript doch
1823 2296 3087 2363 ans Tageslicht gefördert. Herr Karczag war selig; ließ das
1823 2341 3093 2404 wienerische Stück aus dem Ungarischen übersetzen und hält es nun
1830 2380 2914 2444 bereit, um gelegentlich seine Bühnenwirkung zu exproben.
1928 2419 3093 2497 So haben auch Bühnenwerke die merkwytdigsten Schicksale.
2311 2494 2833 2613 „Elga.“
1834 2591 3101 2651 (Nokturkus von Gerhart Hauptmann. Vom Ensemble des Berliner
1826 2637 3094 2691 Lessing Theaters im Theater an der Wien zum erstenmale aufgeführt
1833 2691 3094 2734 am 4. Mai. — Vorher: „Der Puppenspieler, Studie in
2152 2715 2752 2791 einem Akt von Artur Schnitzler.)
1925 2762 3080 2849 Der Eröffnungsabend ständ unter keinem glücklichen Stern.
1806 2823 2652 2882 Das Publikum wollte sich nicht erwärmen.
1943 2849 3098 2933 Das Gesamtgastspiel des unter der Leitung des Dr. Otto
1787 2911 3087 2971 1 Brahm stehenden Berliner Lessing=Theaters begann gestern mit
1830 2971 3092 3026 Gerhart Hauptmanns „Elga“. Es war im doppelten Sinne eine
1831 3019 3092 3076 Wiener Première, denn Stoff, Gliederung und Vortrag gehören
1842 3062 3092 3127 zum literarischen Eigentum unserer Scholle. „Den Szenen, die
1837 3125 3093 3175 im Jahre 1896 geschrieben sind, liegt eine Novelle Grillparzers
1843 3158 3099 3221 zugrunde,“ erklärt der schlesische Dichter in der Buchausgabe der
1840 3198 3100 3270 sechs Szenen. Er hätte sie getrost als eine Dialogisierung der
1845 3245 3095 3314 Grillparzerschen Schauergeschichte „Das Kloster bei Sendomir.
1846 3301 3093 3358 Nach einer als wahr überlieferten Begebenheit" bezeichnen können.
1844 3354 3092 3413 Die Figuren sind samt ihrer Eigenart getreulich übernommen
1833 3397 3098 3463 und nur um die Mutter des Grafen Starschenski
1837 3445 3099 3513 vermehrt; die Ehebruchstragödie entwickelt sich genau
1782 3460 1832 3520 n
1945 3490 2956 3540 der von Grillparzer „vorgeschriebenen“ Weise
1834 3505 1911 3564 in
1768 3502 1830 3565 u
2993 3543 3079 3597 die
2497 3534 2957 3601 im Stücke nicht
1779 3538 2498 3613 ##ersticht der betrogene Graf
1828 3582 3092 3635 von ihm zum Wohlleben emporgehobene Tochter des verkrachten
1839 3654 3093 3699 Starosten von Laschek, sondern er läßt Oginski, den ritterlichen Jugend¬
1819 3682 3102 3747 gespielen und Geliebten seiner Frau, im Bette des Turmgemaches
