3436 4320
269 194 2033 313 17.1. Der Punpenspieler box 22//6
1490 1177 3312 1229 Der gestrige Abend stellte sich in den Dienst; meinte, der Schicksale bilden wollte, und selbst!
1396 1196 2225 1281 breier moderner Dichter: Wildes, Sch
2375 1227 3316 1293 schließlich Spielzeug wird in der Hand dessen,
1471 1240 3017 1301 rs und Macterlincks; von der ihm seine unstete Seele gab.
1399 1283 2350 1353 Lischen=Dichter: „Eine florentinische
2447 1296 3314 1357 Und zum Schluß: Maeterliuck mit
1411 1338 2182 1382 Tragödie“, von dem deutschen:
2174 1341 2284 1388 „ D
2361 1340 3307 1406 seiner satirischen Legende: „Das Wunder
2357 1379 2405 1423 d
1414 1375 2351 1440 Puppenspieler“ und von dem belgischen:
2625 1380 3305 1430 igen Antonius“ das in
1411 1408 1877 1464 „Das Wunder
2374 1405 3313 1462 seinen tiefsten Schlüssen aufgelöst wird durch das
1402 1441 2360 1503 Antonius“ Drei Werke, die zur Dar¬
2365 1459 3311 1501 Wort: „Was kein Verstand der Verständigen
1408 1490 2354 1544 stellung großer Kunst bedürfen, wenn sie voll¬
2359 1496 3304 1546 sieht, erkennt oft in Einfalt ein kindlich Gemüt“.
1400 1532 2351 1581 inhaltlich ausgeschöpft werden sollen. Abgesehen
2359 1538 3305 1581 Das kindliche Gemüt: die Magd, die selbst über
1400 1567 2353 1616 von Kleinigkeiten, die derartigen Dilettanten¬
2353 1566 3315 1620 den Geschäften des Himmels nicht die der Erde
1404 1613 2357 1665 Aufführungen immer anhaften werden, kamen
2364 1615 3310 1655 vergißt; die Verständigen: die Familienangehöri¬
1400 1648 2351 1697 Die Dichtungen aber zu ihrem Recht. In Pro¬
2360 1652 3304 1702 gen der verstorbenen Tante Hortense, die der
1722 1684 2352 1744 Czeschka von der hiesigen
1411 1681 1567 1734 essor
2370 1693 3307 1749 heilige Antonins zu erwecken gekommen ist.
1411 1722 2350 1786 Kunstgewerbeschule, der schon betannt ist durch
2360 1722 3320 1769 Ueber dieses Stück haben wir erst vor kurzem
1406 1763 2356 1812 seine Arbeiten für die Bühnen Max Reinhardts,
2354 1764 3319 1835 aus der Feder des fein nachspürenden Ueber¬
1402 1800 2362 1841 hatte die Gesellschaft einen Mitarbeiter ge¬
2360 1796 2787 1864 setzers Maeterlincks,
2934 1808 3312 1863 eln= Broni¬
2812 1805 2896 1858 O
1417 1840 2361 1891 wonnen, der intuitiv den Dichtungen nachging
2364 1841 3313 1887 kowski, einen kurzen Essay gebracht. Wer
232 1849 443 1931 11 aus:
1410 1875 2359 1927 und ihnen eine Ausstattung schuf, die organisch
2366 1884 3314 1934 nicht Maeterlinck als den großen Symboliter
1412 1915 2356 1961 sich der jeweiligen Stimmung anfügte. Beson¬
2370 1922 3319 1989 kennt, wer nicht weiß, daß es für ihn in Sachen
1424 1959 2359 2011 ders imponierte der Raum in dem Wildeschen
257 1921 1186 2038 270K1. 19Hamburger Freindenblan
2359 1954 3308 2001 jener Gefühle, die auszusprechen kein Wort ge¬
1413 1985 2359 2062 Flück; der blaue Hintergrund, die niedrige, mit
2361 2002 3281 2054 schickt genug ist, die nur im Schweigen sich
1424 2032 2358 2088 großen Ornamenten geschmückte Decke, die beiden
2374 2041 3292 2086 manifestieren, nichts Spaßhaftes gibt, daß er
1429 2071 2361 2118 stengen Pfeiler, das gänzliche Vermeiden jedes
2362 2073 3306 2130 mit allen Sehnsüchten hindrängt zu jenen
691 2091 1216 2177 Lessing=Gesellschaft.
1431 2118 2354 2168 Ueberflüssigen, dazu die Gewänder der drei
2361 2113 3319 2170 Quellen, deren Fließen er hört, die er schauen
1423 2138 2364 2211 handelnden Menschen, das alles hob sofort die
2361 2156 3263 2202 will mit anbetender Inbrunst, Quellen, di
548 2161 1410 2225 Wenn man eine Vereinigung eingeyt im
1414 2189 2360 2253 Dichtung in jene Sphäre des Außerordentlichen,
2358 2186 3314 2259 nicht mehr zu strömen scheinen in kirchlichen
466 2212 1410 2273 Namen Lessings, so verpflichtet man sich zu
1416 2232 2364 2282 die sie wie mit scharlachenem Licht umfließt.
2360 2229 3320 2291 Dogmen, der könnte diese ganze Dich#ing als
475 2253 1414 2307 hohen Zielen, so darf sich ein Mann, der Gold¬
1418 2270 2366 2312 Und dann der Prunk der Dichtung selbst; diese
2362 2270 3308 2328 köstliche Kaprize, als ein herzhaftes Lachen, als
459 2300 1410 2356 schmied sein will, nicht damit begnügen, billige
1424 2306 2367 2358 Tragödie, in der gewandtes Verführen, perverse
2372 2313 3309 2375 eine Burleske nehmen. Sicher wäre es für
460 2335 1408 2380 Klempnerarbeiten zu verrichten. Daß sich die
1427 2344 2369 2404 Sinnlichkeit und Gewaltmenschenium strudelnd
2373 2348 3312 2401 diese fatirische Legende besser, wenn das
458 2377 1411 2440 erst vor kurzem von Emanuel Stockhausen
1424 2384 2370 2448 ineinanderfließen, die eine ewig moderne Be¬
2368 2383 3316 2432 komische Element nicht ganz so stark betont er¬
466 2416 717 2466 begründete
742 2417 1400 2466 Lessing=Gesellschaft
1416 2427 2372 2484 gebenheit so sehr des Gewohnten entkleidet und
2368 2422 3314 2478 schiene; aber der Dichter hat nicht komisch
460 2452 1406 2504 ihrer Aufgaben bewußt ist und sie zu voll¬
1426 2462 2362 2516 ihr den faszinierenden Schimmer des Unerhörten
2366 2470 3289 2512 wirten wollen mit seinen Menschen, so hat er
468 2491 1414 2545 bringen strebt, bewies der gestrige Abend, der
1419 2500 2363 2553 verleiht, daß man mit angehaltenem Atem dem
2364 2503 3324 2553 sie gesehen, so schildert er uns alles, und an
457 2534 1417 2586 ihr zum ersten Male Gelegenheit gab vor der
1420 2545 2366 2600 Ende entgegenharrt. Diese menage à trois,
2369 2540 3320 2606 uns ist es, eine Stelle zu suchen, um zu dem
1318 2569 1418 2627 Er¬
457 2571 1328 2620 Oeffentlichkeit darzutun, wie sie sich die
1422 2580 2368 2629 die gewaltsam zerstört wird, ehe sie kaum ge¬
2371 2582 3310 2641 Werk den richtigen Gesichtswinkel zu finden.
469 2601 1410 2657 reichung der Ziele denkt und welche künstlerischen
1420 2610 2371 2664 knüpft ist, von dem Dichter gleichsam in die
2382 2620 3314 2670 Für Künstler schon eine Aufgabe von schwer be¬
463 2652 1409 2701 Mittel ihr zur Verfügung stehen. Wenn Herr
1428 2654 2367 2708 Höhe des von Raum und Zeit unabhängigen
2372 2656 3321 2725 weglichen Elementen, werden Dilettanten dem
470 2687 1294 2736 Stockhausen in seiner Begrüßungsrede
1286 2694 1413 2740 das
1417 2690 2358 2752 Gaitungserlebnisses hinaufgehoben, eingehüllt
2372 2711 3311 2750 Stück das Höchste und Letzte schuldig bleiben.
461 2722 1414 2775 Publikum bat, die gestrige Eröffnungsvorstellung
1416 2730 2367 2773 in ein sprachliches Gewand, das in schweren
2378 2732 3315 2797 Auch die Darsteller der gesirigen Aufführung
469 2762 1413 2809 der Lessing=Gesellschaft im Neuen Theater
1428 2775 2364 2832 Falten fließt wie Damast und übersät erscheint
2380 2774 3316 2829 zeigten ihre Unzulänglichkeit, man merkte, daß
456 2805 1418 2848 als einen Versuch zu nehmen, so war er sehr
1426 2814 2365 2859 von funkelnden Edelsteinen, wirkte auf jeden
2380 2813 3326 2886 sie das symbolistische Motiv einfach übersahen
458 2832 1413 2885 bescheiden; wenn alle Versuche eine solche künst¬
1423 2852 2360 2891 mit augenblendem Glanz und herzerschütternder
2373 2856 3307 2901 und mehr das Spaßige des Wunders empfan¬
466 2879 1417 2938 lerische Abrundung besitzen, dann wollen wir
1421 2885 2370 2954 Gewalt. Daß an dieser Wirkung die Darstellung
2375 2893 3319 2948 den. Ein Bühnenheiliger, dem man anmerkt,
458 2928 1418 2975 schon zufrieden sein. Als Stockhausen eine
1426 2923 2180 2986 selbst ihr gut Teil hatte, versteht sich.
2377 2929 3342 2975 wie er den elektrischen Apparat in Tätigkeit &
469 2967 1415 3014 Schar von Freunden von Liebhaberbühnen
1503 2949 2363 3015 Dann kam Schnitzler zu Worte mit
2374 2972 3318 3017 setzt, damit sein Heiligenschein erglänze, wird
461 3004 1419 3044 zusammenberief, tat er es mit der ausgesproche¬
1426 2994 2358 3055 seiner Studie „Der Puppenspieler“
2372 3012 3313 3072 selbst bei aller übrigen künstlerischen Aus¬
460 3043 1420 3083 nen Absicht, das Theaterspielen der Dileltanten
1423 3035 2374 3092 jener liebenswürdigen und doch ergreifenden
2377 3038 3093 3096 geglichenheit nicht ernsthaft wirken.
1222 3080 1414 3131 es auf
469 3087 1221 3127 auf ein höheres Niveau zu bringen,
2460 3082 3312 3136 Der rein private Charakter der Veranstal¬
1424 3087 2360 3136 Huldigung des Dichters an einen Prinzen aus
470 3113 1425 3180 Aufgaben einzustellen, die jedes Künstlers wert
1421 3116 2362 3170 Genieland, der noch heute in und um Wien seine
2373 3118 3317 3165 tung blieb gewahrt durch den Umstand, daß nur
459 3150 1421 3213 wären. Programmatisch legte er fest, Stücke zur
1428 3159 2367 3217 Königsträume träumt. Allerdings ein König,
2368 3164 3326 3210 Mitglieder und Freunde der Lessing=Gesellschaft
462 3200 1417 3238 Aufführung zu bringen, die aus irgendwelchen
1429 3201 2373 3246 der, ein anderer Ulrik Brendel, bewußt seine
2372 3206 3314 3256 Eintritt ins Theater hatten. Und so war es
463 3231 1423 3288 Gründen nicht in das Repertoire der hiesigen
2370 3235 3321 3288 ein illustres Publikum, das das Neue Theater
1419 3233 2363 3283 Schlösser verbrannt hat, oder, um in seinem
469 3273 1420 3327 Theater ausgenommen werden, auch angehenden
1426 3277 2372 3328 eigenen Tone zu reden, die Hoboe fortgeworfen
2382 3281 3309 3328 gestern abend füllte. Für die Lessing=Gesell¬
470 3314 1423 3375 Autoren soll Gelegenheit geboten werden, ihre
1421 3317 2359 3357 hat, weil ihr metallener Mund nicht im ent¬
2372 3307 3321 3373 schaft selbst aber bedeutet dieser Abend zugleich
476 3343 2373 3394 Stücke aufgeführt zu sehen, um Kraus zu ferntesten ausdrücken kann, was ihm vom Herzen
2381 3359 3097 3429 eine Erfüllung und ein Versprechen.
467 3391 655 3457 lernen.
1412 3387 2386 3464 heraufquillt. Der Puppenspieler, der zu spielen
3064 3380 3324 3468 O. E. K. (
