3484 4320
1550 223 2057 325 box 22/6
280 232 1498 335 17.1. Der Punpenspieler
1659 1229 3342 1311 Charakterist# sind diese Erkenntnismomente gestaltet. Ganzl der Uebertragung auf die
789 1141 1349 1352 Jeuilleton.
1660 1270 3366 1360 unsentementgl natürlich, denn dieser Charakter, dem die dünner geworden. Die Brü
1653 1316 2796 1379 freiwitlig angenommene Maske zur Natur geworden, ergiebi
2787 1334 3371 1401 fast ganz und die „Handlu
1656 1339 2789 1421 sich nicht. Nur wie aus weiter, Ferne aus verstohlendsten
840 1344 1361 1431 Berliner Theater.
2790 1374 3364 1434 Reihe von Situationen, die
1650 1378 2807 1450 Seelenwinkeln, spürt man eine wunde Bitterkeit und ein
2783 1400 3379 1480 machtes Gefühl geben, dargest
601 1411 1664 1489 Am Sonnabend, dem ersten stark besetzten Premieren¬
1655 1424 2799 1503 Heimweh nach solch einfältig stulen Frieden, und wort¬
2857 1454 3376 1510 In all diesen Szenen #5
502 1446 1656 1531 schlachttag, der neuen Saison ging das Deutsche Theater
1657 1462 2794 1533 los spricht die quälerische Leere des Einsamen in jenem
2785 1470 3365 1548 sprochen, aber das wahrhaft
511 1510 1658 1564 mit 2 Werken ins Feuer, freilich ohne Gegenfeuer zu er¬
1656 1500 2799 1582 Augenblick ihr Wünschen, als er das Kinder der Beiden,
2785 1532 3372 1595 Wirkung wird uns nicht. Der
502 1530 1649 1606 wecken. Es brachte eine einaktige psychologische Studie von
1650 1539 2808 1608 das seinen Namen trügt, küßt. Aeußerlich bewahrt er aber
2788 1566 3352 1624 die höllischen Kreise, in die
496 1569 1548 1647 Arthur Schnitzler „Der Puppenspieler“
1653 1579 2796 1647 die cynisch=skeptische Ueberlegenheit und er nimmt seinen
1542 1596 1663 1647 von
2790 1607 3371 1679 steilung hineingewirbelt wird,
503 1624 1653 1679 gedrängter Charakteristik und starker innerer Wahrheit, dabei
1654 1617 3106 1702 stolzen Abgang, souverain erhaben diesem kleinlichen Herden= zu offenbaren.
1649 1658 1993 1729 glück gegenüber.
503 1661 1653 1726 aber zu kühl rechnerisch, zu sehr als sichere,, präzise Glei¬
2849 1683 3370 1752 Das Motiv hätte drama
506 1691 1657 1766 chung angelegt, als daß sie wärmere Anteilnahme hätte
1727 1709 3370 1795 Die außerordentliche Intelligenz dieses fein gestricht ein tragikomisches. Das Trug
498 1729 1652 1797 auslösen können. Ein Gewinn war es trotzdem das zu
1649 1744 2784 1816 ten und so geistreich reproduzierten Kleinkunstwerks in¬
499 1772 1656 1833 sehen, denn Albert Bassermann fand hier eine außer¬
2777 1769 3368 1834 eine ganz gewöhnliche Kokette
1648 1782 2789 1856 teressierte fehr, aber sein Gefühlsk.ima „tres sec“ war natur¬
2777 1810 3375 1880 und daß der idealistische Schw
493 1813 1660 1878 ordentliche Aufgabe seine menschliche Erkenntnis und seine
1644 1825 2791 1896 gemäß nicht geeignet, impulsive Beifallsstürme zu entfessell
2786 1850 3373 1920 weltsdirne sich den Traum
492 1850 1653 1920 haarscharfes Wissen komplizierter innerer Vorgänge in sicht¬
1647 1856 2783 1934 Man war kühl gestimmt, und das jetzt folgende Drama ge¬
2777 1882 3358 1951 Liebe sichtbar macht, ist ein
493 1901 1651 1955 bare Bewegung, Geste und Ton umzusetzen, eine Wesenser¬
1644 1891 2781 1980 wollter Leidenschaft, das nur konstruiert, nur Ideenproblem
2777 1928 3371 1998 narrenspiel. Zur fratzenhaften
487 1934 2791 2005 scheinung zu geben, subtil und nüanciert bis in die Finger# blieb, ohne Verdichtung, konnte die Hörer nicht erorbern.
2774 1957 3368 2031 werden können, zur infernal
492 1977 1650 2038 spitzen und dabei von einer vollendet tünstlerischen Reserve
1638 1970 2784 2052 [George Rodenbachs, des toten Belgiers Schauspiel.
2782 2006 3331 2062 es nicht, nur blind und täri
506 2010 1646 2079 alles von innen heraus entstanden, gebildet, nie von außen
1643 2015 2783 2095 „De Mirage“ (deutsch von dem seinfühligen Wiener
2774 2038 3293 2108 Mann, und weniger Schilsal
511 2047 1651 2108 für das Publikum kommentatorisch beleuchtet. Er zeichnete
1644 2057 2785 2132 Siegfried Trebitsch übersetzt ging unter dem Titel „Trug¬
2776 2092 3239 2140 uns sein Erlebnis. Bis
495 2074 1663 2157 den „Puppenspieler“, den Schiffbrüchigen des Lebens, der
1644 2094 2794 2175 bild“ in Szene. Eine Drumatisierung des Romans von
2775 2120 3187 2176 eine Situationskatastr
507 2128 1654 2179 mit dem starken inneren Hochmut, seinen inneren Vorstel¬
1676 2143 2779 2207 der toten Stadt stellt es dar. Die tote Stadt ist Brügge.
2778 2156 3152 2221 den Mann der feine
495 2155 1652 2225 kungen, mit der Kraft seines Willens das äußere Elend
1642 2171 2776 2250 Mit schwingender Sensibilität empfing der Dichter die Ein¬
2776 2195 3123 2256 der sie gleichen ##
490 2198 1654 2271 überwunden zu haben scheint, ein lachender Philosoph
1647 2214 3127 2299 brücke duser seltsamen, erstarrien Welt, an der die Zeit ins Gesicht und ve
497 2250 1648 2309 dem nichts mehr geschehen kann. Wie ein heimlicher Fürst
1644 2255 2784 2331 vorübergegangen. In unheimlichen Bann zog sie ihn mir
2775 2275 3105 2330 Haar der Toten.
502 2290 1649 2340 geht er in seiner behäbigen Hülle und spielt mit Men¬
1641 2294 2792 2370 ihrens chweigenden Grachten, den schwarzen Kanälen, den
2771 2310 3112 2374 los; der Wahnsin
498 2319 1645 2395 schen“, sieht ihrem Treiben und unnützen Wünschen zu und
1649 2330 3115 2412 verwunschenen Kähnen, den alten Kirchen und Spitälern, sein Erinnern gesch
501 2359 1645 2428 frrut sich seiner Ueberlegenheit. Doch ein Moment kommt.
1640 2368 3126 2451 ####r wie Gespenster durch die winkligen Gassen schreitenden er auf die Dirne
487 2381 1644 2464 wo der Puppenspieler der glaubt, daß die Geschöpfe nuch
1640 2401 3154 2488 Nonnen mit den starren weißen Flügelhauben, den Gold= Frau Oskar Sau
493 2441 1647 2502 seiner Pfrise tanzen merkt, daß er selber nur eine Rolle
1635 2450 3196 2526 #altären und den Heiligen Memlincs. Bannen wollte er erfaßt und durchdacht.
3250 2480 3346 2530 ein
489 2478 1647 2546 zn der Komödie ist, die das Schicksal aufführt, und ##
1641 2486 3354 2578 #iefe Zeichen des Todesschlafes einer Stadt, die mitten „von drüben her“, in einer ###
500 2526 1654 2586 eine recht tragikomische Rolle, Durch einen Zuc##
1635 2510 3362 2606 in der Gegenwart ihren Vergangenheitstraum in die Un= er und der feingestimmte
493 2545 1650 2623 er mit einem Jugendst#und aus den Zeiten künstlerischer
1637 2573 3347 2645 ##ablichkeit fortspinnt. Visionär, wie hinter grauen Flören würfen von Feromano Khn#
495 2580 1646 2662 Hoffnung zusammme Er hatle damals schon die heimliche
1632 2604 3358 2695 #sehet in Rodenbachs Buch die Szenerie Brügges vorüber. Nebenverschleierten Elfenlandich
492 2626 1643 2692 Pn Lebensregisseur zu sein; den scheuen, welt¬
1634 2627 3338 2733 Es genügten ihm aber offenbar die Zeichen feelischer Ein= Werk nicht zur Erscheinung
492 2675 1633 2734 stemden Freund wollte er mutiger und zuversichtlichen durch
1642 2678 2779 2750 druckskunst nicht, er wollte auch Staffage, so ließ er auf
2838 2693 3355 2764 Einen stürmischen Begrüße
485 2699 1639 2770 einen Liebeserfolg machen und er bestimmte ein Mädchen,
1626 2715 2769 2791 diesen Hintergründen eine Handlung sich vollzieben, die jn
2766 2733 3361 2804 in Berlin so beliebte ###tendant
489 2737 1640 2812 das ihm blindlings ergeben war, dazu die Verliebte zu
1627 2744 3354 2843 ##icher Athmosphäre wesensgleich yineinstimmt. Die Hand= neuer Herr im schick, alsreichen
495 2780 1646 2849 spielen. Jetzt nach zehn Jahren findet er, daß aus dem
1633 2802 2766 2862 lung der Liebe zu einer Toten, die seine unheimliche Er¬
2755 2808 3361 2888 mit einem ungemein sympathif
484 2822 1638 2889 Spaß Ernst geworden. Die beiden wurden glücklich Der
1631 2841 2768 2897 füllung darin findet, daß die Tote in einer ihr ähnlichen
2762 2852 3350 2936 auf den Plan tritt und si
496 2846 1644 2937 fried= und heimlose sieht bei ihnen in einen still verbor¬
1630 2875 2780 2944 Frau dem Liebenden wiederkehrt, ihn verstrickt, bis dies
2758 2888 3163 2957 brachte als Prabe S
485 2894 1635 2965 genen Hafen und muß dazu hören, daß er das Gleiche hätte
1623 2894 2767 2977 verhängnisvolle Spiel voll Einbildung, Gefühlstrug und
2761 2930 3149 2996 romantische Oper „
488 2947 1642 3014 haben können, denn diese Frau liebte ihn damals, als sie
1623 2960 2770 3025 Täuschung mit furchtbarer Katastrophe endigt. Schon in
2762 2974 3162 3035 als die volksliedhaft
487 2974 1631 3044 willig seinen Wunsch erfüllte. Die Augen wollte sie ihm
1625 2990 2765 3063 dem Buch war dies Erlebnis des Wittwers, der in der
2756 3010 3169 3085 schließt und den groß
493 3018 1636 3083 dam# öffnen, doch er, dessen Hochmut größer als sein mensch¬
1633 3031 2763 3101 Tänzerin seine tote Frau wiedergefunden wähnt und donn
2755 3045 3088 3123 zeigt. Tir-c#¬
3135 3068 3192 3109 7000
485 3042 1639 3126 liches Fühlen, bemerkte nicht die demütig ergebene Seele.
1626 3071 2776 3140 betrogen und in seiner Idee befleckt zu Grunde geht, mehr
3042 3047 3287 3154 1. enele
2767 3086 3035 3147 scheiz
482 3083 1635 3163 Von anderen Frauen ward er betrogen und verlassen und
1628 3103 2767 3182 in symbolischer Hinweis als eine charakterisierende Ge¬
2759 3124 3181 3193 fall##der kann mc
538 3132 1638 3202 in sicht er hier, wie in einem Traumbild, was an seines
1624 3150 2774 3220 staltung mehr die Andeutung eines interessanten Prodleuis,
2756 3167 2869 3238 e
512 3165 1639 3256 s#hen# irren Wegen für eine sanfte Einkehr unbemerkt
3026 3162 3341 3237 eigene um star
1624 3179 2764 3260 des „Rehnlichkeitssinnes“, des Zwunges der Vorstellungen
512 3204 744 3266 Erghen hit.
2809 3195 3359 3281 ie Meister Pfihzner onnen
1621 3217 2751 3296 und der „firen Idee“ als eine Verkörperung dieser Frage
2835 3264 3325 3327 Den Record der Wenscheit
544 3250 3293 3321 9 Gleih fein in der dichterischen und schausvielerischen durch 1 bentig, libheftig gemachte Menschengeschicke #ei im Ruschauermi u
2836 3341 3322 3427 Mesenimenmre er emenen
2755 3416 3345 3477 Abend das Lessingtbeate
2759 3447 3360 3522 „Auferstehung“ nach Teis
2748 3490 2828 3548 zübe
2938 3502 3339 3562 on Aunie Neuman
2974 3535 3202 3586 mit seitt
2977 3570 3192 3628 ufrütteinden
2990 3605 3160 3667 r aufgeld
2994 3642 3175 3710 Lazarer
3006 3694 3182 3741 nten, beme
2791 3617 2885 3786 15
2983 3714 3221 3783 die Fülie 2,
2775 3770 3356 3824 und das Publikum packten, verhal
2814 3811 3354 3874 rfol— ganz al# ##ode —
