<?xml version="1.0" encoding="UTF-8" standalone="yes"?>
<PcGts xmlns="http://schema.primaresearch.org/PAGE/gts/pagecontent/2013-07-15" xmlns:xsi="http://www.w3.org/2001/XMLSchema-instance" xsi:schemaLocation="http://schema.primaresearch.org/PAGE/gts/pagecontent/2013-07-15 http://schema.primaresearch.org/PAGE/gts/pagecontent/2013-07-15/pagecontent.xsd">
    <Metadata>
        <Creator>prov=University of Rostock/Institute of Mathematics/CITlab/Gundram Leifert/gundram.leifert@uni-rostock.de:name=ONB_Newseye_GT_M1+(htr_id=10810)::::v=2.4.2
prov=University of Rostock/Institute of Mathematics/CITlab/Tobias Gruening/tobias.gruening@uni-rostock.de:name=de.uros.citlab.module.baseline2polygon.B2PSeamMultiOriented:v=2.4.2
prov=University of Rostock/Institute of Mathematics/CITlab/Tobias Gruening/tobias.gruening@uni-rostock.de:name=/mnt/transkribus/LA/DEA/URO/LA_news_onb_att.pb:de.uros.citlab.segmentation.CITlab_LA_ML:v=2.4.2
Transkribus</Creator>
        <Created>2019-10-07T11:33:18.527+02:00</Created>
        <LastChange>2019-10-08T08:28:46.679+02:00</LastChange>
        <TranskribusMetadata docId="223974" pageId="9499636" pageNr="39" tsid="16507473" status="IN_PROGRESS" userId="40391" imgUrl="https://files.transkribus.eu/Get?id=TAVXTJFSHQXWTOSBPWNMRBFA&amp;fileType=view" xmlUrl="https://files.transkribus.eu/Get?id=RWDBWPTKSGXVVFNQGMGOTOPX" imageId="6189858"/>
    </Metadata>
    <Page imageFilename="223974_0039.jpeg" imageWidth="3484" imageHeight="4320">
        <ReadingOrder>
            <OrderedGroup id="ro_1711450136347" caption="Regions reading order">
                <RegionRefIndexed index="0" regionRef="r1"/>
            </OrderedGroup>
        </ReadingOrder>
        <TextRegion orientation="0.0" id="r1" custom="readingOrder {index:0;}">
            <Coords points="280,231 280,3511 3250,3511 3250,231"/>
            <TextLine id="r1l1" custom="readingOrder {index:0;}">
                <Coords points="1577,269 1661,257 1695,274 1709,259 1802,251 1834,278 1868,264 1952,276 2029,248 2052,259 2052,214 2026,219 1987,192 1886,191 1795,201 1777,219 1749,204 1663,222 1620,201 1577,215"/>
                <Baseline points="1586,256 1611,255 1636,255 1662,255 1687,256 1713,256 1738,257 1764,258 1789,258 1815,259 1840,260 1865,260 1891,260 1916,260 1942,260 1967,259 1993,258 2018,257 2044,255"/>
                <TextEquiv>
                    <Unicode>box 22/6</Unicode>
                </TextEquiv>
            </TextLine>
            <TextLine id="r1l2" custom="readingOrder {index:1;}">
                <Coords points="272,266 1100,306 1472,292 1483,231 654,201 538,239 481,201 272,234"/>
                <Baseline points="280,259 339,264 399,268 459,271 518,274 578,275 638,277 697,278 757,278 817,278 877,278 936,278 996,277 1056,277 1115,276 1175,276 1235,275 1294,275 1354,275 1414,275 1474,275"/>
                <TextEquiv>
                    <Unicode>17.1. Der Punnenspieler</Unicode>
                </TextEquiv>
            </TextLine>
            <TextLine id="r1l3" custom="readingOrder {index:2;}">
                <Coords points="975,1053 1173,1063 1202,1052 1302,1071 1301,993 1194,979 1105,1006 1060,995 975,1028"/>
                <Baseline points="983,1041 1008,1037 1034,1034 1060,1032 1086,1031 1112,1030 1138,1030 1163,1031 1189,1032 1215,1033 1241,1034 1267,1035 1293,1036"/>
                <TextEquiv>
                    <Unicode>on 12801.</Unicode>
                </TextEquiv>
            </TextLine>
            <TextLine id="r1l4" custom="readingOrder {index:3;}">
                <Coords points="2296,1137 2741,1137 2753,1135 2754,1067 2722,1076 2629,1056 2296,1097"/>
                <Baseline points="2306,1111 2331,1110 2357,1110 2383,1109 2409,1109 2434,1108 2460,1107 2486,1107 2512,1107 2537,1107 2563,1107 2589,1108 2615,1109 2640,1109 2666,1111 2692,1113 2718,1114 2744,1117"/>
                <TextEquiv>
                    <Unicode>Telephon 12801.</Unicode>
                </TextEquiv>
            </TextLine>
            <TextLine id="r1l5" custom="readingOrder {index:4;}">
                <Coords points="482,1114 724,1149 1693,1151 1693,1103 1499,1067 482,1098"/>
                <Baseline points="491,1115 550,1116 610,1118 669,1119 729,1120 789,1122 848,1123 908,1124 968,1125 1027,1126 1087,1126 1147,1127 1206,1128 1266,1128 1326,1129 1385,1129 1445,1130 1505,1130 1564,1130 1624,1131 1684,1131"/>
                <TextEquiv>
                    <Unicode>alex. Weigl’s Unternehmen für Zeitungs-Ausschnitte</Unicode>
                </TextEquiv>
            </TextLine>
            <TextLine id="r1l6" custom="readingOrder {index:5;}">
                <Coords points="1332,1232 1356,1218 1401,1226 1462,1193 1523,1202 1549,1192 1594,1213 1615,1189 1637,1196 1631,1144 1596,1139 1557,1153 1470,1136 1409,1171 1324,1163"/>
                <Baseline points="1340,1223 1366,1215 1392,1209 1418,1203 1444,1198 1470,1195 1497,1191 1523,1189 1549,1188 1575,1187 1601,1187 1628,1188"/>
                <TextEquiv>
                    <Unicode>S Ausschnitt</Unicode>
                </TextEquiv>
            </TextLine>
            <TextLine id="r1l7" custom="readingOrder {index:6;}">
                <Coords points="1919,1212 3114,1201 3113,1151 1919,1167"/>
                <Baseline points="1928,1207 1986,1206 2045,1205 2104,1205 2163,1204 2222,1204 2280,1204 2339,1204 2398,1204 2457,1204 2516,1204 2574,1204 2633,1204 2692,1204 2751,1205 2810,1204 2868,1204 2927,1204 2986,1204 3045,1203 3104,1202"/>
                <TextEquiv>
                    <Unicode>Alex. Weigl’s Unternehmen für Zeitungs-Ausschnitte</Unicode>
                </TextEquiv>
            </TextLine>
            <TextLine id="r1l8" custom="readingOrder {index:7;}">
                <Coords points="724,1253 771,1271 876,1246 937,1267 1101,1257 1135,1279 1180,1256 1323,1260 1384,1279 1383,1227 1264,1235 1183,1191 1154,1219 1076,1232 1031,1231 990,1190 949,1215 902,1184 840,1202 806,1185 724,1232"/>
                <Baseline points="733,1257 765,1254 797,1252 829,1250 861,1248 893,1246 925,1246 957,1245 989,1245 1021,1245 1054,1245 1086,1246 1118,1246 1150,1246 1182,1246 1214,1247 1246,1246 1278,1246 1310,1246 1342,1245 1375,1243"/>
                <TextEquiv>
                    <Unicode>„OBSENVEN</Unicode>
                </TextEquiv>
            </TextLine>
            <TextLine id="r1l9" custom="readingOrder {index:8;}">
                <Coords points="1477,1267 1488,1267 1517,1296 1577,1270 1593,1277 1606,1270 1620,1285 1629,1280 1644,1291 1663,1281 1687,1287 1725,1270 1727,1217 1671,1220 1656,1207 1616,1217 1563,1201 1479,1206"/>
                <Baseline points="1486,1272 1511,1266 1537,1264 1563,1264 1588,1265 1614,1267 1640,1269 1665,1271 1691,1272 1717,1271"/>
                <TextEquiv>
                    <Unicode>Nr. 69</Unicode>
                </TextEquiv>
            </TextLine>
            <TextLine id="r1l10" custom="readingOrder {index:9;}">
                <Coords points="2164,1349 2575,1349 2605,1324 2762,1330 2794,1290 2854,1299 2894,1269 3078,1278 3071,1210 2892,1210 2810,1255 2535,1234 2303,1268 2240,1316 2160,1305"/>
                <Baseline points="2171,1334 2215,1335 2260,1334 2305,1334 2349,1332 2394,1331 2439,1329 2483,1326 2528,1322 2573,1319 2618,1314 2662,1310 2707,1304 2752,1298 2796,1292 2841,1285 2886,1278 2930,1270 2975,1262 3020,1253 3065,1244"/>
                <TextEquiv>
                    <Unicode>„DBSERWEP“</Unicode>
                </TextEquiv>
            </TextLine>
            <TextLine id="r1l11" custom="readingOrder {index:10;}">
                <Coords points="351,1330 1707,1351 1780,1334 1781,1275 352,1262"/>
                <Baseline points="361,1308 431,1310 502,1311 572,1313 643,1314 713,1316 784,1317 854,1317 925,1318 995,1319 1066,1319 1136,1320 1207,1321 1277,1321 1348,1322 1418,1323 1489,1324 1559,1325 1630,1326 1700,1327 1771,1329"/>
                <TextEquiv>
                    <Unicode>I. österr. behördl. conc. Bureau für Zeitungsberichte u. Personalnachrichter</Unicode>
                </TextEquiv>
            </TextLine>
            <TextLine id="r1l12" custom="readingOrder {index:11;}">
                <Coords points="2910,1352 2963,1361 2980,1345 3041,1338 3080,1347 3095,1362 3122,1354 3186,1363 3189,1294 3157,1280 3078,1286 3039,1274 3019,1286 2997,1269 2913,1271"/>
                <Baseline points="2919,1338 2944,1335 2970,1333 2996,1333 3022,1333 3048,1335 3074,1336 3100,1338 3126,1341 3152,1342 3178,1343"/>
                <TextEquiv>
                    <Unicode>Nr. 68</Unicode>
                </TextEquiv>
            </TextLine>
            <TextLine id="r1l13" custom="readingOrder {index:12;}">
                <Coords points="380,1365 552,1408 1304,1422 1546,1408 1547,1342 380,1335"/>
                <Baseline points="388,1364 445,1370 502,1375 560,1379 617,1382 675,1385 732,1386 789,1388 847,1389 904,1390 962,1390 1019,1390 1076,1390 1134,1390 1191,1390 1249,1390 1306,1391 1363,1392 1421,1393 1478,1395 1536,1397"/>
                <TextEquiv>
                    <Unicode>„&amp; 10 WVien, I., Concondiaplarz 4.</Unicode>
                </TextEquiv>
            </TextLine>
            <TextLine id="r1l14" custom="readingOrder {index:13;}">
                <Coords points="1797,1403 3242,1397 3222,1351 1797,1356"/>
                <Baseline points="1806,1404 1877,1404 1948,1403 2020,1402 2091,1402 2163,1401 2234,1400 2305,1399 2377,1399 2448,1398 2520,1397 2591,1396 2662,1396 2734,1395 2805,1395 2877,1394 2948,1394 3019,1394 3091,1395 3162,1395 3234,1396"/>
                <TextEquiv>
                    <Unicode>I. östern behördgr conc. Buréäu für Zeitungsberichte u. Personalnachrichten</Unicode>
                </TextEquiv>
            </TextLine>
            <TextLine id="r1l15" custom="readingOrder {index:14;}">
                <Coords points="364,1426 1791,1472 1711,1411 365,1389"/>
                <Baseline points="373,1434 443,1436 513,1437 584,1438 654,1439 725,1440 795,1441 865,1442 936,1443 1006,1444 1077,1445 1147,1446 1217,1447 1288,1448 1358,1449 1429,1450 1499,1452 1569,1454 1640,1456 1710,1458 1781,1461"/>
                <TextEquiv>
                    <Unicode>Vertretungen in Berlin, Budapest, Chicago, Genf, London, Newyork, Paris, Rom</Unicode>
                </TextEquiv>
            </TextLine>
            <TextLine id="r1l16" custom="readingOrder {index:15;}">
                <Coords points="2069,1482 2966,1486 2978,1412 2521,1432 2328,1409 2267,1442 2129,1401 2069,1426"/>
                <Baseline points="2078,1463 2122,1465 2167,1468 2211,1469 2256,1470 2300,1470 2345,1470 2389,1470 2434,1469 2478,1469 2523,1468 2568,1467 2612,1466 2657,1465 2701,1465 2746,1464 2790,1464 2835,1465 2879,1465 2924,1467 2969,1469"/>
                <TextEquiv>
                    <Unicode>Wien, I., Concondiaplarz 4.</Unicode>
                </TextEquiv>
            </TextLine>
            <TextLine id="r1l17" custom="readingOrder {index:16;}">
                <Coords points="735,1487 1099,1514 1212,1490 1292,1510 1426,1501 1426,1463 1393,1456 735,1447"/>
                <Baseline points="744,1478 777,1479 811,1480 845,1481 878,1481 912,1482 946,1482 979,1482 1013,1482 1047,1482 1081,1482 1114,1482 1148,1482 1182,1483 1215,1483 1249,1483 1283,1484 1316,1485 1350,1486 1384,1487 1418,1489"/>
                <TextEquiv>
                    <Unicode>Stockholm, Kristiania, St. Petersburg.</Unicode>
                </TextEquiv>
            </TextLine>
            <TextLine id="r1l18" custom="readingOrder {index:17;}">
                <Coords points="1815,1531 3161,1555 3236,1503 1814,1470"/>
                <Baseline points="1823,1526 1893,1526 1963,1526 2033,1526 2104,1525 2174,1525 2244,1525 2314,1525 2385,1524 2455,1524 2525,1524 2595,1523 2666,1523 2736,1523 2806,1523 2876,1524 2947,1524 3017,1524 3087,1525 3157,1526 3228,1527"/>
                <TextEquiv>
                    <Unicode>Vertretungen in Berlin, Budapest, Chicago, Genf, London, Newyork, Paris, Rom,</Unicode>
                </TextEquiv>
            </TextLine>
            <TextLine id="r1l19" custom="readingOrder {index:18;}">
                <Coords points="2174,1568 2642,1587 2688,1567 2754,1586 2874,1568 2874,1534 2174,1543"/>
                <Baseline points="2182,1563 2216,1564 2250,1564 2284,1564 2318,1564 2352,1563 2386,1563 2421,1562 2455,1562 2489,1561 2523,1561 2557,1560 2591,1560 2625,1560 2660,1560 2694,1560 2728,1560 2762,1561 2796,1562 2830,1563 2865,1564"/>
                <TextEquiv>
                    <Unicode>Stockholm, Kristiania, St. Petersburg.</Unicode>
                </TextEquiv>
            </TextLine>
            <TextLine id="r1l20" custom="readingOrder {index:19;}">
                <Coords points="352,1616 457,1639 473,1625 612,1626 653,1650 721,1628 828,1651 869,1643 870,1577 713,1594 562,1563 527,1583 420,1565 352,1578"/>
                <Baseline points="360,1618 385,1618 410,1618 435,1618 460,1618 485,1618 510,1618 535,1619 560,1619 585,1620 610,1621 635,1621 660,1622 685,1622 710,1623 735,1623 760,1624 785,1625 810,1625 835,1625 860,1625"/>
                <TextEquiv>
                    <Unicode>Ausschnitt aus:</Unicode>
                </TextEquiv>
            </TextLine>
            <TextLine id="r1l21" custom="readingOrder {index:20;}">
                <Coords points="1800,1708 1891,1728 2068,1712 2114,1734 2145,1713 2291,1731 2291,1673 2255,1663 2216,1673 2116,1655 2068,1671 2038,1653 1946,1671 1866,1653 1832,1675 1800,1671"/>
                <Baseline points="1809,1708 1835,1707 1861,1706 1888,1706 1914,1706 1940,1705 1967,1705 1993,1705 2019,1705 2046,1705 2072,1706 2098,1706 2125,1706 2151,1706 2177,1706 2204,1707 2230,1707 2256,1707 2283,1707"/>
                <TextEquiv>
                    <Unicode>Ausschnitt aus:</Unicode>
                </TextEquiv>
            </TextLine>
            <TextLine id="r1l22" custom="readingOrder {index:21;}">
                <Coords points="959,1718 1669,1733 1672,1615 1403,1667 1296,1644 1235,1661 1154,1619 961,1636"/>
                <Baseline points="968,1709 1002,1709 1037,1709 1071,1709 1106,1710 1141,1712 1175,1713 1210,1714 1244,1715 1279,1717 1314,1719 1348,1720 1383,1721 1417,1722 1452,1723 1487,1724 1521,1724 1556,1724 1590,1723 1625,1722 1660,1721"/>
                <TextEquiv>
                    <Unicode>Das Kleine Journal, Berlin</Unicode>
                </TextEquiv>
            </TextLine>
            <TextLine id="r1l23" custom="readingOrder {index:22;}">
                <Coords points="362,1760 391,1767 403,1777 418,1768 448,1775 461,1767 491,1776 521,1769 548,1775 549,1713 526,1709 506,1723 477,1729 456,1720 363,1726"/>
                <Baseline points="372,1761 400,1760 428,1760 456,1761 484,1761 512,1762 540,1763"/>
                <TextEquiv>
                    <Unicode>vom:</Unicode>
                </TextEquiv>
            </TextLine>
            <TextLine id="r1l24" custom="readingOrder {index:23;}">
                <Coords points="2373,1813 2437,1833 2591,1803 2856,1816 2880,1793 3037,1777 3072,1796 3131,1768 3113,1690 3011,1718 2894,1694 2718,1731 2370,1730"/>
                <Baseline points="2382,1808 2419,1807 2456,1806 2493,1805 2530,1804 2567,1804 2604,1803 2641,1801 2678,1800 2715,1799 2752,1798 2789,1797 2826,1795 2863,1793 2900,1791 2937,1788 2974,1786 3011,1783 3048,1779 3085,1776 3123,1771"/>
                <TextEquiv>
                    <Unicode>DiE POST, BERLIN</Unicode>
                </TextEquiv>
            </TextLine>
            <TextLine id="r1l25" custom="readingOrder {index:24;}">
                <Coords points="722,1854 783,1861 805,1879 851,1860 895,1855 906,1864 943,1847 958,1856 1006,1855 1010,1804 923,1805 892,1784 813,1780 762,1826 739,1812 721,1816"/>
                <Baseline points="731,1845 758,1847 785,1848 812,1848 839,1848 867,1847 894,1846 921,1845 948,1843 975,1842 1003,1841"/>
                <TextEquiv>
                    <Unicode>910•5</Unicode>
                </TextEquiv>
            </TextLine>
            <TextLine id="r1l26" custom="readingOrder {index:25;}">
                <Coords points="1819,1859 1860,1862 1871,1853 1885,1866 1928,1856 1945,1867 1988,1857 2008,1861 2009,1809 1961,1815 1954,1808 1939,1817 1907,1809 1893,1816 1868,1805 1819,1818"/>
                <Baseline points="1828,1849 1856,1850 1885,1849 1913,1849 1942,1850 1970,1851 1999,1854"/>
                <TextEquiv>
                    <Unicode>vom:</Unicode>
                </TextEquiv>
            </TextLine>
            <TextLine id="r1l27" custom="readingOrder {index:26;}">
                <Coords points="2184,1942 2205,1936 2257,1957 2277,1943 2301,1954 2313,1944 2335,1950 2404,1938 2430,1925 2425,1855 2370,1861 2329,1882 2265,1863 2226,1907 2182,1912"/>
                <Baseline points="2193,1934 2218,1930 2243,1926 2269,1924 2294,1922 2319,1922 2345,1920 2370,1919 2395,1917 2421,1915"/>
                <TextEquiv>
                    <Unicode>(4000 5</Unicode>
                </TextEquiv>
            </TextLine>
            <TextLine id="r1l28" custom="readingOrder {index:27;}">
                <Coords points="996,1951 1116,1942 1277,1967 1336,1949 1482,1962 1554,1947 1554,1906 1533,1904 997,1902"/>
                <Baseline points="1005,1941 1032,1941 1059,1942 1086,1943 1113,1943 1140,1944 1167,1944 1194,1945 1221,1946 1248,1947 1275,1947 1302,1947 1329,1948 1356,1948 1383,1948 1410,1949 1437,1949 1464,1949 1491,1949 1518,1948 1545,1948"/>
                <TextEquiv>
                    <Unicode>Dem unbestreitbaren Durch¬!</Unicode>
                </TextEquiv>
            </TextLine>
            <TextLine id="r1l29" custom="readingOrder {index:28;}">
                <Coords points="355,1976 1526,2009 1522,1946 1121,1964 938,1924 356,1920"/>
                <Baseline points="363,1972 420,1973 478,1974 536,1975 593,1977 651,1978 709,1980 766,1981 824,1983 882,1984 940,1985 997,1987 1055,1988 1113,1989 1170,1990 1228,1990 1286,1991 1343,1991 1401,1992 1459,1992 1517,1992"/>
                <TextEquiv>
                    <Unicode>fall ging ein bestrittener Achtungserfolg voraus. Arthur</Unicode>
                </TextEquiv>
            </TextLine>
            <TextLine id="r1l30" custom="readingOrder {index:29;}">
                <Coords points="356,2027 1519,2046 1519,2009 1411,1990 357,1970"/>
                <Baseline points="366,2011 423,2014 480,2016 537,2018 594,2020 651,2022 708,2024 766,2025 823,2027 880,2028 937,2029 994,2030 1051,2031 1108,2032 1166,2034 1223,2034 1280,2035 1337,2036 1394,2037 1451,2038 1509,2039"/>
                <TextEquiv>
                    <Unicode>Schnitzler hat zum Glück schon weitaus Besseres geschrieben,</Unicode>
                </TextEquiv>
            </TextLine>
            <TextLine id="r1l31" custom="readingOrder {index:30;}">
                <Coords points="356,2072 1524,2081 1466,2039 357,2022"/>
                <Baseline points="366,2054 423,2058 481,2061 538,2063 596,2065 653,2068 711,2070 768,2071 826,2072 883,2073 941,2074 998,2075 1056,2076 1113,2076 1171,2077 1228,2077 1286,2078 1343,2078 1401,2079 1458,2080 1516,2081"/>
                <TextEquiv>
                    <Unicode>als die einaktige Studie „Der Puppenspieler“. Die</Unicode>
                </TextEquiv>
            </TextLine>
            <TextLine id="r1l32" custom="readingOrder {index:31;}">
                <Coords points="357,2095 701,2130 1511,2124 1511,2092 1406,2079 358,2072"/>
                <Baseline points="366,2097 422,2101 479,2104 536,2106 593,2108 650,2111 706,2112 763,2114 820,2115 877,2116 934,2117 990,2117 1047,2118 1104,2118 1161,2119 1218,2119 1274,2120 1331,2121 1388,2121 1445,2122 1502,2123"/>
                <TextEquiv>
                    <Unicode>Bezeichnung „Studie“ ist genau so unsicher und gequält, wie der</Unicode>
                </TextEquiv>
            </TextLine>
            <TextLine id="r1l33" custom="readingOrder {index:32;}">
                <Coords points="2049,2138 2786,2161 2879,2155 2903,2120 2819,2093 2629,2116 2596,2095 2335,2113 2049,2089"/>
                <Baseline points="2057,2134 2098,2136 2140,2138 2182,2139 2224,2141 2266,2142 2307,2143 2349,2143 2391,2144 2433,2145 2475,2145 2516,2145 2558,2146 2600,2146 2642,2146 2684,2147 2725,2147 2767,2147 2809,2148 2851,2148 2893,2149"/>
                <TextEquiv>
                    <Unicode>Ein Einakterchen von Arthur Schnitzler</Unicode>
                </TextEquiv>
            </TextLine>
            <TextLine id="r1l34" custom="readingOrder {index:33;}">
                <Coords points="352,2159 1440,2182 1515,2167 1516,2128 353,2122"/>
                <Baseline points="362,2142 419,2144 476,2146 533,2148 590,2149 648,2151 705,2153 762,2154 819,2155 876,2157 934,2158 991,2159 1048,2160 1105,2161 1162,2162 1220,2162 1277,2163 1334,2163 1391,2163 1448,2163 1506,2163"/>
                <TextEquiv>
                    <Unicode>Titel selbst. Eine Studie ist gewöhnlich die unerläßliche Vor¬</Unicode>
                </TextEquiv>
            </TextLine>
            <TextLine id="r1l35" custom="readingOrder {index:34;}">
                <Coords points="1968,2179 2390,2198 2749,2173 2906,2200 2906,2138 2229,2161 1969,2135"/>
                <Baseline points="1978,2177 2026,2178 2074,2178 2123,2179 2171,2180 2219,2180 2268,2181 2316,2182 2364,2182 2413,2183 2461,2184 2510,2184 2558,2185 2606,2185 2655,2186 2703,2186 2751,2186 2800,2186 2848,2186 2897,2186"/>
                <TextEquiv>
                    <Unicode>ging voraus: „Der Puppenspieler.“ Man</Unicode>
                </TextEquiv>
            </TextLine>
            <TextLine id="r1l36" custom="readingOrder {index:35;}">
                <Coords points="348,2194 1376,2230 1522,2195 349,2139"/>
                <Baseline points="356,2185 413,2187 471,2189 529,2191 587,2193 645,2194 702,2196 760,2197 818,2198 876,2200 934,2201 991,2202 1049,2203 1107,2204 1165,2205 1223,2206 1280,2207 1338,2207 1396,2208 1454,2209 1512,2210"/>
                <TextEquiv>
                    <Unicode>bedingung zu einem Bilde, aber auf die Bühne soll man erst</Unicode>
                </TextEquiv>
            </TextLine>
            <TextLine id="r1l37" custom="readingOrder {index:36;}">
                <Coords points="1974,2213 2901,2228 2901,2185 1974,2181"/>
                <Baseline points="1982,2215 2027,2216 2073,2217 2118,2218 2164,2219 2209,2220 2255,2221 2300,2222 2346,2223 2391,2224 2437,2225 2482,2225 2528,2226 2573,2226 2619,2226 2664,2226 2710,2226 2755,2225 2801,2225 2846,2223 2892,2222"/>
                <TextEquiv>
                    <Unicode>kann seinem Dialog ein paar feine Wendungen</Unicode>
                </TextEquiv>
            </TextLine>
            <TextLine id="r1l38" custom="readingOrder {index:37;}">
                <Coords points="345,2235 1518,2259 1507,2210 1149,2233 1039,2200 346,2193"/>
                <Baseline points="354,2229 411,2231 469,2233 527,2234 585,2236 642,2238 700,2239 758,2240 816,2241 873,2242 931,2243 989,2245 1047,2246 1104,2247 1162,2248 1220,2249 1278,2250 1335,2251 1393,2253 1451,2254 1509,2256"/>
                <TextEquiv>
                    <Unicode>das fertige dramatische Bild selbst bringen. Aus dem Herrn</Unicode>
                </TextEquiv>
            </TextLine>
            <TextLine id="r1l39" custom="readingOrder {index:38;}">
                <Coords points="1975,2272 2836,2263 2905,2285 2906,2234 1975,2229"/>
                <Baseline points="1984,2250 2029,2253 2075,2255 2120,2258 2166,2259 2212,2260 2257,2261 2303,2262 2348,2262 2394,2262 2440,2262 2485,2262 2531,2262 2576,2262 2622,2262 2668,2262 2713,2262 2759,2263 2804,2264 2850,2265 2896,2266"/>
                <TextEquiv>
                    <Unicode>nachrühmen und zu seinem Lobe behaupten, daß</Unicode>
                </TextEquiv>
            </TextLine>
            <TextLine id="r1l40" custom="readingOrder {index:39;}">
                <Coords points="355,2268 1322,2318 1517,2314 1518,2259 355,2241"/>
                <Baseline points="363,2275 420,2277 477,2278 534,2279 592,2280 649,2281 706,2283 764,2283 821,2284 878,2285 936,2286 993,2287 1050,2288 1107,2289 1165,2290 1222,2290 1279,2291 1337,2292 1394,2293 1451,2295 1509,2296"/>
                <TextEquiv>
                    <Unicode>Georg Merklin, der dies ial das Objekt von Schnitzlers Studien¬</Unicode>
                </TextEquiv>
            </TextLine>
            <TextLine id="r1l41" custom="readingOrder {index:40;}">
                <Coords points="1971,2298 2906,2306 2851,2264 1972,2273"/>
                <Baseline points="1980,2288 2025,2291 2071,2293 2117,2294 2163,2296 2209,2297 2254,2298 2300,2298 2346,2299 2392,2299 2438,2299 2483,2299 2529,2300 2575,2300 2621,2300 2667,2300 2712,2300 2758,2300 2804,2301 2850,2301 2896,2302"/>
                <TextEquiv>
                    <Unicode>es Albert Bassermann Gelegenheit gab,</Unicode>
                </TextEquiv>
            </TextLine>
            <TextLine id="r1l42" custom="readingOrder {index:41;}">
                <Coords points="356,2325 1513,2359 1514,2305 357,2290"/>
                <Baseline points="365,2323 424,2323 484,2323 544,2324 604,2324 664,2325 724,2326 784,2327 844,2328 904,2329 964,2331 1024,2332 1084,2334 1144,2335 1204,2336 1264,2337 1324,2339 1384,2339 1444,2340 1504,2341"/>
                <TextEquiv>
                    <Unicode>gang ist, wird man außerdem nicht recht klug. Er gehört zu</Unicode>
                </TextEquiv>
            </TextLine>
            <TextLine id="r1l43" custom="readingOrder {index:42;}">
                <Coords points="1977,2331 2897,2349 2897,2306 2770,2295 1977,2303"/>
                <Baseline points="1986,2329 2031,2330 2076,2332 2121,2332 2166,2333 2211,2335 2256,2335 2301,2336 2346,2337 2391,2337 2437,2337 2482,2338 2527,2338 2572,2338 2617,2339 2662,2339 2707,2339 2752,2339 2797,2339 2842,2340 2888,2340"/>
                <TextEquiv>
                    <Unicode>einem Bedürfnislosen, der aufrecht und ohne</Unicode>
                </TextEquiv>
            </TextLine>
            <TextLine id="r1l44" custom="readingOrder {index:43;}">
                <Coords points="345,2365 1456,2400 1517,2388 1518,2353 346,2325"/>
                <Baseline points="354,2363 411,2364 469,2365 527,2367 584,2368 642,2369 700,2370 757,2371 815,2371 873,2372 931,2373 988,2374 1046,2375 1104,2376 1161,2377 1219,2379 1277,2380 1334,2381 1392,2383 1450,2385 1508,2386"/>
                <TextEquiv>
                    <Unicode>den Schriftstellern, die nichts schreiben, nur weiß man nicht recht,</Unicode>
                </TextEquiv>
            </TextLine>
            <TextLine id="r1l45" custom="readingOrder {index:44;}">
                <Coords points="1982,2373 2900,2390 2900,2351 2788,2336 2609,2361 2492,2333 1982,2334"/>
                <Baseline points="1991,2368 2036,2370 2081,2370 2126,2371 2171,2372 2216,2373 2261,2374 2306,2374 2351,2375 2396,2375 2441,2376 2486,2376 2531,2377 2576,2377 2621,2377 2666,2377 2711,2377 2756,2377 2801,2377 2846,2377 2892,2377"/>
                <TextEquiv>
                    <Unicode>Wunsch durch die Welt schreitet, mit einfachen</Unicode>
                </TextEquiv>
            </TextLine>
            <TextLine id="r1l46" custom="readingOrder {index:45;}">
                <Coords points="1983,2418 2900,2426 2900,2390 2843,2379 1984,2375"/>
                <Baseline points="1993,2408 2037,2409 2082,2410 2127,2410 2172,2411 2217,2411 2262,2412 2307,2412 2352,2413 2397,2413 2442,2414 2486,2414 2531,2414 2576,2415 2621,2415 2666,2415 2711,2416 2756,2416 2801,2416 2846,2417 2891,2417"/>
                <TextEquiv>
                    <Unicode>Mitteln wundervoll zu charalterisiereif Diesen</Unicode>
                </TextEquiv>
            </TextLine>
            <TextLine id="r1l47" custom="readingOrder {index:46;}">
                <Coords points="350,2408 1509,2429 1493,2391 351,2365"/>
                <Baseline points="358,2405 415,2406 472,2408 529,2409 586,2410 643,2411 700,2413 757,2414 814,2415 871,2416 929,2417 986,2419 1043,2420 1100,2421 1157,2422 1214,2423 1271,2424 1328,2424 1385,2425 1442,2426 1500,2427"/>
                <TextEquiv>
                    <Unicode>ob er aus Talentlosigkeit oder aus Größenwahn oder aus</Unicode>
                </TextEquiv>
            </TextLine>
            <TextLine id="r1l48" custom="readingOrder {index:47;}">
                <Coords points="1982,2452 2907,2474 2907,2433 2856,2418 1982,2418"/>
                <Baseline points="1991,2449 2036,2449 2081,2449 2127,2449 2172,2450 2218,2450 2263,2450 2308,2451 2354,2451 2399,2451 2445,2452 2490,2452 2535,2452 2581,2452 2626,2452 2672,2452 2717,2452 2762,2451 2808,2451 2853,2450 2899,2449"/>
                <TextEquiv>
                    <Unicode>Einsamen führt sein Weg durch ein stilles, ein bis¬</Unicode>
                </TextEquiv>
            </TextLine>
            <TextLine id="r1l49" custom="readingOrder {index:48;}">
                <Coords points="352,2451 1057,2485 1347,2466 1347,2431 1306,2425 352,2412"/>
                <Baseline points="360,2454 408,2454 457,2454 506,2453 555,2454 604,2454 653,2455 701,2455 750,2456 799,2457 848,2458 897,2459 946,2460 995,2461 1043,2462 1092,2463 1141,2464 1190,2465 1239,2465 1288,2466 1337,2466"/>
                <TextEquiv>
                    <Unicode>Familienkummer nichts schreibt, sondern lieber</Unicode>
                </TextEquiv>
            </TextLine>
            <TextLine id="r1l50" custom="readingOrder {index:49;}">
                <Coords points="1341,2470 1366,2472 1375,2481 1420,2472 1449,2476 1463,2488 1477,2485 1488,2474 1509,2481 1510,2431 1470,2438 1402,2429 1395,2434 1342,2434"/>
                <Baseline points="1351,2470 1380,2469 1410,2469 1440,2469 1470,2469 1500,2471"/>
                <TextEquiv>
                    <Unicode>lebende</Unicode>
                </TextEquiv>
            </TextLine>
            <TextLine id="r1l51" custom="readingOrder {index:50;}">
                <Coords points="1977,2500 2819,2488 2897,2510 2898,2458 1978,2452"/>
                <Baseline points="1986,2489 2031,2489 2076,2489 2121,2489 2166,2489 2211,2489 2256,2489 2301,2489 2346,2490 2391,2490 2437,2490 2482,2490 2527,2491 2572,2491 2617,2491 2662,2492 2707,2492 2752,2492 2797,2492 2842,2493 2888,2493"/>
                <TextEquiv>
                    <Unicode>chen spießbürgerliches Eheglück hindurch, das er</Unicode>
                </TextEquiv>
            </TextLine>
            <TextLine id="r1l52" custom="readingOrder {index:51;}">
                <Coords points="349,2495 429,2499 451,2515 497,2500 567,2507 590,2497 617,2514 633,2502 697,2514 697,2448 594,2475 577,2463 499,2466 490,2457 438,2465 368,2454 349,2465"/>
                <Baseline points="358,2495 383,2496 408,2496 434,2497 459,2497 484,2497 510,2498 535,2497 561,2497 586,2497 611,2496 637,2496 662,2496 688,2495"/>
                <TextEquiv>
                    <Unicode>Menschen wie</Unicode>
                </TextEquiv>
            </TextLine>
            <TextLine id="r1l53" custom="readingOrder {index:52;}">
                <Coords points="723,2502 733,2505 746,2497 766,2516 770,2513 781,2515 795,2513 820,2493 829,2494 831,2465 817,2461 807,2469 797,2461 784,2466 776,2463 766,2470 753,2460 726,2460"/>
                <Baseline points="732,2495 761,2496 790,2498 820,2501"/>
                <TextEquiv>
                    <Unicode>die</Unicode>
                </TextEquiv>
            </TextLine>
            <TextLine id="r1l54" custom="readingOrder {index:53;}">
                <Coords points="848,2509 868,2507 881,2517 906,2511 929,2518 961,2510 982,2519 1004,2510 1025,2513 1025,2472 1012,2470 1007,2476 992,2469 960,2477 949,2468 935,2466 923,2475 883,2465 873,2474 848,2464"/>
                <Baseline points="858,2503 884,2502 910,2502 937,2501 963,2501 989,2500 1016,2501"/>
                <TextEquiv>
                    <Unicode>Puppen</Unicode>
                </TextEquiv>
            </TextLine>
            <TextLine id="r1l55" custom="readingOrder {index:54;}">
                <Coords points="1049,2504 1081,2521 1122,2509 1208,2526 1272,2512 1463,2527 1508,2514 1509,2481 1263,2471 1209,2482 1156,2468 1050,2486"/>
                <Baseline points="1058,2503 1084,2504 1110,2504 1136,2505 1162,2506 1188,2506 1214,2508 1240,2508 1266,2509 1292,2511 1318,2511 1344,2512 1370,2513 1396,2513 1422,2514 1448,2514 1474,2514 1500,2515"/>
                <TextEquiv>
                    <Unicode>durcheinander spielen</Unicode>
                </TextEquiv>
            </TextLine>
            <TextLine id="r1l56" custom="readingOrder {index:55;}">
                <Coords points="1987,2528 2903,2539 2903,2508 2821,2488 1987,2498"/>
                <Baseline points="1996,2529 2043,2528 2090,2527 2137,2527 2185,2526 2232,2526 2279,2527 2327,2527 2374,2528 2421,2528 2469,2529 2516,2529 2563,2530 2611,2530 2658,2530 2705,2530 2753,2529 2800,2528 2847,2527 2895,2525"/>
                <TextEquiv>
                    <Unicode>einst selbst, da er in zweier junger Menschen See¬</Unicode>
                </TextEquiv>
            </TextLine>
            <TextLine id="r1l57" custom="readingOrder {index:56;}">
                <Coords points="349,2542 1458,2571 1514,2544 350,2493"/>
                <Baseline points="359,2536 416,2537 473,2538 530,2539 588,2540 645,2541 702,2542 759,2544 817,2545 874,2546 931,2548 988,2549 1046,2550 1103,2551 1160,2552 1217,2553 1275,2554 1332,2554 1389,2555 1446,2555 1504,2555"/>
                <TextEquiv>
                    <Unicode>läßt. Daher der Name „Der Puppenspieler“. Daß er bei</Unicode>
                </TextEquiv>
            </TextLine>
            <TextLine id="r1l58" custom="readingOrder {index:57;}">
                <Coords points="1984,2568 2892,2583 2892,2529 1985,2528"/>
                <Baseline points="1994,2566 2038,2565 2082,2565 2127,2565 2171,2565 2216,2565 2260,2566 2305,2566 2349,2567 2394,2568 2438,2568 2482,2569 2527,2569 2571,2570 2616,2570 2660,2570 2705,2569 2749,2569 2794,2568 2838,2567 2883,2565"/>
                <TextEquiv>
                    <Unicode>len mit dem Feuer zu spielen glaubte, gegründet</Unicode>
                </TextEquiv>
            </TextLine>
            <TextLine id="r1l59" custom="readingOrder {index:58;}">
                <Coords points="1565,2593 1585,2598 1628,2592 1644,2605 1655,2598 1686,2611 1699,2599 1717,2603 1746,2597 1747,2554 1701,2557 1688,2551 1679,2558 1642,2537 1624,2543 1605,2529 1567,2536"/>
                <Baseline points="1574,2585 1601,2587 1628,2588 1656,2589 1683,2589 1710,2590 1738,2591"/>
                <TextEquiv>
                    <Unicode>inclusive</Unicode>
                </TextEquiv>
            </TextLine>
            <TextLine id="r1l60" custom="readingOrder {index:59;}">
                <Coords points="351,2589 1401,2615 1476,2609 1504,2563 352,2552"/>
                <Baseline points="360,2579 416,2581 473,2582 530,2584 587,2585 643,2586 700,2587 757,2588 814,2589 870,2590 927,2591 984,2592 1041,2594 1097,2595 1154,2596 1211,2597 1268,2599 1324,2600 1381,2601 1438,2603 1495,2605"/>
                <TextEquiv>
                    <Unicode>diesem Spiel das Lebensglück eines Freundes begründet, während</Unicode>
                </TextEquiv>
            </TextLine>
            <TextLine id="r1l61" custom="readingOrder {index:60;}">
                <Coords points="1979,2606 2798,2621 2900,2617 2901,2579 1979,2569"/>
                <Baseline points="1988,2603 2033,2602 2078,2602 2123,2602 2168,2603 2214,2603 2259,2604 2304,2604 2349,2605 2394,2606 2440,2607 2485,2607 2530,2608 2575,2608 2620,2609 2666,2609 2711,2609 2756,2609 2801,2608 2846,2608 2892,2607"/>
                <TextEquiv>
                    <Unicode>hat. Er läßt Zufriedene hinter sich und taucht,</Unicode>
                </TextEquiv>
            </TextLine>
            <TextLine id="r1l62" custom="readingOrder {index:61;}">
                <Coords points="1565,2627 1576,2625 1599,2634 1610,2630 1653,2636 1665,2631 1679,2640 1692,2629 1699,2632 1716,2626 1717,2592 1705,2593 1686,2610 1674,2601 1665,2604 1652,2598 1642,2603 1628,2592 1613,2597 1596,2592 1577,2608 1566,2605"/>
                <Baseline points="1575,2624 1601,2625 1627,2626 1654,2627 1680,2628 1707,2630"/>
                <TextEquiv>
                    <Unicode>Porto.</Unicode>
                </TextEquiv>
            </TextLine>
            <TextLine id="r1l63" custom="readingOrder {index:62;}">
                <Coords points="346,2624 1505,2661 1494,2600 347,2586"/>
                <Baseline points="355,2626 412,2626 469,2627 526,2628 583,2628 640,2629 697,2630 754,2631 811,2632 868,2633 926,2634 983,2636 1040,2637 1097,2638 1154,2639 1211,2640 1268,2642 1325,2643 1382,2644 1439,2646 1497,2647"/>
                <TextEquiv>
                    <Unicode>er selbst als eine Art Zaungast zusehen muß, wie die anderen es</Unicode>
                </TextEquiv>
            </TextLine>
            <TextLine id="r1l64" custom="readingOrder {index:63;}">
                <Coords points="1974,2642 2874,2660 3001,2653 3002,2611 2941,2583 2798,2621 1974,2606"/>
                <Baseline points="1983,2640 2033,2639 2083,2639 2134,2639 2184,2639 2235,2640 2285,2641 2336,2643 2386,2644 2437,2645 2487,2647 2537,2648 2588,2649 2638,2649 2689,2649 2739,2649 2790,2648 2840,2647 2891,2644 2941,2642 2992,2637"/>
                <TextEquiv>
                    <Unicode>ein Ruheloser, in die Einsamkeit zurück. Wir 15.—</Unicode>
                </TextEquiv>
            </TextLine>
            <TextLine id="r1l65" custom="readingOrder {index:64;}">
                <Coords points="1810,2662 1824,2663 1835,2657 1851,2661 1863,2655 1873,2660 1879,2653 1889,2659 1901,2651 1915,2652 1912,2590 1901,2592 1894,2587 1876,2595 1868,2605 1861,2603 1850,2609 1827,2600 1820,2604 1807,2603"/>
                <Baseline points="1819,2649 1847,2647 1876,2645 1905,2645"/>
                <TextEquiv>
                    <Unicode>Für</Unicode>
                </TextEquiv>
            </TextLine>
            <TextLine id="r1l66" custom="readingOrder {index:65;}">
                <Coords points="1556,2669 1595,2674 1600,2680 1631,2671 1659,2670 1666,2678 1691,2671 1700,2679 1723,2683 1725,2633 1693,2628 1671,2642 1659,2633 1589,2633 1577,2625 1557,2627"/>
                <Baseline points="1564,2663 1589,2664 1614,2665 1639,2665 1664,2666 1689,2666 1715,2668"/>
                <TextEquiv>
                    <Unicode>Zahlbar</Unicode>
                </TextEquiv>
            </TextLine>
            <TextLine id="r1l67" custom="readingOrder {index:66;}">
                <Coords points="1970,2681 3235,2669 3234,2625 3172,2616 2822,2662 1970,2640"/>
                <Baseline points="1979,2678 2041,2678 2103,2678 2165,2678 2228,2679 2290,2680 2352,2681 2415,2682 2477,2683 2539,2684 2602,2684 2664,2684 2726,2684 2788,2684 2851,2682 2913,2680 2975,2677 3038,2672 3100,2668 3162,2662 3225,2654"/>
                <TextEquiv>
                    <Unicode>sehen das gute bürgerliche Paar sich befriedigt zur 28.—] inclusive</Unicode>
                </TextEquiv>
            </TextLine>
            <TextLine id="r1l68" custom="readingOrder {index:67;}">
                <Coords points="338,2667 1261,2701 1495,2696 1507,2659 339,2627"/>
                <Baseline points="348,2669 405,2670 462,2670 520,2671 577,2672 635,2673 692,2674 750,2675 807,2676 865,2678 922,2679 979,2680 1037,2681 1094,2683 1152,2684 1209,2685 1267,2686 1324,2687 1382,2688 1439,2688 1497,2689"/>
                <TextEquiv>
                    <Unicode>sich behaglich wohl sein lassen, ist der Inhalt der ziemlich über¬</Unicode>
                </TextEquiv>
            </TextLine>
            <TextLine id="r1l69" custom="readingOrder {index:68;}">
                <Coords points="2995,2699 3005,2701 3009,2708 3024,2700 3025,2702 3031,2701 3041,2704 3049,2669 3042,2667 3037,2668 3032,2663 3028,2666 3025,2662 3023,2663 3022,2661 3015,2659 3013,2661 3004,2659"/>
                <Baseline points="3005,2695 3032,2701"/>
                <TextEquiv>
                    <Unicode>1</Unicode>
                </TextEquiv>
            </TextLine>
            <TextLine id="r1l70" custom="readingOrder {index:69;}">
                <Coords points="3036,2701 3053,2700 3076,2711 3089,2704 3101,2707 3114,2702 3148,2712 3162,2701 3200,2704 3200,2688 3177,2688 3128,2666 3094,2672 3081,2665 3058,2666 3045,2678 3036,2678"/>
                <Baseline points="3045,2698 3074,2698 3103,2699 3132,2700 3161,2701 3191,2702"/>
                <TextEquiv>
                    <Unicode>Porto.</Unicode>
                </TextEquiv>
            </TextLine>
            <TextLine id="r1l71" custom="readingOrder {index:70;}">
                <Coords points="1526,2735 1538,2737 1560,2719 1590,2737 1599,2730 1617,2738 1649,2718 1681,2729 1719,2711 1772,2729 1773,2672 1739,2665 1710,2683 1691,2672 1669,2681 1658,2670 1587,2677 1541,2641 1526,2641"/>
                <Baseline points="1535,2710 1560,2707 1585,2706 1611,2704 1636,2704 1661,2705 1687,2706 1712,2707 1737,2708 1763,2709"/>
                <TextEquiv>
                    <Unicode>im Voraus</Unicode>
                </TextEquiv>
            </TextLine>
            <TextLine id="r1l72" custom="readingOrder {index:71;}">
                <Coords points="2896,2724 2938,2723 2954,2734 2960,2730 2969,2734 2979,2727 2996,2727 2994,2691 2966,2695 2960,2691 2953,2693 2939,2683 2930,2687 2896,2686"/>
                <Baseline points="2904,2718 2931,2718 2958,2720 2986,2718"/>
                <TextEquiv>
                    <Unicode>50.—</Unicode>
                </TextEquiv>
            </TextLine>
            <TextLine id="r1l73" custom="readingOrder {index:72;}">
                <Coords points="1983,2714 2718,2748 2877,2740 2896,2694 1983,2686"/>
                <Baseline points="1991,2714 2035,2716 2080,2717 2125,2718 2170,2719 2215,2720 2259,2721 2304,2721 2349,2722 2394,2722 2439,2723 2483,2723 2528,2723 2573,2724 2618,2724 2663,2724 2707,2724 2752,2725 2797,2725 2842,2726 2887,2726"/>
                <TextEquiv>
                    <Unicode>Suppe setzen. Es ist auch für die Literatur lein</Unicode>
                </TextEquiv>
            </TextLine>
            <TextLine id="r1l74" custom="readingOrder {index:73;}">
                <Coords points="341,2729 515,2705 1499,2747 1500,2693 342,2672"/>
                <Baseline points="350,2713 407,2713 464,2714 521,2714 578,2715 635,2716 692,2717 749,2718 806,2719 863,2721 920,2722 977,2723 1034,2725 1091,2726 1148,2727 1205,2728 1262,2729 1319,2730 1376,2730 1433,2730 1490,2730"/>
                <TextEquiv>
                    <Unicode>flüssigen Kleinigkeit. Albert Bassermann suchte mit</Unicode>
                </TextEquiv>
            </TextLine>
            <TextLine id="r1l75" custom="readingOrder {index:74;}">
                <Coords points="2878,2769 2976,2756 2996,2764 3004,2754 3018,2765 3042,2739 3168,2747 3205,2739 3203,2703 3139,2712 3128,2703 3076,2711 3020,2701 2990,2728 2956,2738 2937,2723 2875,2726"/>
                <Baseline points="2886,2758 2911,2756 2937,2755 2963,2752 2989,2749 3015,2746 3041,2744 3066,2742 3092,2739 3118,2738 3144,2737 3170,2738 3196,2739"/>
                <TextEquiv>
                    <Unicode>110.—f Zahlber</Unicode>
                </TextEquiv>
            </TextLine>
            <TextLine id="r1l76" custom="readingOrder {index:75;}">
                <Coords points="1986,2767 2075,2759 2170,2774 2193,2756 2215,2773 2234,2762 2272,2774 2290,2763 2390,2768 2390,2724 2355,2737 2232,2717 2113,2737 2101,2724 1987,2720"/>
                <Baseline points="1996,2751 2021,2752 2047,2753 2073,2754 2098,2755 2124,2755 2150,2755 2175,2755 2201,2756 2227,2756 2252,2756 2278,2756 2304,2757 2329,2758 2355,2759 2381,2760"/>
                <TextEquiv>
                    <Unicode>Grund zur Aufregung.</Unicode>
                </TextEquiv>
            </TextLine>
            <TextLine id="r1l77" custom="readingOrder {index:76;}">
                <Coords points="344,2756 1507,2776 1269,2724 345,2731"/>
                <Baseline points="354,2757 411,2757 468,2758 525,2758 582,2759 640,2760 697,2761 754,2762 811,2764 868,2765 926,2766 983,2768 1040,2769 1097,2770 1154,2772 1212,2772 1269,2773 1326,2774 1383,2775 1440,2775 1498,2775"/>
                <TextEquiv>
                    <Unicode>seiner sicheren Kunst alle bunt durcheinander gewürfelten In¬</Unicode>
                </TextEquiv>
            </TextLine>
            <TextLine id="r1l78" custom="readingOrder {index:77;}">
                <Coords points="1513,2796 1562,2779 1576,2786 1594,2772 1606,2783 1621,2774 1637,2785 1653,2785 1675,2768 1746,2788 1773,2779 1773,2729 1748,2722 1732,2733 1675,2728 1655,2742 1605,2736 1596,2745 1548,2729 1514,2735"/>
                <Baseline points="1522,2773 1548,2772 1575,2772 1602,2771 1629,2771 1656,2771 1683,2772 1710,2773 1737,2774 1764,2777"/>
                <TextEquiv>
                    <Unicode>itte ist das</Unicode>
                </TextEquiv>
            </TextLine>
            <TextLine id="r1l79" custom="readingOrder {index:78;}">
                <Coords points="2037,2806 3257,2790 3256,2743 3190,2740 2803,2777 2653,2747 2037,2763"/>
                <Baseline points="2045,2791 2105,2794 2165,2797 2225,2798 2285,2800 2345,2802 2405,2803 2465,2803 2525,2804 2585,2804 2646,2803 2706,2803 2766,2801 2826,2799 2886,2798 2946,2795 3006,2792 3066,2788 3126,2785 3186,2780 3247,2775"/>
                <TextEquiv>
                    <Unicode>Unter den Spielern, die sich mit Eifer des 200.—] im Voraus.</Unicode>
                </TextEquiv>
            </TextLine>
            <TextLine id="r1l80" custom="readingOrder {index:79;}">
                <Coords points="1839,2843 1892,2813 1923,2818 1928,2812 1961,2829 1989,2820 1985,2770 1911,2763 1886,2790 1872,2788 1859,2778 1834,2780"/>
                <Baseline points="1846,2812 1872,2807 1898,2803 1925,2801 1951,2800 1978,2802"/>
                <TextEquiv>
                    <Unicode>„ 10</Unicode>
                </TextEquiv>
            </TextLine>
            <TextLine id="r1l81" custom="readingOrder {index:80;}">
                <Coords points="348,2815 1428,2835 1503,2829 1504,2794 348,2767"/>
                <Baseline points="356,2801 412,2802 469,2802 526,2803 583,2804 640,2804 697,2806 754,2807 811,2808 868,2809 925,2811 981,2812 1038,2814 1095,2815 1152,2816 1209,2817 1266,2818 1323,2818 1380,2819 1437,2819 1494,2819"/>
                <TextEquiv>
                    <Unicode>gredienzien der Hauptfigur nachdrücklich herauszuarbeiten. Ja,</Unicode>
                </TextEquiv>
            </TextLine>
            <TextLine id="r1l82" custom="readingOrder {index:81;}">
                <Coords points="1511,2820 1595,2823 1635,2811 1651,2821 1710,2818 1722,2829 1768,2829 1769,2784 1759,2782 1730,2790 1709,2779 1696,2788 1676,2778 1637,2785 1621,2775 1574,2785 1562,2778 1553,2787 1542,2777 1512,2780"/>
                <Baseline points="1520,2811 1546,2810 1573,2810 1600,2810 1626,2811 1653,2812 1680,2813 1706,2814 1733,2814 1760,2813"/>
                <TextEquiv>
                    <Unicode>steht es den</Unicode>
                </TextEquiv>
            </TextLine>
            <TextLine id="r1l83" custom="readingOrder {index:82;}">
                <Coords points="1977,2842 3109,2861 3247,2847 3247,2803 1977,2812"/>
                <Baseline points="1986,2836 2048,2836 2111,2837 2173,2838 2236,2838 2299,2839 2361,2840 2424,2841 2486,2842 2549,2843 2612,2843 2674,2844 2737,2845 2799,2845 2862,2845 2925,2845 2987,2845 3050,2844 3112,2843 3175,2842 3238,2840"/>
                <TextEquiv>
                    <Unicode>„Trugbilds“ annahmen, wäre Irene Trieschusschnitte ist das</Unicode>
                </TextEquiv>
            </TextLine>
            <TextLine id="r1l84" custom="readingOrder {index:83;}">
                <Coords points="1502,2864 1516,2860 1527,2868 1538,2861 1550,2866 1568,2861 1581,2866 1611,2859 1643,2865 1644,2811 1593,2823 1536,2814 1502,2826"/>
                <Baseline points="1511,2851 1542,2849 1573,2849 1604,2850 1635,2851"/>
                <TextEquiv>
                    <Unicode>ndern.</Unicode>
                </TextEquiv>
            </TextLine>
            <TextLine id="r1l85" custom="readingOrder {index:84;}">
                <Coords points="344,2853 1500,2869 1500,2831 1406,2823 345,2812"/>
                <Baseline points="353,2845 409,2845 466,2845 523,2846 580,2847 637,2848 694,2849 750,2850 807,2851 864,2853 921,2854 978,2855 1035,2856 1092,2857 1148,2858 1205,2859 1262,2860 1319,2860 1376,2860 1433,2860 1490,2860"/>
                <TextEquiv>
                    <Unicode>er ging dabei vielleicht etwas nachdrücklicher vor, als die locker</Unicode>
                </TextEquiv>
            </TextLine>
            <TextLine id="r1l86" custom="readingOrder {index:85;}">
                <Coords points="1978,2877 3259,2897 3243,2845 1979,2843"/>
                <Baseline points="1988,2874 2051,2874 2114,2875 2177,2876 2240,2877 2303,2878 2366,2879 2429,2880 2492,2881 2555,2882 2619,2883 2682,2884 2745,2885 2808,2886 2871,2886 2934,2886 2997,2886 3060,2886 3123,2885 3186,2884 3250,2883"/>
                <TextEquiv>
                    <Unicode>hervorzuheben, die interessant auszusehen wußte und auch steht es des</Unicode>
                </TextEquiv>
            </TextLine>
            <TextLine id="r1l87" custom="readingOrder {index:86;}">
                <Coords points="1814,2902 1828,2906 1855,2894 1866,2900 1871,2894 1891,2892 1901,2901 1934,2898 1950,2907 1964,2903 1963,2830 1945,2839 1900,2836 1890,2846 1868,2849 1856,2859 1813,2865"/>
                <Baseline points="1823,2893 1849,2890 1875,2889 1902,2889 1928,2890 1955,2889"/>
                <TextEquiv>
                    <Unicode>Abonne</Unicode>
                </TextEquiv>
            </TextLine>
            <TextLine id="r1l88" custom="readingOrder {index:87;}">
                <Coords points="333,2900 1491,2927 1486,2867 334,2850"/>
                <Baseline points="342,2889 399,2890 456,2890 513,2890 570,2891 627,2892 684,2893 741,2894 798,2896 855,2897 912,2899 969,2900 1026,2901 1083,2902 1140,2903 1197,2904 1254,2905 1311,2906 1368,2906 1425,2906 1482,2906"/>
                <TextEquiv>
                    <Unicode>konzipierte Gestalt es verträgt. So war es alles in allem der</Unicode>
                </TextEquiv>
            </TextLine>
            <TextLine id="r1l89" custom="readingOrder {index:88;}">
                <Coords points="1987,2923 2879,2923 2930,2950 3125,2936 3126,2898 1988,2880"/>
                <Baseline points="1996,2913 2052,2914 2108,2914 2164,2915 2220,2916 2276,2916 2332,2917 2388,2918 2444,2919 2500,2920 2556,2921 2612,2921 2668,2922 2724,2923 2780,2923 2836,2923 2892,2923 2948,2923 3004,2923 3060,2923 3117,2922"/>
                <TextEquiv>
                    <Unicode>die verschlagene Gemeinheit dieser Dirne zu zügelur zu ändern.</Unicode>
                </TextEquiv>
            </TextLine>
            <TextLine id="r1l90" custom="readingOrder {index:89;}">
                <Coords points="1815,2959 1835,2955 1842,2959 1883,2935 1910,2952 1928,2943 1937,2950 1944,2946 1949,2952 1960,2951 1959,2907 1941,2905 1932,2898 1893,2901 1871,2894 1866,2899 1859,2896 1814,2906"/>
                <Baseline points="1823,2933 1848,2930 1874,2929 1899,2929 1925,2930 1951,2929"/>
                <TextEquiv>
                    <Unicode>Alonn</Unicode>
                </TextEquiv>
            </TextLine>
            <TextLine id="r1l91" custom="readingOrder {index:90;}">
                <Coords points="1513,2951 1539,2954 1565,2940 1620,2950 1638,2943 1654,2952 1674,2938 1711,2953 1727,2944 1757,2950 1777,2945 1778,2886 1733,2901 1699,2897 1678,2911 1633,2896 1604,2903 1587,2888 1565,2909 1513,2905"/>
                <Baseline points="1521,2938 1548,2937 1575,2936 1603,2936 1630,2937 1658,2937 1685,2938 1713,2939 1740,2940 1768,2941"/>
                <TextEquiv>
                    <Unicode>sthaltend die</Unicode>
                </TextEquiv>
            </TextLine>
            <TextLine id="r1l92" custom="readingOrder {index:91;}">
                <Coords points="331,2924 1194,2976 1441,2971 1489,2923 331,2894"/>
                <Baseline points="340,2931 399,2931 459,2931 519,2932 579,2932 639,2933 699,2935 759,2936 819,2937 879,2938 939,2940 999,2941 1059,2943 1119,2944 1179,2946 1239,2947 1299,2949 1359,2949 1419,2951 1479,2952"/>
                <TextEquiv>
                    <Unicode>unerfreulichste Abend, den man im Deutschen Theater seit langer</Unicode>
                </TextEquiv>
            </TextLine>
            <TextLine id="r1l93" custom="readingOrder {index:92;}">
                <Coords points="1975,2954 2911,2955 2879,2923 1975,2924"/>
                <Baseline points="1984,2955 2029,2955 2075,2955 2121,2955 2167,2956 2213,2956 2259,2957 2305,2958 2351,2958 2397,2959 2443,2960 2488,2961 2534,2961 2580,2962 2626,2962 2672,2962 2718,2961 2764,2961 2810,2960 2856,2958 2902,2956"/>
                <TextEquiv>
                    <Unicode>und hervorbrechen zu lassen wußte, vie und wo es</Unicode>
                </TextEquiv>
            </TextLine>
            <TextLine id="r1l94" custom="readingOrder {index:93;}">
                <Coords points="335,2975 385,2985 434,2976 501,2987 557,2976 569,2989 584,2980 646,2982 646,2959 609,2941 544,2948 525,2935 443,2945 423,2935 336,2933"/>
                <Baseline points="344,2973 370,2974 397,2974 423,2974 450,2974 477,2973 503,2973 530,2973 557,2974 583,2974 610,2975 637,2976"/>
                <TextEquiv>
                    <Unicode>Zeit erlebt hat.</Unicode>
                </TextEquiv>
            </TextLine>
            <TextLine id="r1l95" custom="readingOrder {index:94;}">
                <Coords points="1516,2990 1556,2981 1570,2994 1592,2980 1617,2979 1693,2993 1708,2984 1735,2985 1747,2974 1765,2978 1766,2950 1744,2944 1710,2950 1685,2937 1671,2948 1644,2944 1624,2951 1566,2940 1517,2947"/>
                <Baseline points="1526,2975 1551,2975 1577,2976 1602,2976 1628,2978 1653,2978 1679,2979 1704,2979 1730,2979 1756,2977"/>
                <TextEquiv>
                    <Unicode>Morgen¬</Unicode>
                </TextEquiv>
            </TextLine>
            <TextLine id="r1l96" custom="readingOrder {index:95;}">
                <Coords points="1369,2990 1381,2992 1395,2981 1409,2999 1430,3000 1435,2967 1428,2966 1421,2961 1411,2960 1408,2956 1400,2956 1392,2963 1386,2956 1374,2955"/>
                <Baseline points="1378,2985 1422,2991"/>
                <TextEquiv>
                    <Unicode>0 h</Unicode>
                </TextEquiv>
            </TextLine>
            <TextLine id="r1l97" custom="readingOrder {index:96;}">
                <Coords points="1979,2999 3249,3026 3209,2961 1980,2954"/>
                <Baseline points="1989,2994 2051,2994 2114,2995 2176,2995 2239,2996 2302,2997 2364,2997 2427,2998 2489,2999 2552,3000 2615,3001 2677,3002 2740,3003 2802,3004 2865,3004 2928,3005 2990,3006 3053,3007 3115,3007 3178,3007 3241,3008"/>
                <TextEquiv>
                    <Unicode>des Dichters Wunsch war. Oskar Sauer stand zug enthaltend die</Unicode>
                </TextEquiv>
            </TextLine>
            <TextLine id="r1l98" custom="readingOrder {index:97;}">
                <Coords points="344,3013 1743,3022 1729,2982 1109,2957 344,2981"/>
                <Baseline points="354,3008 423,3010 492,3011 561,3012 630,3013 699,3014 768,3014 837,3014 906,3014 975,3014 1044,3014 1113,3014 1182,3014 1251,3014 1320,3014 1389,3014 1458,3015 1527,3015 1596,3016 1665,3016 1734,3017"/>
                <TextEquiv>
                    <Unicode>Dlätter (Tagesjournale ausser „Neue Freie Presse“ und „Wiener Zeitung“</Unicode>
                </TextEquiv>
            </TextLine>
            <TextLine id="r1l99" custom="readingOrder {index:98;}">
                <Coords points="1977,3046 3152,3062 3250,3053 3251,3010 1977,2999"/>
                <Baseline points="1985,3036 2047,3035 2110,3035 2173,3035 2236,3035 2299,3036 2361,3037 2424,3037 2487,3038 2550,3040 2613,3041 2675,3042 2738,3044 2801,3044 2864,3046 2927,3046 2989,3047 3052,3047 3115,3047 3178,3047 3241,3046"/>
                <TextEquiv>
                    <Unicode>wohl nicht ganz am rechten Platz, und Oskar Hof=ener Morgen¬</Unicode>
                </TextEquiv>
            </TextLine>
            <TextLine id="r1l100" custom="readingOrder {index:99;}">
                <Coords points="350,3053 1766,3062 1729,3018 350,3012"/>
                <Baseline points="358,3049 428,3049 498,3049 568,3050 638,3050 708,3050 778,3051 848,3051 918,3052 988,3053 1058,3053 1128,3054 1198,3054 1268,3055 1338,3055 1408,3056 1478,3056 1548,3056 1618,3056 1688,3055 1758,3055"/>
                <TextEquiv>
                    <Unicode>wodurch eine Uebersicht über das gesammte politische und wirthschaftliche</Unicode>
                </TextEquiv>
            </TextLine>
            <TextLine id="r1l101" custom="readingOrder {index:100;}">
                <Coords points="1971,3070 3238,3102 3220,3046 1972,3040"/>
                <Baseline points="1981,3073 2043,3073 2105,3073 2168,3073 2230,3074 2293,3075 2355,3076 2417,3077 2480,3078 2542,3079 2605,3080 2667,3081 2729,3082 2792,3083 2854,3083 2917,3084 2979,3084 3041,3084 3104,3083 3166,3083 3229,3081"/>
                <TextEquiv>
                    <Unicode>meisters biederer Heiligen=Maler Joris litt Wiener Zeitung")</Unicode>
                </TextEquiv>
            </TextLine>
            <TextLine id="r1l102" custom="readingOrder {index:101;}">
                <Coords points="1826,3112 1858,3101 1890,3106 1906,3099 1919,3108 1942,3099 1970,3102 1970,3061 1933,3060 1922,3065 1917,3060 1902,3060 1893,3065 1881,3060 1867,3069 1854,3062 1826,3067"/>
                <Baseline points="1834,3091 1859,3092 1885,3092 1910,3091 1936,3091 1962,3092"/>
                <TextEquiv>
                    <Unicode>blätt</Unicode>
                </TextEquiv>
            </TextLine>
            <TextLine id="r1l103" custom="readingOrder {index:102;}">
                <Coords points="348,3098 1659,3116 1766,3104 1767,3062 348,3057"/>
                <Baseline points="358,3084 431,3086 505,3088 578,3090 652,3091 726,3092 799,3092 873,3093 947,3093 1020,3093 1094,3094 1167,3094 1241,3094 1315,3094 1388,3094 1462,3095 1536,3095 1609,3096 1683,3097 1757,3098"/>
                <TextEquiv>
                    <Unicode>Leben des In- und Auslandes in drastischer Kürze geboten wird. Diese Mit¬</Unicode>
                </TextEquiv>
            </TextLine>
            <TextLine id="r1l104" custom="readingOrder {index:103;}">
                <Coords points="1967,3119 3248,3141 3195,3091 2906,3071 1968,3073"/>
                <Baseline points="1977,3111 2040,3111 2103,3112 2166,3112 2229,3112 2292,3113 2355,3114 2418,3115 2481,3115 2544,3116 2608,3117 2671,3118 2734,3119 2797,3120 2860,3121 2923,3121 2986,3122 3049,3123 3112,3123 3175,3124 3239,3124"/>
                <TextEquiv>
                    <Unicode>unter einer betrübenden Dürftigkeit des Ausdrucks. nd wirthschaftliche</Unicode>
                </TextEquiv>
            </TextLine>
            <TextLine id="r1l105" custom="readingOrder {index:104;}">
                <Coords points="348,3143 1368,3134 1368,3098 1277,3094 348,3098"/>
                <Baseline points="357,3128 407,3128 457,3128 507,3129 557,3129 607,3130 657,3130 707,3131 757,3132 807,3132 858,3133 908,3133 958,3134 1008,3134 1058,3134 1108,3134 1158,3134 1208,3134 1258,3134 1308,3133 1359,3133"/>
                <TextEquiv>
                    <Unicode>theilungn werden in Wien um 9 Uhr Früh verschiekt.</Unicode>
                </TextEquiv>
            </TextLine>
            <TextLine id="r1l106" custom="readingOrder {index:105;}">
                <Coords points="1834,3136 1858,3137 1876,3148 1895,3137 1904,3146 1913,3142 1922,3148 1929,3142 1969,3154 1968,3099 1929,3103 1923,3097 1891,3105 1882,3100 1850,3107 1834,3104"/>
                <Baseline points="1843,3135 1872,3133 1901,3134 1930,3134 1960,3132"/>
                <TextEquiv>
                    <Unicode>wodure</Unicode>
                </TextEquiv>
            </TextLine>
            <TextLine id="r1l107" custom="readingOrder {index:106;}">
                <Coords points="1981,3156 3256,3174 3192,3129 1981,3121"/>
                <Baseline points="1989,3150 2051,3150 2114,3150 2177,3150 2240,3150 2303,3151 2366,3152 2429,3153 2492,3154 2555,3155 2618,3156 2680,3157 2743,3158 2806,3159 2869,3160 2932,3161 2995,3162 3058,3162 3121,3162 3184,3162 3247,3162"/>
                <TextEquiv>
                    <Unicode>Stimmungsvoll war die Szene in Nacht und Nebel, wird. Diese Mit¬</Unicode>
                </TextEquiv>
            </TextLine>
            <TextLine id="r1l108" custom="readingOrder {index:107;}">
                <Coords points="1826,3179 1867,3179 1887,3184 1908,3175 1931,3183 1958,3180 1958,3139 1929,3141 1922,3148 1913,3143 1904,3146 1895,3137 1876,3148 1869,3141 1845,3136 1826,3141"/>
                <Baseline points="1834,3173 1863,3174 1892,3173 1921,3173 1950,3173"/>
                <TextEquiv>
                    <Unicode>Leben</Unicode>
                </TextEquiv>
            </TextLine>
            <TextLine id="r1l109" custom="readingOrder {index:108;}">
                <Coords points="1980,3203 2890,3207 2890,3167 2861,3160 1981,3156"/>
                <Baseline points="1989,3191 2033,3191 2078,3191 2122,3191 2167,3192 2212,3192 2256,3193 2301,3193 2345,3194 2390,3194 2435,3195 2479,3195 2524,3196 2568,3196 2613,3196 2658,3196 2702,3196 2747,3196 2791,3195 2836,3195 2881,3194"/>
                <TextEquiv>
                    <Unicode>vor dem Hause der Treulosen am Kanal. Hier</Unicode>
                </TextEquiv>
            </TextLine>
            <TextLine id="r1l110" custom="readingOrder {index:109;}">
                <Coords points="1810,3234 1851,3236 1854,3232 1860,3236 1869,3228 1876,3232 1883,3227 1888,3232 1897,3230 1904,3238 1920,3230 1935,3234 1947,3223 1958,3222 1958,3181 1930,3184 1905,3175 1887,3184 1867,3178 1838,3182 1810,3173"/>
                <Baseline points="1819,3211 1845,3209 1871,3209 1897,3210 1923,3210 1950,3210"/>
                <TextEquiv>
                    <Unicode>theilun</Unicode>
                </TextEquiv>
            </TextLine>
            <TextLine id="r1l111" custom="readingOrder {index:110;}">
                <Coords points="670,3227 732,3247 1063,3238 1096,3260 1334,3232 1427,3253 1427,3201 1358,3188 670,3187"/>
                <Baseline points="678,3224 715,3225 752,3226 789,3227 826,3228 863,3229 900,3229 937,3229 974,3230 1011,3230 1048,3230 1085,3230 1122,3230 1159,3230 1196,3230 1233,3230 1270,3230 1307,3230 1344,3230 1381,3230 1419,3230"/>
                <TextEquiv>
                    <Unicode>Prospecte gnatis und franco.</Unicode>
                </TextEquiv>
            </TextLine>
            <TextLine id="r1l112" custom="readingOrder {index:111;}">
                <Coords points="1974,3228 2774,3253 2895,3244 2896,3198 1974,3203"/>
                <Baseline points="1983,3232 2028,3232 2073,3231 2118,3231 2163,3231 2208,3232 2253,3232 2299,3232 2344,3233 2389,3233 2434,3234 2479,3234 2524,3235 2569,3235 2615,3235 2660,3235 2705,3235 2750,3235 2795,3234 2840,3234 2886,3232"/>
                <TextEquiv>
                    <Unicode>ragte schüchtern ein Stückchen des alten Brügge aus</Unicode>
                </TextEquiv>
            </TextLine>
            <TextLine id="r1l113" custom="readingOrder {index:112;}">
                <Coords points="1973,3273 2903,3279 2903,3252 2825,3237 1973,3243"/>
                <Baseline points="1981,3269 2026,3270 2072,3270 2118,3271 2163,3271 2209,3272 2255,3272 2300,3272 2346,3273 2392,3273 2438,3273 2483,3273 2529,3273 2575,3274 2620,3274 2666,3274 2712,3274 2757,3274 2803,3275 2849,3275 2895,3275"/>
                <TextEquiv>
                    <Unicode>der reichen Poesie des Romans in die arge Nüch¬</Unicode>
                </TextEquiv>
            </TextLine>
            <TextLine id="r1l114" custom="readingOrder {index:113;}">
                <Coords points="1975,3337 2040,3344 2072,3324 2109,3340 2158,3338 2197,3311 2259,3337 2318,3314 2402,3326 2402,3285 2363,3278 1975,3273"/>
                <Baseline points="1984,3309 2009,3311 2035,3312 2060,3312 2086,3313 2111,3313 2137,3313 2162,3313 2188,3313 2214,3312 2239,3312 2265,3311 2290,3310 2316,3310 2341,3310 2367,3310 2393,3310"/>
                <TextEquiv>
                    <Unicode>ternheit des Dramas.</Unicode>
                </TextEquiv>
            </TextLine>
            <TextLine id="r1l115" custom="readingOrder {index:114;}">
                <Coords points="2682,3336 2710,3335 2729,3346 2750,3338 2803,3359 2859,3341 2892,3351 2898,3285 2877,3294 2845,3288 2836,3294 2775,3274 2756,3285 2721,3280 2686,3292"/>
                <Baseline points="2693,3318 2720,3317 2747,3318 2775,3319 2802,3321 2830,3325 2857,3329 2885,3335"/>
                <TextEquiv>
                    <Unicode>R. P.</Unicode>
                </TextEquiv>
            </TextLine>
            <TextLine id="r1l116" custom="readingOrder {index:115;}">
                <Coords points="2971,3486 3001,3480 3012,3486 3021,3482 3032,3488 3039,3488 3044,3483 3052,3488 3061,3487 3055,3415 3033,3411 3020,3425 3013,3429 3000,3428 2997,3432 2988,3433 2977,3425 2966,3427"/>
                <Baseline points="2978,3468 3014,3464 3050,3462"/>
                <TextEquiv>
                    <Unicode>S</Unicode>
                </TextEquiv>
            </TextLine>
            <TextLine id="r1l117" custom="readingOrder {index:116;}">
                <Coords points="2320,3505 2394,3517 2421,3507 2476,3529 2578,3524 2600,3512 2623,3518 2626,3436 2322,3432"/>
                <Baseline points="2330,3489 2355,3490 2381,3491 2407,3493 2433,3494 2459,3497 2484,3498 2510,3499 2536,3499 2562,3499 2588,3499 2614,3497"/>
                <TextEquiv>
                    <Unicode></Unicode>
                </TextEquiv>
            </TextLine>
            <TextEquiv>
                <Unicode>box 22/6
17.1. Der Punnenspieler
on 12801.
Telephon 12801.
alex. Weigl’s Unternehmen für Zeitungs-Ausschnitte
S Ausschnitt
Alex. Weigl’s Unternehmen für Zeitungs-Ausschnitte
„OBSENVEN
Nr. 69
„DBSERWEP“
I. österr. behördl. conc. Bureau für Zeitungsberichte u. Personalnachrichter
Nr. 68
„&amp; 10 WVien, I., Concondiaplarz 4.
I. östern behördgr conc. Buréäu für Zeitungsberichte u. Personalnachrichten
Vertretungen in Berlin, Budapest, Chicago, Genf, London, Newyork, Paris, Rom
Wien, I., Concondiaplarz 4.
Stockholm, Kristiania, St. Petersburg.
Vertretungen in Berlin, Budapest, Chicago, Genf, London, Newyork, Paris, Rom,
Stockholm, Kristiania, St. Petersburg.
Ausschnitt aus:
Ausschnitt aus:
Das Kleine Journal, Berlin
vom:
DiE POST, BERLIN
910•5
vom:
(4000 5
Dem unbestreitbaren Durch¬!
fall ging ein bestrittener Achtungserfolg voraus. Arthur
Schnitzler hat zum Glück schon weitaus Besseres geschrieben,
als die einaktige Studie „Der Puppenspieler“. Die
Bezeichnung „Studie“ ist genau so unsicher und gequält, wie der
Ein Einakterchen von Arthur Schnitzler
Titel selbst. Eine Studie ist gewöhnlich die unerläßliche Vor¬
ging voraus: „Der Puppenspieler.“ Man
bedingung zu einem Bilde, aber auf die Bühne soll man erst
kann seinem Dialog ein paar feine Wendungen
das fertige dramatische Bild selbst bringen. Aus dem Herrn
nachrühmen und zu seinem Lobe behaupten, daß
Georg Merklin, der dies ial das Objekt von Schnitzlers Studien¬
es Albert Bassermann Gelegenheit gab,
gang ist, wird man außerdem nicht recht klug. Er gehört zu
einem Bedürfnislosen, der aufrecht und ohne
den Schriftstellern, die nichts schreiben, nur weiß man nicht recht,
Wunsch durch die Welt schreitet, mit einfachen
Mitteln wundervoll zu charalterisiereif Diesen
ob er aus Talentlosigkeit oder aus Größenwahn oder aus
Einsamen führt sein Weg durch ein stilles, ein bis¬
Familienkummer nichts schreibt, sondern lieber
lebende
chen spießbürgerliches Eheglück hindurch, das er
Menschen wie
die
Puppen
durcheinander spielen
einst selbst, da er in zweier junger Menschen See¬
läßt. Daher der Name „Der Puppenspieler“. Daß er bei
len mit dem Feuer zu spielen glaubte, gegründet
inclusive
diesem Spiel das Lebensglück eines Freundes begründet, während
hat. Er läßt Zufriedene hinter sich und taucht,
Porto.
er selbst als eine Art Zaungast zusehen muß, wie die anderen es
ein Ruheloser, in die Einsamkeit zurück. Wir 15.—
Für
Zahlbar
sehen das gute bürgerliche Paar sich befriedigt zur 28.—] inclusive
sich behaglich wohl sein lassen, ist der Inhalt der ziemlich über¬
1
Porto.
im Voraus
50.—
Suppe setzen. Es ist auch für die Literatur lein
flüssigen Kleinigkeit. Albert Bassermann suchte mit
110.—f Zahlber
Grund zur Aufregung.
seiner sicheren Kunst alle bunt durcheinander gewürfelten In¬
itte ist das
Unter den Spielern, die sich mit Eifer des 200.—] im Voraus.
„ 10
gredienzien der Hauptfigur nachdrücklich herauszuarbeiten. Ja,
steht es den
„Trugbilds“ annahmen, wäre Irene Trieschusschnitte ist das
ndern.
er ging dabei vielleicht etwas nachdrücklicher vor, als die locker
hervorzuheben, die interessant auszusehen wußte und auch steht es des
Abonne
konzipierte Gestalt es verträgt. So war es alles in allem der
die verschlagene Gemeinheit dieser Dirne zu zügelur zu ändern.
Alonn
sthaltend die
unerfreulichste Abend, den man im Deutschen Theater seit langer
und hervorbrechen zu lassen wußte, vie und wo es
Zeit erlebt hat.
Morgen¬
0 h
des Dichters Wunsch war. Oskar Sauer stand zug enthaltend die
Dlätter (Tagesjournale ausser „Neue Freie Presse“ und „Wiener Zeitung“
wohl nicht ganz am rechten Platz, und Oskar Hof=ener Morgen¬
wodurch eine Uebersicht über das gesammte politische und wirthschaftliche
meisters biederer Heiligen=Maler Joris litt Wiener Zeitung")
blätt
Leben des In- und Auslandes in drastischer Kürze geboten wird. Diese Mit¬
unter einer betrübenden Dürftigkeit des Ausdrucks. nd wirthschaftliche
theilungn werden in Wien um 9 Uhr Früh verschiekt.
wodure
Stimmungsvoll war die Szene in Nacht und Nebel, wird. Diese Mit¬
Leben
vor dem Hause der Treulosen am Kanal. Hier
theilun
Prospecte gnatis und franco.
ragte schüchtern ein Stückchen des alten Brügge aus
der reichen Poesie des Romans in die arge Nüch¬
ternheit des Dramas.
R. P.
S
</Unicode>
            </TextEquiv>
        </TextRegion>
    </Page>
</PcGts>
