3484 4320
1605 191 2059 276 box 22/6
279 197 1619 309 17.1. Der Bunpensnieler
733 632 1052 720 .—
483 686 1196 768 1. österr. behördl. konz. Unternehmen
664 752 1250 836 Wien, I., Conoordia;
870 811 1219 879 Vertretungen
484 843 1252 912 In Berlin, Basel, Budapest, Chicago, Cl.
477 893 1295 955 Gent, Kopenhagen, London, Madrid, Man.
477 934 1356 1016 New-Vork, Paris, Rom, San Francisco, Stockhe.
886 983 1207 1039 burg, Toronto.
798 1001 1289 1097 (Qualienangabe oise Dewürz.
480 1083 863 1169 Ausschnitt aus:
1028 1075 1691 1222 Mamburger Nachtichten
1216 1183 1529 1284 Hamburg
685 1185 1038 1273 26 0P1 1910
493 1216 971 1328 —
544 1307 880 1372 ung Deurschtune
1726 1381 3377 1453 Möbeln deutet mit ihrer Betonung scharfer Gegensätzlichkeit! Bestes. Auch das
1328 1412 1678 1499 Nachdruck verboten
1733 1447 3374 1500 in Winkeln und Zickzack die dumpfen Grundformen des Ge¬ Klappte vorzüglich;
2945 1480 3392 1546 meisternde Hand, dess
1731 1489 2950 1545 fühles an, stellt eintönig unheimliche Begleitmusik dar. Die
550 1492 1651 1579 wilde=Schnitzler macterlinck=Abend.
2949 1531 3399 1590 besonders hervortrat
1733 1536 2942 1591 Menschen, die da unter lastender Decke vor drohendem blauen
2942 1576 3386 1634 verschieden. Dies li
973 1557 1236 1646 Wersellung
1720 1583 2948 1636 Hintergrund der Katastrophe entgegenstreben, entgegen¬
2943 1617 3391 1681 haupt schwer ist, Le
1722 1617 2938 1677 kriechen, bewegen sich in frei erfundenen Gewändern und nicht
523 1610 1661 1699 der Lessing=Gesellschaft im Neuen Theater
2947 1658 3391 1719 Bühne mit einander
1722 1661 2946 1727 in Renaissancekostümen, wie handwerkliche Schneider sie aus
927 1676 1276 1760 am 25. Oktober.
2946 1699 3385 1767 wird dann aus der
1725 1711 2940 1775 abgegriffenen Bilderbüchern holen. Wie klownmäßig und
2950 1744 3382 1810 dies hier gewollt hat
1718 1751 2946 1812 puppenhaft machen sich Trikots und Puffenwämser. Hier
560 1747 1711 1818 Als vor einigen Monaten die Lessing=Gesellschaft in
2949 1797 3385 1855 neint dies entschieden
1718 1792 2943 1860 geben ungegürtete, über die Kniee hinabreichende Röcke den
480 1802 1711 1867 Hamburg gegründet wurde, erhob sich hier und da die bange
2939 1833 3375 1901 des Hei mscheins
1712 1836 2946 1892 Männern Größe und ihrem Tu Bedeutsamkeit, während
487 1858 1712 1915 Frage, ob denn tatsächlich neben den anderen Literatur= und
2939 1877 3387 1941 die „Geistigarme" w
1712 1879 2949 1950 weiblicher Biegsamkeit eine enger anliegende Tracht mehr
475 1894 1710 1947 Kunstvereinen Hamburgs noch Raum sei für einen Verein,
2953 1919 3389 1987 falls war eine getei
1727 1923 2027 1996 gerecht wird.
480 1939 1720 1988 der sich einen so stolzen Namen erwählt und damit auch die
2941 1959 3385 2035 woran natürlich die
1797 1960 2938 2032 Farben und Muster der Gewandung, ebenso fein und
483 1980 1711 2033 Verpflichtung zu Großem auf sich genommen hatte. Und die,
2937 2011 3381 2074 Stockhausen besonder
1724 2004 2946 2076 sorgsam erdacht wie alle Gebrauchsstücke, Leuchter, Pokale
480 2023 1714 2075 die diese Frage bejahten, wurden andererseits die Furcht nicht
2949 2049 3381 2121 durch Überreichung
1714 2052 2951 2114 und Schwerter, nehmen natürlich an der großen, düsteren
477 2064 1712 2122 los, daß das Können am Ende doch wohl hinter dem Wollen
3030 2097 3376 2157 Aus besonderen
1719 2092 2947 2158 Melodie der Verse und des Raumes teil. Doch ist nicht nur
475 2110 1712 2169 zurückbleiben würde. Doch, wie wir bereits im heutigen
2939 2123 3365 2204 die Darsteller mit
1712 2143 2943 2199 an die harmonische Einfügung der Personen gedacht, sondern
476 2142 1720 2211 Morgenblatt mitteilen konnten, hat die gestrige Eröffnungs¬
2953 2178 3367 2255 Gesamtverzeichnis:
1728 2177 2949 2236 beinahe noch mehr daran, daß sie sich genügend abheben. Vor
465 2201 1711 2258 vorstellung alle Erwartungen weit übertroffen. Was zu¬
3022 2203 3386 2292 Die Damen
1721 2235 2955 2281 flackernden Kerzen des Hintergrundes vollends gewinnen
476 2240 1714 2301 nächst die Besucher der Vorstellung anbetrifft, so sei bemerkt,
1727 2273 2945 2325 die Einzelgestalten oft dämonische Macht und Eindrucksgewalt,
2948 2259 3383 2330 nius, Auguste Jala
474 2288 1711 2341 daß das Theater am Besenbinderhof wohl selten ein so
1725 2318 2950 2372 daß sie wie urzeitliche Verkörperungen des Hasses, verzehren¬
2947 2299 3383 2379 Nachmann, Kl. Stock
470 2323 1720 2373 distinguiertes Publikum als Besucher gehabt hat. Unter den
1723 2361 2942 2411 der Liebe oder der Verachtung wirken. Die düstere Tragödie
2947 2359 3382 2415 mann, Anna v. Ze
469 2365 1718 2439 Damen und Herren der ersten Gesellschaft war das litera¬
2944 2405 3385 2461 Bischoff, Wilhelm B
1718 2397 2943 2462 erfuhr eine ausgezeichnete Wiedergabe. So ließ besonders
484 2412 1722 2464 rische Hamburg in seinen maßgebenden Persönlichkeiten ver¬
1708 2440 2949 2508 der Händler Simone alle Seelenkämpfe den Hörer mitemp¬
2945 2449 3365 2505 Max Mahlmann, D
489 2464 1720 2521 treten. Bei den zur Aufführung gelangenden Stücken konnte
2946 2490 3378 2549 mann, John Sievers
1717 2488 2942 2545 finden. Glaubhaft wur er in jedem Wort, jeder Geste. Die
476 2503 1717 2559 es sich nur um solche handeln, die neben anderen Vorzügen
2947 2531 3373 2605 Sußmann, John Wi
1722 2534 2941 2592 Darstellerin der Bianca hielt sich unter gewollter Betonung
468 2547 1714 2607 auch den der tieferen Berechtigung dilettantischer
3020 2569 3372 2632 Noch einmal sei
1721 2579 2949 2634 der dunklen, mächtigen Stimmung mehr passiv und ließ
472 2580 1715 2642 Kunstübung in sich tragen. Stücke von geistigem Ge¬
1715 2618 2946 2675 gerade dadurch den tragischen Ausgang noch bewußter werden.
2947 2613 3382 2681 ein künstlerisches Ere
473 2627 1720 2684 halt und einiger Problematik erschienen auch deswegen als
1713 2660 2944 2712 Den Prinzen Guido Bardi zeigte der Darsteller in seiner
2943 2662 3378 2719 Hoffnungen für die
477 2675 1714 2736 das Rechte, weil unter kundiger Regie letzte Feinheiten her¬
1721 2703 2946 2756 eisigen höhnischen Ruhe, ein effektvoller Gegensatz zu der sich
2942 2703 3387 2779 Hamhürgs Kunstleb
467 2717 1708 2784 ausgeholt werden können, die bei allen Rollen zu berücksich¬
1723 2749 2951 2802 bei Simone steigernden Gefühlsaufwallung. Dem Eindruck
471 2764 1715 2813 tigen, auch an größeren Bühnen oft die Zeit fehlt.
1720 2789 2958 2854 der Tragödie konnte sich niemand entziehen, und von dem
477 2804 1711 2875 Unter Berücksichtigung dieser Gesichtspunkte hatte man
1719 2831 2957 2908 Beifall, der natürlich der Dichtung in erster Linie galt, hatte!
480 2840 1715 2914 „Florentinische Tragödie“ von Oscar Wilde, „Der Puppen¬
1710 2882 2516 2952 die Darstellung ihren großen Anteil.
471 2887 1718 2939 spieler“ von Arthur Schnitzler und „Das Wunder des heiligen
1795 2906 2952 2990 Arthur Schn'zlers Studie „Der Puppenspieler“
1549 2936 1708 2990 Herr
479 2921 1560 2997 Antonius“ von Maurice Maeterlinck ausgewählt.
1715 2953 2955 3027 zeigte einen Schriftsteller, der nach langen Irrfahrten einen
465 2977 1712 3034 Stockhausen eröffnete den Abend durch einige einleitende
1718 3008 2959 3081 seiner Jugendfreunde als glücklichen Familienvater antrifft.
467 3024 1717 3074 Worte, in denen er nur kurz die Ziele und Hoffnungen der
1713 3053 2951 3124 Er rechnet es sich zum Verdienst an, damals durch eine kleine
469 3066 1713 3122 Lessing=Gesellschaft beleuchtete und schließlich dem Wunsch
1713 3106 2957 3171 List diese Heirat hervorgerufen zu haben. Er ist, wie er sagt,
474 3112 1711 3173 Ausdruck gab, daß die Darbietungen von dem ehrlichen künst¬
1722 3147 2959 3214 ein Puppenspieler gewesen, der die anderen an seinem Draht
465 3154 1715 3206 lerischen Streben Kunde geben möchten. Schon als sich der
1722 3199 2953 3246 hatte zappeln lassen. Doch da muß ## erfahren, daß das
474 3191 1706 3265 Vorhang hob, hatte man den Eindruck, daß bei der Insze¬
1723 3240 2954 3290 Schicksal mit ihm gespielt hat, so daß er schließlich ein Ein¬
466 3243 1719 3296 nierung unter harmonischer Anpassung an den Charakter
1734 3264 2962 3339 samer, Resignierender geworden ist. Und wie Bitterkeit über¬
473 3288 1710 3357 des Stückes eigene künstlerische Mittel angewandt worden
1716 3307 2956 3382 kommt es ihn, die aber ein gequälter Humor nur schlecht
465 3334 1711 3394 waren. Und das ist das Verdienst des Herrn C C. Czeschka,
1712 3364 2953 3424 I verhehlen kann. — Auch hier leisteten die Darsteller Erfreu¬
471 3386 1718 3427 der an unserer Kunstgewerbeschule wirkt. Er ist kein Neu¬
1722 3405 2947 3467 liches. Eduard Jagisch, der lustige glückliche Familienvater,
472 3411 1715 3472 ling in Theatersachen und ist den Berliner Theaterfreunden
1728 3456 2962 3512 Georg Merklin, der vom Schicksal Gezauste, daneben die Ehe¬
463 3459 1716 3520 von seinen Leistungen bei Reinhardt her rühmlichst bekannt.
1719 3497 2954 3554 frau Anna, in deren Herzen noch ein leises Klingen an die
473 3504 1717 3565 Wie weit diese stilvolle Anpassung der Inszenierung ging,
1720 3540 2951 3601 Vergangenheit schläft, sie alle wurden mit warmem Herzen
469 3555 1719 3608 sah man bei jedem Fortschreiten der Handlung. Die Qualen
1721 3588 2188 3664 der Dichtung gerecht.
475 3593 1716 3649 des Händlers Simone, der sein schönes Weib im Garn des
1800 3615 2966 3686 Der Inhalt der satirischen Legende „Das Wunder
474 3633 1712 3684 prinzlichen Verführers findet, und der die bisher gering Ge¬
471 3684 2971 3724 achtete angesichts drohenden Verlustes heiß und heißer lieben jdes heiligen Antonius“ ist schon von berufener
475 3698 2965 3788 lernt, spielen sich in einem kulissenlosen, architektonisch festem! Feder in unserem Blatte gewürdigt worden. Was die Dar¬
476 3757 2963 3846 Zimmer ab. Czeschkas Ornamentik an Decke. Fußboden und i stellung angeht, so taten auch hier alle Mitwirkenden ihr
