3392 4320
1519 207 1991 311 box 22/6
224 216 1425 330 17.1. Der Punpensnieler
791 918 1613 1070 Dr. Max Goldschmict“
989 1024 1440 1135 Bureau für.
910 1083 1457 1213 Zeitungsausschnitte
687 1153 1648 1288 Seelin R.24. Poiepohon In. on
938 1289 1416 1418 Ausschnitt aus
1691 1470 2660 1562 den sind; man spricht sich sehr offen über das Glück
637 1471 1521 1631 geschener Nouoste Machrichtes
1682 1541 2663 1595 aus, das der Poet versäumte, doch resumiert die¬
1684 1588 2659 1636 ser, um seiner gottähnlichen Unabhängigkeit wil¬
1681 1632 2669 1684 len „sei es doch so am Besten gekommen“ und kehrt
1753 1670 2660 1719 seine Einsamkeit zurück. Ist der souveräne
1724 1714 2662 1767 Optimismus des Helden ernst und aufrichtig ge¬
1733 1767 2665 1819 eint? Wahrscheinlicher ist scharfe Selbstironie
1752 1804 2671 1871 Seele dieser „Studie“ die den Kontrast der
1062 1805 1368 1901 S. 8. 04
1689 1844 2656 1906 ünstlerischen und praktischen Lebensauffassung
1694 1901 2661 1958 ganz ähnlich zum Ausdruck bringt wie Schnitzlers
1696 1945 2665 2002 Einakter „Lebendige Stunden“ Herr Bayr¬
787 1932 1692 2006 * Im Rahmen des „Intimen Theaters“
1703 1985 2667 2050 hammer gab den „Puppenspieler“ in guter
736 1994 1698 2049 eröffnete gestern Herr Max Bayrhammer
745 2030 2653 2091 vom Schauspielhause in Frankfurt a. M. ein auf Maske und im ganzen treffender Kennzeichnung,
1698 2075 2661 2132 im einzelnen aber übertrieb er zu stark, namentlich
754 2085 1699 2133 sieben Abende berechnetes Gastspiel. Herr Bayr¬
1697 2124 2661 2192 im Mienenspiel, und zog die Gestalt dadurch zu
748 2123 1686 2178 hammer ist bekanntlich ein Münchner Kind
1707 2158 2669 2216 sehr ins Pathologische. Das Stückchen, in dem
747 2176 1700 2231 und durch seine Wiedergabe des „Robert Guis¬
1706 2207 2673 2271 Herr Wagner den Freund ganz gut, Fräulein
754 2214 1697 2269 card“ hier noch in guter Erinnerung; ein gewand¬
1708 2253 2655 2306 Hummel die Frau gerade noch leidlich dar¬
750 2257 1688 2308 ter Verstandesschauspieler, pflegt er das Charak¬
1700 2298 2669 2355 stellte, fand bei dem Publikum freundlichsten Bei¬
746 2300 1699 2362 teristische der einzelnen Rollen richtig zu erfassen,
1704 2344 2666 2404 fall; Herr Bayrhammer wurde lebhaft her¬
757 2342 1693 2399 in der Ausgestaltung aber freilich auch oft in
1696 2386 2663 2443 vorgeklatscht und erhielt auch eine Blumenspende.
734 2376 1701 2443 äußerliche Theatralik zu verfallen. Er trat dies¬
1700 2432 2664 2482 Schlimmer erging es der zweiten dramatischen
745 2436 1693 2503 mal in den Hauptrollen dreier moderner Einakter
752 2477 2657 2536 auf, in Artur Schnitzlers Sludie „De##sleinigkeit des Abends, dem Charakterbild
751 2527 2659 2580 PuppenspielerK.He#es Cha= „Arm“, einer grellen Armeleut=Elendsschilde¬
750 2564 2663 2612 rakterbild „Arm“ und Tschechows Groteskei rung von primitivster Mache, die den letzten Akt
1708 2605 2677 2676 der „Büchse der Pandora“ ins Altmodisch=Rühr¬
747 2609 1693 2676 „Der Bär“. Das erste Stückchen ist für den
1707 2655 2669 2720 same übersetzt und mit unzulänglichen Mitteln
753 2655 1710 2717 Problematiker Schnitzler sehr bezeichnend, doch
1700 2696 2662 2755 satirisch wirken möchte. Herr Bayrhammer
749 2709 1704 2764 zeigt sich die Muse des Wieners hier affektierter,
1703 2745 2668 2814 spielte darin einen blutarmen und schwerkranken
748 2755 1703 2805 wirklichkeitsfremder, auch technisch ungeschickter
1702 2788 2664 2843 Familienvater, dem die notgedrungene Prostitu¬
747 2796 1709 2851 und zerfahrener als sonst. Ein Dichter hat das
745 2834 2662 2887 Spielen mit bloßen Phantasiegebilden satt bekom=tion seines Weibes den Rest gibt. Wiewohl der
746 2873 2656 2945 men, es reizt ihn jetzt, mit lebendigen Menschen! Gast seine Rolle so wirksam als möglich gab und
740 2904 2665 2985 als schöpferischer Meister ihres Schicksals ein Frl. Hummel für die gepeinigte Frau zuweilen
1282 2968 2661 3026 so bestimmt er die auch natürlichere Töne fand, wurde das Stück
758 2964 1292 3037 Puppenspiel aufzuführen;
1698 3005 2660 3070 vorwiegend abgelehnt. Mit dem letzten der drei
759 2996 1698 3073 schöne Freundin seiner Geliebten, seinem an
1540 3045 2662 3120 jungen Einakter, der Tschechow schen Groteske „Der
756 3068 1508 3115 Selbstbewußtseinsmangel leidenden
764 3104 2662 3157 Freund bei einem Gelage Verliebtheit zu simu=[Bär“, hat hier schon weiland das „Lyrische
751 3137 2661 3208 lieren, um den Schüchternen zu einem resoluten Theater“ bekannt gemacht; es ist damals auch an
750 3189 2660 3247 Menschen zu machen. Er ahnt indessen nicht, daß dieser Stelle bereits beurteilt worden. In seiner
755 3223 2660 3292 die dirigierte Schöne ihn selbst liebt, daß sie Gequältheit kann es nur dann einigermaßen wir¬
742 3278 2662 3335 nur aus diesem Grunde zu der Komödie sich her#ken wenn beide Hauptrollen, die des groben Guts¬
755 3322 2660 3394 beiläßt und seine eigene Liebeserklärung erwartet; besitzers und die der leidenschaftlichen Gutsbe¬
754 3372 2669 3425 als Spielzeug ihrer Freundin, die seiner nicht sitzerin, mit vollendeter Ausprägung dieser elemen¬
1703 3414 2663 3464 taren Eigenschaften verkörpert werden; aber Herrn
753 3420 1703 3470 würdig ist, verschwindet er vom Schauplatze. Nach
754 3458 2655 3523 langen Jahren, von der Unwürdigen verlassen Bayrhammer liegt die massive Grobheit ebenso¬
750 3497 2664 3562 und zum einsamen, wenn auch dauernd selbstbe=wenig als Frl. Hummel die slavische Leidenschaft,
1700 3542 2667 3600 haher brachte es auch diese Aufführung zu keinem
738 3548 1688 3616 wußten Sonderling geworden, trifft er mit seinen
737 3583 2654 3656 lebendigen „Puppen“ wieder zusammen, die mitt= rechten Erfolge, wenngleich ihr der Widerspruch
750 3650 2677 3697 lerweile, dank seiner Blindheit, ein Paar gewor=lerinart bliebVor und amischen den drei Stück¬
1685 3685 2664 3732 chen behauptete sich das Soloprogramm der „Tan¬
1689 3728 2657 3787 tenmörder“ mit beifällig aufgenommenen Vorträ¬
1699 3772 2654 3829 gen der Damen Nelson und Stratton und
1686 3807 2672 3890 des Herrn Wagner, der einige Scherze von
2390 3855 2638 3938 H. v. G.
1685 3857 2207 3943 Rosegger zum besten gab.
