3436 4320
223 210 1482 319 17.1. Der Punnensnieler
542 1568 1629 1631 gezupft. Heute erzählt er's ihm. Das war vor
549 1609 1611 1672 langen Jahren. Da kartete er mit einem schönen,
533 1663 1605 1719 blonden Mädchen, der Freundin seiner Geliebten,
537 1719 1614 1775 eine häßliche Sache ab. Es galt ein Spiel mit
543 1750 1620 1825 Eduard; ein verliebtes Spiel. Und es gelang. Der
542 1803 1618 1860 Unsegen ward zum Segen. Eduard, der „gedrückte,
545 1859 1617 1922 armselige" Junge wurde durch die gespielte Liebe
541 1907 1605 1958 ein anderer. Das sieht Georg und stolz verrät er
541 1949 1609 2005 seiner Puppe das Spiel. Da geht die Türe auf:
541 2001 1618 2061 Frau und Kind des Musikers. Der Puppenspieler
543 2054 1611 2116 starrt die Beiden an, Frau und Kind. Ach ja; aber
544 2104 1617 2163 das ist ja Anna, seiner früheren Geliebten Freundin, die¬
552 2157 1622 2216 selbe Anna, die damals so meisterhaft spielte. Jäh bricht
550 2199 1618 2267 sein Bau zusammen. Aus dem Spiel ist Ernst geworden.
550 2250 1612 2312 Und der Armselige erfährt, daß er damals am Glück
546 2301 1616 2361 vorbeigegangen war, daß er wohl andere Menschen,
551 2350 1619 2415 aber nicht sich selbst am Drahte hatte. Armer Kerl.
540 2388 1612 2455 Und er küßt das Kind seiner Freunde. „Auch ich
553 2442 1619 2499 hatte Frau und Kind,“ erzählt er dann bitter, „die
544 2496 1610 2563 Frau ist von mir gegangen, das Kind ist gestorben.“
546 2545 1614 2605 Und doch, er ist der Alte geblieben, dem ein Spazier¬
553 2596 1621 2646 gang mehr erzählt als anderen eine Weltreise; er
552 2632 1612 2692 bleibt bei seinen Puppen. Mögen die andern dort
542 2687 1620 2754 bleiben, woran er sich nie gewöhnen konnte: bei
544 2737 1620 2799 Ordnung, Glück und Zuversicht. — Marlitz bot als
548 2790 1618 2858 Georg Merklin eine Prachtleistung, die gesehen werden
548 2838 1624 2918 muß. Frl. May (Frau Jagisch) opferte ihr ganzes
554 2888 1625 2952 Können, das in einer Fülle reicher Charakteristik
543 2937 1618 2999 besteht. Sie hat nicht viel zu sprechen. Und doch
550 2975 1614 3041 sagt sie mit Blicken, mit Miene und Bewegung so
554 3039 681 3099 viel
699 3044 1626 3099 so viel. Herr Ehmann (Jagisch) scheint
542 3084 1660 3168 mir ein wenig zurückhaltend, zu wenig lebhaft, für
1486 206 1990 303 box 22/6
1622 1562 2694 1620 einen Dutzendmenschen, der er doch ist, gar zu ab¬
2711 1562 3008 1664 Theater.
1618 1623 2679 1690 geklärt. Gewiß aber ist, abgesehen von der Szenen¬
2775 1646 3285 1723 Die dritte Eskadron.
1621 1665 2691 1732 stellung, der Einakter eines der bestgespielten Stücke
1631 1709 2012 1780 unserer Bühne. —
2680 1688 3317 1778 Buchbinder. Wenn alte. Hel
2698 1752 3314 1828 sehen, so gibt es für die jungen
1718 1763 2676 1858 Der Mäcen von Felix Dörmann zeigt diesen
2699 1811 3302 1872 Vergnügen, als Stücke, in
1626 1812 2681 1903 liebenswürdigen Wiener von der heitersten Seite.
2697 1848 3309 1925 „Liebhaber“ als schneidiger L##
1628 1882 2686 1942 Ein junger, begabter Maler ist in sein Modell ver¬
2693 1909 3284 1971 nant seinen edlen Wuchs
1633 1937 2685 1993 brannt. Ein wirklich schönes Mädchen, das ihn als
2696 1955 3319 2019 „Nach dem Zapfenstreich“, „Ku
1626 1988 2686 2038 letzten Notnagel betrachtet. Der Maler wohnt im
2699 2008 3308 2079 ohne diese Prämisse gewiß nich
1622 2038 2679 2099 Hause ihrer Mutter und die „Gefahr der Ehe“ droht
2697 2050 3311 2120 Häuser erzielt. — Was uns
1627 2085 2673 2146 wahrhaftig. Da erscheint der Mäcen: Kunst= und
2692 2103 3265 2159 in den drei Akten seiner „
1629 2131 2676 2191 Menschenkenner, aber doch nicht frei von den Leiden¬
2694 2152 3312 2208 führt, kennen wir aber scho
1627 2182 2684 2247 schaften alternder Sünder. Und so zeigt uns Meister
2691 2204 3296 2268 jonglieren abgebrauchte Bör
1624 2232 2683 2286 Dörmann, wie der Menschenkenner seine Kreise zieht,
2698 2242 3308 2321 daß unsere moderne Schwan
1621 2274 2679 2334 um zur Liebe zu gelangen. Wie er damit dem
2689 2301 3308 2363 Produkte zeitigt. Sie ist am
1627 2337 2684 2391 Künstler, dessen Modell und sich hilft. Er
2688 2353 3308 2417 Geschmack unseres Publikums
1627 2384 2687 2443 siegt auf der ganzen Linie. Den Maler überzeugt
2688 2389 3298 2459 betrifft, so ist zu berichten, de
1627 2440 2687 2490 er, daß Werra nur darauf lauert, sich gut zu ver¬
2692 2447 3312 2509 Meisterstück lieferte in der
1629 2473 2685 2533 kaufen; das Mädel, daß sich in eines Reichen Armen
2693 2498 3311 2570 Husarenrittmeisters. Fräulein
1636 2527 2615 2585 besser ruhen läßt und sich, daß er Recht hatte.
2693 2546 3297 2610 einer heftigen Heiserkeit und
1630 2570 2679 2638 Unser Staud ist der Erste auf den Grazer Bühnen.
2684 2589 3300 2658 Braun war wieder in ihren
1630 2631 3306 2709 Schade um ihn, denn wir werden ihn nicht lange] Sie, schöne Dame, aber die
1632 2677 3313 2758 haben. Den Genuß, ihn als Mäcen zu sehen, Ihnen am besten (Sie sind
1626 2717 2694 2785 werden uns sicher größere Bühnen rauben. Daß
2702 2733 3310 2811 mödiantin). Stramm und sch
1637 2772 2684 2832 Fräulein Schweikhardt als Modellmutter ur¬
2690 2788 3286 2856 Beraun und Köstlin.
1638 2823 2682 2871 komisch war, läßt sich denken. Fräulein Braun
2696 2824 3312 2904 wäre es gewiß auch gewesen
1632 2868 2685 2924 (Werra) konnte mir nicht gefallen. Vielleicht tut sie's
2700 2880 3306 2953 eine Uniform gesteckt hätte. A
1633 2923 2689 2996 anderen. Die Regie führte Staud und so klappte
2704 2939 3245 2999 händler der Monarchie“.
1630 2968 2084 3043 denn alles tadellos.
2320 2973 2646 3052 Hans Withalm.
2694 2981 3308 3066 Wie schade, meine jungen F#
