3392 4320
234 191 2004 310 17.1. Der Punpenspieler box 22/6
146 644 293 711 hmen
148 696 362 771 bordia
144 761 336 822 ungen
148 801 359 862 icago, Cl
144 849 431 901 Madrid, Mal.
144 883 480 960 ancisco, Stockhu.
148 930 319 985 Toronto.
151 953 404 1044 euns Gemrüisg.
171 1023 809 1175 Hamburger Nachrichten
333 1112 635 1238 Hamburg
836 1358 3305 1418 Möbeln deutet mit ihrer Betonung scharfer Gegensätzlichkeit] Bestes. Auch das Zusammenwirken der Trauergesellschaft
457 1360 787 1446 Nachdruck verboten
846 1406 2069 1456 in Winkeln und Zickzack die dumpfen Grundformen des Ge¬
2071 1410 3295 1462 klappte vorzüglich; hier erkannte man wieder Stockhausens
2075 1444 3305 1505 meisternde Hand, dessen Regiekunst überhaupt in diesem Stück
844 1447 2056 1505 fühles an, stellt eintönig unheimliche Begleitmusik dar. Die
155 1437 775 1540 Macterlitick-Abend.
840 1491 2070 1556 Menschen, die da unter lastender Decke vor drohendem blauen
2070 1498 3303 1549 besonders hervortrat. Die Wirkung der Legende war sehr
142 1499 351 1588 rstellung
840 1535 2067 1595 Hintergrund der Katastrophe entgegenstreben, entgegen¬
2071 1540 3301 1595 verschieden. Dies liegt wohl besonders daran, daß es über
837 1579 2070 1637 kriechen, bewegen sich in frei erfundenen Gewändern und nicht
156 1555 779 1652 chaft im Neuen Theater
2064 1580 3294 1632 haupt schwer ist, Legendenstoff und moderne Zeit auf der
838 1622 2065 1678 in Renaissancekostümen, wie handwerkliche Schneider sie aus
2066 1623 3290 1690 Bühne mit einander in Harmonie zu bringen. Denn zuleicht
139 1615 387 1707 5. Ottober.
841 1666 2065 1728 abgegriffenen Bilderbüchern holen. Wie klownmäßig und
2063 1666 3287 1718 wird dann aus der Satire eine Groteske. Und ob der Dichten
141 1689 831 1766 aten die Lessing=Gesellschaft in
842 1711 2054 1769 puppenhaft machen sich Trikots und Puffenwämser. Hier
2055 1708 3285 1772 dies hier gewollt hat? Der vorhin erwähnte Vorbericht vers
841 1748 2058 1810 geben ungegürtete, über die Kniee hinabreichende Röcke den
149 1753 836 1811 erhob sich hier und da die bange
2072 1746 3299 1810 neint dies entschieden. Dann müßte aber z. B. die Darstellung
837 1795 2061 1852 Männern Größe und ihrem Tun Bedeutsamkeit, während
135 1801 831 1854 eben den anderen Literatur= und
2060 1797 3289 1852 des Heiligenscheins und die augenscheinliche Wirkung auf
838 1839 2062 1912 weiblicher Biegsamkeit eine enger anliegende Tracht mehr
144 1840 831 1898 och Raum sei für einen Verein,
2068 1841 3286 1909 die „Geistigarme“ weniger grob ausgeführt werden. Jeden¬
840 1874 1121 1952 gerecht wird.
151 1888 838 1943 men erwählt und damit auch die
2071 1890 3289 1949 falls war eine geteilte Aufnahme des Stückes festzustellen,
906 1907 2063 1990 Farben und Muster der Gewandung, ebenso fein und
149 1932 826 1984 if sich genommen hatte. Und die,
2058 1937 3303 1983 woran natürlich die Darsteller keine Schuld trugen. Herr
832 1952 2071 2043 sorgsam erdacht wie alle Gebrauchsstücke, Leuchter, Pokale
143 1975 830 2024 rden andererseits die Furcht nicht
2065 1976 3289 2052 Stockhausen besonders wurde durch zahlreiche Hervorrufe und
829 2005 2062 2058 und Schwerter, nehmen natürlich an der großen, düsteren
145 2017 825 2069 nde doch wohl hinter dem Wollen
2064 2020 2937 2083 durch Überreichung eines Kranzes geehrt.
831 2057 2058 2121 Melodie der Verse und des Raumes teil. Doch ist nicht nur
165 2053 824 2118 wie wir bereits im heutigen
2148 2052 3292 2119 Aus besonderen Gründen hat die Spielleitung vermieden,
832 2109 2059 2161 an die harmonische Einfügung der Personen gedacht, sondern
143 2103 827 2157 ten, hat die gestrige Eröffnungs¬
2062 2096 3280 2173 die Darsteller mit Namen einzeln aufzuführen. Hier das
834 2140 2064 2198 beinahe noch mehr daran, daß sie sich genügend abheben. Vor
141 2153 822 2205 en weit übertroffen. Was zu¬
2072 2146 2475 2218 Gesamtverzeichnis:
829 2188 2068 2234 flackernden Kerzen des Hintergrundes vollends gewinnen
139 2190 822 2257 tellung anbetrifft, so sei bemerkt,
2135 2174 3286 2256 Die Damen: Ida Baade, Martha Hane, Grete Hun¬
837 2229 2055 2290 die Einzelgestalten oft dämonische Macht und Eindrucksgewalt,
141 2236 834 2285 nbinderhof wohl selten ein so
2059 2220 3289 2287 nius, Auguste Jalaß, Bertha Jebsen, Anna Lille, Louise
2684 2280 2759 2312 PFr1
832 2270 2052 2321 daß sie wie urzeitliche Verkörperungen des Hasses, verzehren¬
155 2273 827 2335 Besucher gehabt hat. Unter den
2053 2287 3289 2343 Nachmann, Kl. Stockhausen, Gertrud Streblow, Betty Tiede¬
823 2312 2056 2373 der Liebe oder der Verachtung wirken. Die düstere Tragödie
143 2321 820 2376 sten Gesellschaft war das litera¬
2063 2318 3293 2371 mann, Anna v. Zeromsky. — Die Herren: Wilhelm
836 2363 2063 2410 erfuhr eine ausgezeichnete Wiedergabe. So ließ besonders
145 2362 831 2420 aßgebenden Persönlichkeiten ver¬
2068 2365 3298 2432 Bischoff, Wilhelm Brettner, Karl Gerling, Bruno Hachfeld,
836 2403 2057 2460 der Händler Simone alle Seelenkämpfe den Hörer mitemr¬
139 2410 828 2465 rung gelangenden Stücken konnte
2062 2413 3295 2476 Max Mahlmann, Dr. Richard Ohnsorg, Immanuel Sauer¬
830 2439 2063 2513 finden. Glaubhaft war er in jedem Wort, jeder Geste. Die
136 2454 823 2505 ln, die neben anderen Vorzügen
2057 2453 3299 2506 mann, John Sievers, Ludwig Specht, Bruno Streblow, John
826 2491 2062 2560 Darstellerin der Bianca hielt sich unter gewollter Betonung
142 2498 820 2542 erechtigung dilettantischer
2065 2481 2545 2566 Sußmann, John Witt.
826 2529 2059 2584 der dunklen, mächtigen Stimmung mehr passiv und ließ
138 2538 819 2592 gen. Stücke von geistigem Ge¬
2137 2535 3291 2602 Noch einmal sei festgestellt: Die gestrige Aufführung war
830 2579 2060 2643 gerade dadurch den tragischen Ausgang noch bewußter werden.
133 2583 829 2644 tik erschienen auch deswegen als
2068 2584 3295 2642 ein künstlerisches Ereignis ersten Ranges, das zu den schönsten
836 2619 2051 2672 Den Prinzen Guido Bardi zeigte der Darsteller in seiner
140 2629 823 2681 diger Regie letzte Feinheiten her¬
2063 2621 3287 2694 Hoffnungen für die Lessing=Gesellschaft nicht nur, sondern süe
828 2665 2058 2728 eisigen höhnischen Ruhe, ein effektvoller Gegensatz zu der sich
135 2670 819 2716 die bei allen Rollen zu berücksich¬
2058 2675 2964 2751 Hamburgs Kunstleben überhaupt berechtigt.
832 2696 2065 2768 bei Simone steigernden Gefühlsaufwallung. Dem Eindruck
156 2706 380 2772 Bühnen
2947 2691 3273 2781 Walter Heif.
405 2717 815 2769 ft die Zeit fehlt.
830 2744 2066 2805 der Tragödie konnte sich niemand entziehen, und von dem
145 2755 819 2816 eser Gesichtspunkte hatte man
2105 2759 2389 2866 A
820 2786 2062 2869 Beifall, der natürlich der Dichtung in erster Linie galt, hatte
133 2790 820 2851 on Oscar Wilde, „Der Puppen¬
2630 2783 3266 2872 enn
828 2841 1618 2890 die Darstellung ihren großen Anteil.
136 2842 826 2903 kr und „Das Wunder des heiligen
140 2887 817 2947 Maeterlinck ausgewählt. Herr
904 2864 2054 2944 Arthur Schnitzlers Studie „Der Puppenspieler“
141 2916 818 2982 en Abend durch einige einleitende
832 2920 2061 2994 zeigte einen Schriftsteller, der nach langen Irrfahrten einen
147 2973 827 3027 z die Ziel und Hoffnungen der
824 2962 2066 3038 seiner Jugendfreunde als glücklichen Familienvater antrifft.
127 3007 829 3071 ete und schließlich dem Wunsch
819 3021 2071 3070 Er rechnet es sich zum Verdienst an, damals durch eine kleine
132 3061 816 3121 ketungen von dem ehrlichen künst¬
820 3069 2049 3118 List diese Heirat hervorgerufen zu haben. Er ist, wie er sagt,
128 3091 821 3155 ben möchten. Schon als sich der
821 3108 2072 3164 ein Puppenspieler gewesen, der die anderen an seinem Draht
151 3148 819 3203 nEindruck, daß bei der Insze¬
813 3153 2052 3217 hatte zappeln lassen. Doch da muß er erfahren, daß das
140 3189 826 3253 her Anpassung an den Charakter
831 3195 2058 3244 Schicksal mit ihm gespielt hat, so daß er schließlich ein Ein¬
143 3231 820 3299 is#he Mittel angewandt worden
832 3234 2059 3298 samer, Resignierender geworden ist. Und wie Bitterkeit über¬
138 3278 822 3332 ienst des Herrn C. C. Czeschka,
821 3283 2057 3329 kommt es ihn, die aber ein gequälter Humor nur schlecht
139 3326 814 3380 beschule wirkt. Er ist kein Neu¬
826 3327 2062 3380 verhehlen kann. — Auch hier leisteten die Darsteller Erfreu¬
131 3367 814 3425 st den Berliner Theaterfreunden
819 3370 2055 3428 liches. Eduard Jagisch, der lustige glückliche Familienvater,
130 3411 823 3467 keinhardt her rühmlichst bekannt.
827 3415 2057 3476 Georg Merklin, der vom Schicksal Gezauste, daneben die Ehe¬
137 3453 818 3511 passung der Inszenierung ging,
821 3453 2057 3513 frau Anna, in deren Herzen noch ein leises Klingen an die
143 3497 814 3560 iten der Handlung. Die Qualen
815 3493 2063 3569 Vergangenheit schläft, sie alle wurden mit warmem Herzen
135 3537 822 3605 sein schönes Weib im Garn des
823 3527 1280 3601 der Dichtung gerecht.
140 3582 824 3640 t. und der die bisher gering Ge¬
903 3565 2072 3645 Der Inhalt der satirischen Legende „Das Wunder
140 3629 821 3687 Verlustes heiß und heißer lieben
818 3622 2063 3695 des heiligen Antonius“ ist schon von berufener
137 3667 827 3729 ulissenlosen, architektonisch festem
813 3679 2067 3737 Feder in unserem Blatte gewürdigt worden. Was die Dar¬
145 3713 2070 3802 amentik an Decke. Fußboden und1 stellung angeht, so taten auch hier alle Mitwirkenden ihr
