3436 4320
252 321 2027 413 17.1. Der Puppenspieler box 22/6
1402 1264 3287 1344 Im Geteige oiees pialeinen Antebildes von duetlem 1 Heid desselden stischlich umterliegt, wird ratistisch nose
1355 1321 2319 1385 Kolorst beiand sich ein Chäraktergemälde düsterster
2311 1319 3270 1401 wendig sein, weil sie zu #atürlich ist. Ebenso natürlich
1361 1365 2308 1428 Farben, Georg Rodenbuchs „Trugbild“, Schau¬
2312 1381 3168 1426 und von Anfang an feststehend ist der Ausgang
1357 1416 2312 1473 ###el in vier Auszügen, ist der Tod, der mit einer
505 1255 724 1472 815
2321 1414 3101 1466 Stückes. Es ist abl ein Verkennen der Bühne
2307 1459 3056 1518 geweien, diesen zu einsachen Stoff auf
802 1437 2300 1515 Kkoe tanzt. Dieses Spiel, vier Akte hindurch, war
1352 1506 2311 1561 eine Marter fürs Publikum. Der erste Akt wurde
2317 1506 3193 1579 zu bringen. Eine subeile psycheiogische Kleinmale
1355 1545 2300 1609 willig ausgenommen, ernst und schweigsam, wie die tole
2311 1550 3042 1615 die seinsten Regungen des Herzens,
429 1536 1345 1609 Deutschetz Theater. Erwartungsvoll bückte am
1364 1590 2299 1643 Stadt Brügge und das tole Haus des Witwers Hugo
2306 1570 2967 1642 Charakter wie den Hugos
383 1576 1346 1640 Sonnabend abend“ ein vollbesetztes Haus auf die Bahne
1365 1628 2308 1697 selbst ist, nach dem zweiten jetzte bereits die Opposition
2307 1626 3104 1692 lassen, kann man nur in der Novelle bezw, im
384 1640 1348 1681 des Deutschen Theaters, von der herab zwei Nooitäten
1358 1679 2303 1742 scharf ein. Der dritte ließ noch einmil durch die
2318 1678 3067 1742 wiedergeben Die Bühne verlangt gröber
384 1671 1351 1746 bei den tanischen Feinschmeckern dieses Theaters Rebie
1362 1718 2295 1779 Neuheit einer prächtigen Straßendekoration der
2313 1702 3238 1777 Tableaumalere und vor allem — Handlung. Es war
387 1727 1348 1786 rassie sollten. Arthur Schnitzler, der Wiener
1358 1765 2310 1815 Stadt Brügge bei starkem Nebelwener die be¬
2317 1758 3257 1829 durchsichtig, daß eine Handlung, wie sie in „Trugbild“
382 1769 1346 1820 seinsinnige Dichter, bestens eingeführt bei uns als Ver¬
1361 1803 2308 1868 reus erlahmten Nerven des Publikums zu frück
2321 1813 3244 1870 gegeren war, nur immer den Einzelnen (Leser), nie
392 1806 1349 1861 fasser der „Liebelei“, präsentierte zunächst eine „Studie“
383 1857 1356 1917 n einem Akt, „Der Pappenipieler“. Man
2316 1856 3275 1915 eine Gesamtheit (Publikum im Theater) interessieren
1353 1854 2309 1912 Tätigkeit aufieben, aber umsonst, sie erschlafften bard
1362 1899 2309 1969 wieder, und das Ende des Aktes besiegelte din Tod¬
2317 1891 3269 1953 und begeistern kann. Dies hat das Residenz=Theater
378 1894 1351 1961 Tand in der Plauderei, die sich zwischen zwei im Alter
1354 1947 2299 1998 des Dramas. Es hätte keines vierten Aktes mehr
378 1948 1351 2005 Unt zehn Jahre differierenden Jugendfreunden entwickelte,
2372 1942 3270 2006 Zi. wohl eingesehen, als ihm das Stück eingereicht
2301 1993 3141 2042 war. Die Darstellung gab sich die r#dlichste Müh
386 1995 1342 2045 ultgensein iel Psychologie. Der von Heirn Basser¬
1356 1994 2298 2051 bedurft, keiner Erdrosselung der Straßendirne Jane,
384 2024 1350 2096 mann in wunderbarer Kleinmalerei geschildene,
2314 2023 3166 2080 das Drama zu reiten. Herr Oskar Sauer gab
1352 2031 2311 2086 ###e nebenbei noch Soiotänzerin ist, keines vollen Aus¬
1350 2078 2311 2143 bruchs seines Wahnsinns, der ihm ab ovo des Stücks¬
393 2076 1350 2133 Sonderling gewordene Schriftsteller Merklin führte sich
2310 2073 3269 2133 Hugo visionär und hypernervös. Der Geisteszustand
1352 2125 2311 2178 an der Stiene geschrieden stand. So wurde
391 2121 1352 2163 etwas sehr düster und Unglück verheißend ein. Sein
2303 2119 3262 2173 des Bedauernswerten konnte nicht trefflicher gekenn¬
385 2160 1351 2218 mystisches und somnambulistisches Wesen, unterstützt
1359 2166 2303 2228 die Premiere von „Trugbild“ ein Lelchen¬
2306 2159 3262 2230 zeichnet werden als es Herr Sauer in Maske und
388 2210 1342 2267 durch die Etzählung vom „toten Passagier“, ließ ihn
1348 2202 2305 2270 begängnis erster Klasse, bei dem es sogar an lachenden
2300 2205 3271 2279 Ton tat. Ebenso vorzüglich gab Irene Triesch die
387 2259 1327 2317 als eine Art geheimnisvollen Todespropheten er¬
2304 2245 3277 2312 Kokotte Jane. Sie war brutal echt. Eine echte
1350 2259 2307 2313 Erben nicht fehlte. Diese besinden sich ja steis unter
2307 2293 3266 2361 Schablonenfigur aus der Rumpelkammer vergangener
1345 2288 2297 2361 den Premierentigern. Ich verzichte darauf den Inhalt
390 2289 1346 2348 scheinen, und man war fast versucht, die Koniequenz
378 2341 1306 2397 eses ansänglich recht unheimlichen Gesellen
1357 2339 2306 2396 des Dramas zu detaillieren. In wenigen Worten an¬
2309 2328 3268 2399 Tage ist der Maler Joris, Hugos Freund. Ee man
389 2368 1329 2430 Blick Wort und #rbaren in derM#fünhaun
1346 2380 3278 2442 gebemtet, handen as sich durum, daß Hugo in seinem1 nur Heiligenbilder! Er sah zwar nieht so aus, aber
384 2416 1340 2471 erblicken, daß die kommende Minute schon die Botschaft
1343 2431 3270 2495 Hause einen Kultus treidt mit matertellen und ser tat doch so. Mesi konnte Herr Hofmeister
380 2466 1344 2526 von dem an der nächsten Straßenecke erfolgten plötzlichen
1351 2462 3264 2533 geistigen Erinnerungen an seine vor Jahren ge=##such nicht in die Rolle hineinlegen. Frau von
1353 2511 3280 2583 stordene Frau, daß er plötzlich ein welbliches Weien,  Poellnitz gab in der Haushälterin Barbara so olel
377 2515 1353 2572 Tods der jungen Frau seines Freundes Jagisch Mingen
376 2536 1337 2613 Thüßter=-Diese Sorge erwies sich als falsch, damit aber
1350 2559 2879 2628 eben diese Jane trifft, das ihn in allem an seine die mon eben beseangen konnte.
3023 2559 3256 2653 —
378 2600 1339 2646 auch die Farbenmischung, die der geniale Künstler seinem
1341 2604 2309 2667 Gattin erinnert, und dem er sich deshalb nähert. Jane
392 2643 1339 2710 Sonderling gegeben hatte. Er ist, trotz seiner sich selbst
1347 2642 2301 2698 ist aber nichts weniger denn sentinsental, sie will ge¬
386 2681 1350 2738 aufgenötigeolrung und seiner aus dunkten Vor¬
1345 2691 2313 2757 nießen und ieben und „verkauft“ Liebe. Dazu ist ihr
389 2733 1343 2795 fällen des über ihm waltenden Schickials gezogenen
1350 2734 2314 2794 neben anderen auch Hugo recht. Er erkenmt ihren Un¬
390 2778 1347 2842 pessimistischen Lebensweisheit, im Grunde doch ein
1355 2772 2312 2823 wert, ihre Unähnischkeit, als sie sinst seinem Wunsche
382 2816 1339 2873 weicher, guter Menich, und es würde der Charakter
1349 2821 2315 2871 gemäß in seiner Wohnung die Kleider seiner Gattin an¬
380 2864 1351 2907 des Schriftstellers Merklin wie der des kleinen
1345 2861 2316 2929 legt, aber er ist willenlos bereits del Dirne
380 2905 1346 2965 Stückes gewiß nicht darunter leiden, wenn Herr
1341 2910 2312 2964 zu sehr verfallen. Er kann sich nicht mehr
390 2955 1351 2996 Bassermann auf seine Palette hellere Farben setzte.
1353 2950 2300 3000 von ihr befreien. Da profaniert sie sein Heiligstes.
393 2999 1347 3061 Seine Individualisierung war sonst eine hervorragend
1352 2990 2307 3061 eine lange Flechte vom Haar seiner teuren
391 3035 1348 3092 künstlerische, ja geistreiche. Leopold Iwold (Jagisch)
1342 3022 2313 3091 Toten. Sie kolettiert mntt der Flechte, in ihm steigert¬
384 3086 1326 3140 kam dem Lokalkolorit der Szenerte schon zu nahe, er
1354 3082 2318 3144 sich die Nervosität zum Wahnsiun und er erdroffelt seine
1354 3124 2310 3186 Geliebte. Man wird begreisen, daß dieses Sujet nicht
372 3117 1338 3187 war mir viel zu österreichisch. Irene Triesch (Frau
354 3168 1342 3235 Jagisch) konnte nur sekundieren, zu charakterisieren gab
1345 3164 2316 3221 gerade amüsant ist, aber dennoch ist der Mißerfolg des
378 3217 1328 3270 nichts, Alles in allem ist „Der Puppenspieler“
1339 3211 2315 3273 ] Werkes kein Beweis für den Wert der Arbeite Für dies
383 3261 1347 3325 sine hochinteressante literarische Gabe, die Figur des
1353 3244 2319 3320 Aufnahme bei einem Theaterpublikum mußte es so kommen,
385 3305 1344 3359 Merklin eine Art Menzelscher Studienkapi, ein hors¬
1351 3308 2307 3367 aber für den Einzelnen, für den piychologisch und philo¬
384 3351 1346 3418 Koeurre für Feinschmecker, aber kein Alltagsgericht für
1359 3346 2316 3403 sophisch Denkenden, wird sich aus diesem Schiffbruch
382 3388 1339 3443 die Menge. Die Aufnahme des Werkes wal eine ver¬
1344 3383 2315 3446 stets noch so viel retten lassen, daßeer von einem ver¬
381 3440 1342 3517 dient anerkennende, obwohl es an leiser Opposition
1340 3431 2344 3505 lorenen Abens mcht sprechen darf. Es liegt ungemeln viel
387 3463 783 3556 eichfalls nicht fehlte.
1340 3476 2333 3562 Arbeit in dem Drama und auch die Tatsacht, daß der
