3484 4320
1628 216 2133 330 box 22/6
321 219 1547 336 17.1. Der Purnenspieler
1655 1286 2791 1351 Gerhart Hauptmann hat sie durch einen guten Bildner¬
2784 1289 3424 1375 zwischen je zwei Bildern ei
2797 1328 3128 1403 G. H.-Collier.
1651 1345 2791 1401 einfall vergrößert. Er hat ihre Leidenschaften, ihre see¬
492 1302 1277 1443 „rah Feuilleton.
1656 1382 2802 1443 lische Art wie eine Lichtquelle über ihre Häupter gestellt;
2881 1365 3427 1455 Rittner als Graf S#
1647 1433 2804 1504 so gestellt, daß die Menschen des Spiels ungeheure Schat¬
2802 1419 3416 1506 hat eine Art stilisierte Worte
552 1435 1541 1535 Das Gastspiel des Lessing-Theaters
1653 1487 2793 1542 ten werfen. Ich möchte sagen: den Schatten ihres Prin¬
2800 1494 3429 1559 lische abstreift. Man spürt d
544 1512 1580 1617 (Im Theater ander Wien. — Erster Abend.)
1656 1531 2807 1595 zipiellen. Der gespenstische Flackertanz dieser großen
2805 1540 3423 1598 flügelung der seelischen Kräfte
1658 1580 2801 1630 Schatten gibt dem Drama seine eigentümliche Plastik.
2803 1585 3421 1657 Aufsteigen aus der prosaischen
565 1582 1492 1653 „Elßa“, von. Gerhaxt Hauptmann.
1649 1628 2802 1690 Das konkrete Spiel rollt ab wie ein Exemplum für die
2809 1621 3424 1709 Und er hat umgekehrt eine M
571 1635 1642 1696 Eine Pramatische Ballade, Prosazzwar, aber es hängt
1648 1675 2802 1729 unermeßliche Macht der Abstrakta: der Liebe, der Schön¬
2806 1677 3407 1752 so tief aus dem Herzen zu
482 1692 1654 1761 wie ein Sthleier von Verfend üher diesem Spiel, in dem
1657 1724 2800 1778 heit, des Zwanges im menchlichen Blut. Man merkt die
2804 1723 3419 1807 inbrünstige Konfession wirken.
471 1737 1650 1815 jede SIne N#thhihtäschen Wert einer abgeschlossenen,
1657 1778 2800 1829 Dürftigkeit der Anekdote nicht, weil sie eingefügt ist in
2800 1772 3418 1846 gleich alles glaubt: das ganze
482 1794 1653 1851 mit Iuhalk bis an den Rand gefüllten Strophe hat. Das
1658 1827 2798 1890 einem Mechanismus ewiger Kräfte, deren geheimnisvolles
2806 1831 3421 1892 und die Herkunft dieses Schick
479 1832 1647 1900 Schöne dieses kleinen Dramas liegt in seiner stummen
1645 1865 2809 1934 Brausen den kleinen Lärm des faktischen Ereignisses über¬
2800 1870 3422 1947 Art. Einer, dessen bildnerische
481 1888 1642 1946 Musik; in dem dunklen Rauschen von Naturgewalten:
1649 1913 2807 1972 tönt. Man könnte vor die einzelnen Szenen als Regie¬
2808 1923 3419 1998 die unmöglichst verkrümmten
484 1931 1645 1992 die Liebe, die Schönheit, die Leidenschaft, der Stolz. Sie
1646 1965 2803 2026 Bemerkung stellen: Es ist Liebe; es ist Schönheit; es
2808 1969 3430 2043 Gerade zu biegen. Welch ein
487 1981 1648 2049 fegen über die Menschen des Dramas wie Stürme, alles
1658 2010 2801 2100 ist tiefste Trauer. Wie man schreiben würde: es ist heller
2808 2017 3430 2085 solch ein Schauspieler, der das
479 2032 1651 2082 niederbeugend, hinschmetternd. Es ist, als ob die Leute
1661 2066 2714 2133 Tag; oder: Mittagssonne; oder: schwärzeste Nacht.
2811 2065 3429 2141 Dichter einer Figur eingeblase
482 2080 1646 2154 gleich die Ohnmacht jedes Versuches, sich zu wehren, ein¬
2813 2119 3374 2203 Fingerspitzen weiterleitet!
487 2131 1648 2188 sähen, als ob sie bei der leifesten Berührung, die sie
1734 2117 2809 2207 Die schöne gerade Linie des Dramas biegt nur im
2800 2166 3429 2242 sehr gut. Ihre Leistung bleih
492 2166 1642 2230 streift, auch schon die Hand des Schicksals an ihrer
1651 2188 2805 2254 vorletzten Bild in ein theatralisches Schnörkel um. Der
2801 2212 3427 2290 Vortreffliche Erledigung eine#
484 2230 1644 2288 Gurgel spürten. Verdacht wird im Augenblick Gewißheit,
1646 2237 2796 2302 Graf inszeniert seine Rache. Das wirkt nicht groß.
2800 2264 3385 2340 nie, überredet manchmal.
479 2271 1651 2347 dunkle Ahnung hemmungsloses Entsetzen, leise Angst
1643 2279 2815 2347 Ein Mann wird erdrosselt, ein Vorhang vor seinem
2807 2314 3414 2380 aber auch keine Zustimmu
482 2319 777 2398 Todesfurcht.
1660 2341 2810 2395 Sterbelager zugezogen, ein Wächter mit riesigem Schwert
2797 2353 3416 2434 schauspielerischer Argumenie
1644 2389 2801 2451 davorgestellt, Lichter angezündet und als Prologus eine
583 2364 1643 2451 Der Graf Starschenski liebt sein Weib abgöttisch,
2794 2408 3423 2482 einer geheimnisvollen persöni
1639 2433 2800 2493 ortsübliche Sage erzählt. Dann, förmlich beim „Stich¬
492 2412 1649 2493 erfährt von ihrer Untreue und tötet den Nebenbuhler.
2795 2460 3424 2525 darstellerischen Mittel fliegen
1651 2482 2794 2554 wort“, wird das Bett enthüllt und Elga sieht das Opfer.
490 2464 1655 2547 Das ist alles. Aber diese einfache Tatsachenmelodie des
2794 2505 3419 2583 den Kopf des Zuhhrers. Un
1646 2534 2799 2584 Die Umrahmung des Spieles — einem Ritter träumt im
482 2533 1643 2589 Dramas klingt auf des Dichters Harfe sehr voll und
2800 2563 3408 2639 fangen, ist es eigentlich nie.
1641 2575 2805 2651 Klosterturm die ganze traurige Affäre — ist sehr
489 2575 1642 2655 schön. Es sind wenige Akkorde, aber der Spieler greift
2792 2606 3415 2680 gröhlenden heiseren Ton a###
1656 2624 2806 2683 schön. Man sieht das Drama wie durch den Bogen eines
491 2627 1656 2701 sie so tief und stark, daß ihr Nachhall lange nicht ver¬
2793 2652 3414 2724 Organismus dieses polnisch
1647 2666 2805 2745 dunklen Gewölkes vorüberziehen. Ich glaube übrigens
485 2675 1653 2740 rollt. „Elga“ ist: ein Absturz vom Gipfel; ein letzter
2809 2707 3406 2775 mit Allohol vergiftet. Prächtig
1651 2723 2808 2791 nicht, daß der Ritter wahrhaftig die böse Geschichte
481 2729 1646 2776 Akt; ein Erlöschen von Schicksalssternen nach ihrem
2803 2748 3407 2810 Frische in Tou und Gebärde,
1646 2771 2799 2831 des Grafen Starschenski und seiner Elga träumt. So
493 2772 1636 2836 hellsten Aufglänzen. Erfüllung von Blut=Notwendigkeiten.
2795 2804 3409 2872 seiner ganzen Art, daß er f
1639 2817 2803 2879 billig=operettenhaft wird es nicht gemeint sein. Ueber
483 2823 1654 2892 Die aufsteigende Linie ist nicht gezeichnet, das Werden
2797 2847 3418 2908 Theorie des empirisch ver#
1657 2871 2793 2936 seinen Schlaf sentt sich nur das vage Grauen des Ortes,
483 2873 1651 2940 jener Notwendigkeiten aus dem Blut und der Art der
2789 2893 3390 2955 Praxis der unbedenklichen
1643 2902 2801 2971 an dessen Wänden für alle Zeiten der Geruch des
480 2914 1634 2985 unterliegenden Menschen nicht dargestellt. Der Graf ist,
2793 2930 3419 3021 Ueber das, unseres Rteide
1648 2971 2791 3035 dereinstigen schauerlichen Ereignisses hängt. Was wir dann
490 2964 1651 3039 wie das Stück beginnt, auf dem steilsten Gipfel seines
2792 2996 3410 3074 Dr. Brahm wird ja noch
1656 3022 2795 3080 sehen, ist nur eine Materialisierung dieses vagen Grauens,
487 3005 1652 3087 Glückes, Elga im blendendsten Licht ihrer Schönheit, die
1650 3053 2796 3129 das des Ritters Schlaf schwer und unerquicklich macht,
496 3064 1653 3119 Atmosphäre bis zum äußersten mit Ahnungen gesättigt,
2835 3080 3410 3169 „Der Puppenspieler
1651 3117 2801 3172 ein Heraufbeschwören verklungener Klänge, deren indefi¬
485 3114 1649 3175 und das Schicksal hat die Faust bereits zum Zuschlagen
2792 3141 3407 3231 Ein Thema, das dem Dichter
1640 3164 2794 3233 nites Echo nur in des schlafenden Ritters Herz
487 3169 1641 3244 erhoben. Man spürt: es gibt koin Weiter mehr und auch
2792 3211 3408 3280 und seine Grenzen. Seine B#
492 3215 1646 3284 kein Verharren. Nur ein Abwärts=, ein Zu=ende=gehen.
1634 3218 2798 3283 dringt. Der mönchische Gesang füllt schön die Verwand¬
2794 3253 3413 3337 streben, und sein scheues, stolf
584 3259 1652 3338 Die Menschen des Dramas, die der Dichter aus der
1639 3258 2800 3319 lungspausen aus. Die Bilder des Dramas sind wie auf
486 3309 3397 3399 Grillparzer=Novelle geholt, sind ziemlich klein. Aber schwarzem Faden aneinandergereiht, in den die Musik in ihre, endlich!, erkannten
