3436 4320
187 202 1403 306 17.1. Der Punbensnieler
870 1124 953 1188 ——
331 1226 1358 1281 dabei verloren. Als er nach vielen Jahren in das
324 1281 1358 1337 Haus seines Freundes zurückkehrt, hätte er Gelegen¬
328 1332 1361 1381 heit, den fundamentalen Irrtum, in dem er aufwuchs
332 1384 1368 1437 und alt wurde, zu erkennen, allein er erwacht nicht
321 1426 1369 1482 mehr aus seinem somnambulen Zustande. „Du warst
332 1467 1373 1520 doch im Begriffe, etwas Großes zu werden“, meint
335 1518 1290 1583 gelegentlich einer der Freunde. „Wer sagt dir“
328 1573 1361 1630 erwidert Merklin — „daß ich es nicht geworden bin?
340 1614 1363 1679 Müssen es denn die anderen merken?“ Er ist nach
339 1668 1372 1717 wie vor von seiner geheimnisvollen Fähigkeit der
329 1707 1360 1782 Einflußnahme auf fremde Geister und Seelen über¬
337 1768 1366 1824 zeugt, verläßt das wieder gefundene Haus und kehrt
326 1810 1370 1874 gewiß nicht dahin zurück, wo so viel gesunde Luft
328 1873 1367 1927 und fröhlicher Sonnenschein herrschen. Der Fehler
339 1915 1366 1972 unserer Vorstellung lag daran, daß Herr Marlitz
331 1964 1363 2016 die Traumwelt des Visionärs in die Gebärde eines
331 2007 1372 2066 alten Komödianten kleidete und mit den landesüblichen
333 2068 1371 2124 Theatermätzchen kam, wo hypnotische oder suggestive
332 2105 1359 2165 Voraussetzungen anzunehmen wären. Auch das allzu
344 2163 1370 2226 nüchterne, um nicht zu sagen: das hölzerne Spiel
341 2202 1357 2275 Ehmanns trug dazu bei, daß jene Stimmung nicht
335 2250 1365 2323 zu stande kam, aus der heraus Schnitzlers „Mppen¬
346 2304 1161 2370 spieler“ dem Publikum verständlich wird.
345 2392 1376 2472 welchem Tage Dreyers „Siebzehnjährigen“ zur ersten
345 2459 1372 2505 Aufführung gelangten, hat der vorgestrige Einakter¬
340 2496 1365 2558 abend die erste halbwegs literarische Tat gebracht.
339 2538 1366 2597 Nahezu acht Wochen lang herrschten Ebbe und Stag¬
342 2597 1370 2656 nation. Infolge meiner Beschwerde, die ich letzthin
339 2641 1372 2713 an dieser Stelle vorbrachte und der sich einer meiner
345 2701 1364 2753 Kollegen anschloß, erließ die Theaterkanzlei ein Rund¬
346 2730 1373 2797 schreiben an die Blätter, in welchem sie sich über
340 2791 1377 2852 die „verehrten Herren Referenten“ sowie über das
339 2850 1372 2900 „große Publikum“ beinahe ein wenig lustig macht.
341 2883 1391 2969 Sie klagt über die „Regelmäßigkeit“, mit der „all¬
1454 196 1955 277 box 22/6
1391 1218 2415 1288 jährlich“ in der Zeit von Weilnachten bis Mitte
1394 1273 2409 1330 Jänner von der Kritik darauf hingewiesen werde,
1390 1316 2414 1377 daß die Direktion bei der Zusammenstellung des Re¬
1386 1372 2413 1422 pertoires den künstlerischen Standpunkt zu wenig
1386 1422 2410 1481 wahre und verweist darauf, daß diesem Standpunkte
1381 1475 2414 1521 in der fraglichen Zeit des Theater=Großbetriebes
1392 1516 2416 1573 wegen nicht Rechnung getragen werden könne. „Nur
1380 1562 2410 1630 teilweise Rechnung getragen werden kann“, heißt es
1384 1610 2414 1662 im Briefe. Dann wird nachgerechnet, daß in der
1384 1662 2410 1724 Zeit vom 22. Dezember bis 12. Jänner, also inner¬
1394 1708 2413 1769 halb 21 Tagen, nicht weniger als 59 Vorstellungen
1394 1765 2407 1817 veranstaltet worden seien. Mit Verlaub! Das Theater
1392 1819 2419 1866 ist ein Kunstinstitut, das dem „künstlerischen Stand¬
1392 1864 2412 1919 punkt“ jederzeit Rechnung tragen muß, ob nun
1394 1906 2412 1956 42 oder 59 Vorstellungen gegeben werden. Immer¬
1404 1951 2413 2009 hin ist das Eingeständnis, daß den Bedingungen der
1394 2008 2409 2059 Kunst „nur teilweise“ entsprochen wurde, ehrlich und
1394 2057 2408 2111 entwaffnet uns — für die Zeit der Weihnacht und
1389 2111 2417 2158 des Jahreswechsels. Allein, warum hat man die Kunst
1387 2165 2416 2211 in der Zeit zwischen dem 27. November und dem
1393 2200 2417 2256 22. Dezember und neuestens wieder, sagen wir, seit
1387 2254 2420 2307 dem 7. Jänner vernachlässigt? Doch nicht ebenfalls
1391 2289 2413 2344 wegen des Theatergroßbetriebes? Während dieser vier
1396 2338 2412 2396 oder fünf Wochen gab es durchaus normale Zustände.
1391 2389 2421 2446 Diese ziffernmäßigen Nachweise erscheinen vielleicht
1394 2450 2422 2498 pedantisch, aber nicht wir verehrten Theaterreferenten
1395 2489 2414 2552 haben mit der Arithmetik begonnen, sondern die ebenso
1388 2548 2427 2597 verehrte Theaterkanzlei. Wer mit Zahlen kommt, muß
1397 2598 2412 2654 annehmen, daß ihm nachgerechnet werde. Im Schluß¬
1395 2633 2428 2689 satz der direktorialen Zuschrift hieß es, daß man
1404 2668 2423 2754 beim besten Willen erst nach den vielen Feiertagen
1401 2737 2416 2794 mit einer reicheren Repertoirebildung beginnen könne.
1396 2792 2422 2858 Wohlan denn, wir harren der Dinge, die da kommen
2007 2828 2364 2909 Dr. Withalm.
1387 2834 1554 2900 sollen.
1766 2861 2059 2948 —
1515 2875 1781 3001 S
2439 1146 3286 1219 eines Chebefähigungszeugnisses angesucht, un
2438 1215 3287 1274 lich rechtliche Verbindung mit dem Prinzen
2433 1254 3285 1316 burg=Waldenburg eingehen zu können. Der
2440 1305 3278 1374 wies jedoch das Ansuchen auf Grund der bei
2435 1352 3283 1420 Bestimmungen des allgemeinen bürgerliche
2433 1404 3280 1470 buches ab. Die geschiedene Gattin des Prinze
2444 1450 3277 1524 burg = Waldenburg, Alix Prinzessin von
2447 1500 3286 1561 32 Jahre alt, ist ja noch am Leben. Nach i
2435 1545 3291 1618 oberstgerichtlichen Entscheidungen, die bis in
2438 1595 3289 1660 der Neunzigerjahre hineinreichen, war bisher
2448 1645 3289 1709 seren Gesetzen eine neue Ehe in einem solch
2451 1703 3287 1757 vollständig ausgeschlossen. Nun aber hat de
2449 1749 3279 1809 Gerichtshof in Abänderung dieser Spruch
2442 1792 3271 1856 der Auslegung der §§ 4 und 37 des A.
2450 1835 3272 1906 (Erfordernisse bei Rechtsgeschäften von Ost
2445 1886 3277 1949 im Auslande) entschieden, daß, sobald durch
2445 1941 3282 2009 schließung nicht rechtliche Wirkungen in Oster
2438 1991 3285 2050 vorgerufen werden, eine solche Ehe (in die
2443 2032 3278 2090 eine im Auslande zwischen einer österreich
2446 2088 3276 2155 tholikin und einem geschiedenen katholischen
2437 2146 3272 2198 geschlossene Ehe) gültig ist. Die Stattha
2437 2188 3288 2240 demnach auch dem an sie gerichteten Rek
2439 2226 3277 2300 die Stadtratsentscheidung im Sinne der jün
2443 2292 3282 2342 scheidung des Obersten Gerichtshofes Folg
2439 2336 3283 2391 So erhielt denn auch Fräulein Valerie M
2437 2374 3260 2435 Lobenstein das Ehebefähigungszeugnis, re
2445 2424 3275 2483 nach Bamberg und wurde durch den dortigen
2444 2481 3286 2546 mit dem Prinzen Schönburg=Waldenburg ge
2449 2525 3283 2598 Prinz lebt seit 1901 von Alix Prinzessin
2446 2577 3272 2632 über deren Eheirrungen seinerzeit die Presse
2447 2622 3282 2687 geschieden. Der Papst hat im Jahre 1903
2442 2666 3283 2728 als gelöst erklärt. Für den Stadtrat Gi
2442 2730 3274 2792 natürlich nur die Bestimmungen des A.
2440 2770 3273 2835 maßgebend. Zu seiner Vermählung mit Fr.
2450 2828 3281 2882 Lobenstein erhielt nun Prinz Schönburg=W
2445 2864 3282 2932 für sich und seine zweite Gattin den doppel
