3484 4320
443 10 1334 97 Sm
416 83 1423 142 schönes adeliges Mädchen, bei deren Anblick ihm das Herz
426 137 1430 188 aufging, aus tiefstem Elend aufgelesen. Elga, so heißt sie,
424 186 1432 237 wird seine Frau. Er zieht sich mit ihr auf sein Schloß
418 220 1429 268 zurück, wo er seinem Liebesglücke lebt, das zu einem seligen
425 268 1431 330 Rausche sich steigert, als ihn Elga mit einem Kinde —
423 310 1440 373 einem Mädchen — beschenkt. Da wird sein Liebesglück
418 361 1433 428 plötzlich getrübt. Ein beängstigender Zweifel an der Treue
429 405 1435 464 seines Weibes taucht in ihm auf. Sein Verdacht schwillt
418 449 1439 496 zu schrecklicher Gewißheit durch ein Medaillonbild an, in
418 495 1439 541 dem er Elgas Vetter, Oginski, erkennt. Die Gesichtszüge
414 544 1434 598 Klein=Elgas und die des Medaillonbildes offenbaren
414 581 944 651 eine auffallende Aehnlichkeit.
517 630 1425 697 Kein Zweifel: sein Töchterlein ist ein Kuckucksei.
422 670 1431 731 Nicht er, sondern Oginski ist der Vater des Kindes. Eine
432 720 1437 772 wilde Rachgier lodert in dem betrogenen Gatten empor.
425 763 1436 825 Er zerrt Oginski in sein Schloß und stellt das treulose
430 825 1429 880 Weib ihrem Galan gegenüber. Da gelingt es Oginski zu
433 867 1427 918 entrinnen. Elga aber fleht jammernd um Gnade. Der
436 899 1379 955 Graf will ihr das Leben schenken, wenn sie ihr Kind
431 947 1444 996 den lebenden Beweis ihrer Schande — selbst tötet. Die
432 995 1444 1041 Ehebrecherin ist bereit, diesen Preis um ihr Leben zu zahlen.
426 1038 1426 1094 In dem Momente jedoch, da sie zur Mörderin
431 1088 1436 1148 an ihrem Kinde werden will, ersticht sie der Graf.
427 1123 1427 1188 Dann zündet er das Schloß an. Das Kind über¬
425 1178 1433 1235 gibt er Bauersleuten zur Pflege. Hernach stiftet
428 1224 1436 1280 er ein Kloster, in das er als dienender Bruder eintritt. Das
427 1268 1427 1322 ist der Fabelkern der Novelle. Wie man sieht, spielt sie nur
427 1308 1437 1377 äußerlich in der Zaubernacht des Mittelalters. Die
431 1354 1438 1407 Romantik ist bloß eine leichte Hülle, ein Stimmungsbehelf
420 1390 1443 1452 der Geschichte. Schürft man im Stoffe, so sprüht daraus
427 1449 1454 1507 eine Fülle von dramatischen Momenten hervor, die einen
425 1486 1450 1550 modernen dramatischen Dichter zur Ausgestaltung reizen
432 1541 598 1597 könnten.
501 1578 1455 1651 Sie haben auch Gerhart Hauptmann gereizt, der in
426 1636 1450 1699 seinem Drama „Elga“ im großen und ganzen dem Linien¬
407 1671 1450 1739 zuge der Novelle folgte. Nur in zwei wesentlichen Punkten
432 1745 1452 1787 ließ er seiner eigenen Inspiration freien Lauf. Hauptmann
422 1773 1441 1825 läßt die Vorgange seines Dramas an dem im Kloster ein¬
423 1823 1453 1882 gekehrten Ritter als Traum vorüberwallen. Warum? Man
421 1865 1452 1933 sucht vergebens eine Antwort auf diese Frage. Auch Grill¬
424 1924 1454 1978 parzer hat den Traum als dramatisches Vehikel verwendet.
426 1964 1452 2025 Aber im „Traum ein Leben“ sind die Traumgesichte mit
416 2005 1451 2064 dem Träumer innig verwoben. Es ist sein eigenes Schicksal,
430 2069 1444 2121 das sich ihm warnend und drohend im Traume ankündigt,
434 2115 1446 2174 falls er von den Lockungen der Ruhmgier sich hinreißen
429 2150 1454 2215 läßt. Wie anders bei Gerhart Hauptmann! Der Ritter
429 2208 1443 2263 träumt ein fremdes Leben, mit dem er bloß durch ein
434 2244 1448 2304 äußeres Moment verknüpft ist: er schläft in jenem
421 2284 1444 2346 Turmzimmer, wo sich die Schlußkatastrophe zugetragen.
426 2338 1447 2394 Man müßte alse höchstens annehmen, daß die stummen
425 2383 1439 2448 Gegenstände im Turmgemach in mitternächtlicher Stunde
426 2446 1449 2496 zu raunen beginnen und dem Schläfer jene Erlebnisse vor¬
432 2481 1361 2541 gaukeln, deren passive Zuschauer sie einstmals waren.
522 2518 1462 2586 Hauptmann hat aber noch eine andere wesentliche
419 2571 1445 2643 Aenderung vorgenommen. Er hat den Schluß der Novelle
426 2638 1451 2692 gründlich umgestaltet. Bei Grillparzer tötet der Graf Elga,
421 2673 1452 2734 nachdem er die Ueberzeugung gewonnen, daß ihre un¬
442 2726 1451 2777 ersättliche Lebensgier in ihr selbst jeden Funken mütter¬
436 2820 1449 2872 doppelt gerechtfertigte Sühne einer ruchlosen Schuld. Der
430 2855 1442 2916 Schluß des Dramas hingegen ist ein theatralischer Knall¬
432 2905 1450 2975 effekt. An dem Bette ihres erdrosselten Geliebten schleudert
426 2959 1444 3013 Elga ihrem Gatten racheschnaubend die Worte ins Gesicht:
433 2997 1438 3066 „Ich hasse dich und speie dich an!“ — Dann wandelt sich
432 3049 1445 3096 das Bild. Der Ritter reibt sich den Schlaf aus den Augen.
423 3098 1444 3165 Was an uns vorüberzog, war in Traumesform das
420 3139 1017 3201 grausige Schicksal des Mönches.
522 3175 1455 3248 Dichter und Regie haben alles getan, um durch
429 3239 1443 3281 Stimmungsrequisiten die Illusion des Zuschauers zu
427 3280 1453 3343 wecken. Nach jedem Bilde rauscht ein unheilverkündender
423 3327 1451 3383 schwarzer Vorhang nieder. Während der Zwischenpausen
425 3383 1452 3429 erschallt, dumpf und schwer, der cantus nocturnus der
426 3414 1448 3478 Mönche. Aber eine innere Anteilnahme an der Dichtung
420 3469 1445 3521 wollte sich gleichwohl nicht einstellen. Dem Drama fehlt
427 3515 1443 3567 die Seele. Es waren keine Weihestunden, in denen es
421 3560 1446 3625 der Dichter schuf. Die Handlung, so sehr sie auch toht
430 3606 1444 3661 und stürmt, ist doch nur geschickte äußerliche Mache.
429 3657 1447 3710 Nirgends eine Szene, in der das Menschliche uns ans
426 3703 1453 3758 Herz greift. Die Darstellung hat einem derartigen Werke
419 3742 1449 3812 gegenüber einen schweren Stand. Sie kann ihre Aufgaben
427 3793 1450 3845 bloß mit formaler Technik bewältigen. In diesem Sinne
420 3839 1450 3888 haben denn auch Herr Rittner als Graf Starschenski,
431 3885 1451 3937 Frau Irene Triesch als Elga und Herr Reicher als
426 3936 1435 4000 der Hausverwalter ihre Rollen glänzend durchgeführt.
419 3973 1446 4035 Ihnen galt denn auch der wohlverdiente Beifall, der nach
405 4020 1396 4108 dem letzten Fallen des Vorhanges ertönte 772 .
1450 65 2483 125 Aus dem Spiele wurde ein ernster, auf inniger Trere“
1458 108 2489 165 begründeter Lebensbund. Aber dabei ist der „Puppen¬
1453 160 2467 222 spieler“ an seinem eigenen Glücke achtlos vorüber¬
1459 200 2472 257 gegangen. Nun steht er als Bohème vor ihnen, vom
1445 245 2484 295 Leben zerzaust, innerlich verbittert, aber zu stolz, um zu
1449 295 2478 341 klagen. Seine Weisheit kleidet er in eine milde Ironie,
1459 357 2481 401 aus der hie und da ein leiser Schmerzenston hervor¬
1456 399 2481 446 zittert. Großes zu schaffen, dazu reicht seine Begabung
1459 445 2472 495 nicht aus. Das weiß er. Er begnügt sich daher mit seiner
1463 475 2479 537 inneren Musik. Er schaut auf die Welt aus der Vogel¬
1452 526 2471 589 perspektive herab, und da er dichterische Schattengebilde
1449 581 2473 632 nicht mit Lebensblut füllen kann, so findet er eine künst¬
1459 631 2483 674 lerische Freude daran, wirkliche Schicksale an sich vorüber¬
1451 660 2482 723 ziehen zu sehen. Nur dürfen sie ihn nicht in ihren Bann¬
1450 708 2476 773 kreis ziehen. Darum verläßt er rasch das Heim des
1460 750 2481 809 wiedergefundenen Freundes, verläßt es wohl auch aus
1451 813 2469 865 dem Grunde, weil ihn gerade in diesem Heim die schmerz¬
1450 849 2470 892 liche Erkenntnis beschleicht, daß er doch bankerott sei und
1454 896 2483 945 daß hinter seiner stolzen Weisheit ein unstillbarer Drang
1456 944 1757 1015 nach Glück niste.
1546 972 2473 1050 Wie man sieht, ein nachdenkliches Stückchen, das in
1454 1043 2481 1098 innerer Sammlung ausgekostet sein will und das durchaus
1454 1099 2484 1140 nicht nach klatschenden Händen schielt. Es hat aber gleich¬
1463 1127 2475 1193 wohl starken Beifall gefunden, der auch Herrn Basser¬
1450 1173 2482 1239 mann galt, der in der schlichten Art und Weise, wie er
1450 1225 2482 1277 alle Nuancen im Charakterbilde des philosophischen
1454 1260 2478 1335 Bohème hervorschimmern ließ, als großer Künstler sich
2277 1312 2446 1373 m. b.
1456 1320 1615 1386 erwies.
