3436 4320
264 216 2044 354 17.1. Der Puppenspieler box 22/6
899 962 2432 1043 Liebliches davon auf. Immergrün und ohne sonderlichen Geist, — doch
900 1031 2433 1089 lieblich. Der Inhalt, daß ein Mädelchen mehr zu einem zehnten Se¬
894 1097 2427 1158 mester denn zu einem neunzigsten Semester paßt: paradox ist dieser Inhalt
896 1156 2433 1220 nicht ... Aber das bildet gar nicht den Inhalt, sondern: allgemein eine blöd¬
897 1200 2426 1264 ernst gaukelnde Jugend; der krudelschöne Sommer; die heitere Gloria; die
905 1264 2427 1326 frischen Kränze; die duftende Magie; und die schlimmen (aber nicht allzu¬
906 1316 2428 1386 schlimmen) Sterne. Dieser Inhalt klingt fort in mir wie . .. etwa nach
896 1367 2442 1436 einem Gewitter, wenn man auf dem Balkon sieht, der Schall zweier unten
896 1433 2423 1504 dahinplaudernder Mädel, aus Süddeutschland. (So ist es.) Hochzeit, Tor¬
896 1493 2425 1560 heit, völkische Menschlichkeit. Mir sind eigentlich diese Personen garnichts.
896 1538 2423 1598 Etwas doch: ein Schmuck und eine kleine Drolligkeit für mein Leben. So ge¬
896 1592 2427 1659 wiß mich ihnen gleichzustellen ich ermangle ... Hochzeit, Torheit, Sommer,
895 1660 2437 1715 komische Wichtigkeiten — und alles das nimmt gar kein Ende; drollig immer noch
902 1706 2436 1772 etwas und umständlich immer noch etwas zugefügt. Der Strauß richtet sich
906 1772 2435 1836 häuslich ein auf der Bühne; der erzählt ruhig immer weiter ... (dacht ich).
895 1831 2426 1890 Anmutend ist es, — im Leben mehr als im Theater. Wettzumachen durch An¬
896 1876 2438 1941 derung der Proportion. (Man setzt keinen Knauf auf eine Säule, der
900 1927 2433 2023 zwei Drittel so groß isi wie sie.) Zu gedenken ist der Schauspielerin Else
896 1985 2438 2048 Heims, welche die grüne Gattin war: und hier in den Kreis deutscher
895 2051 2439 2133 Künsilerinnen, ziemlich nach vorn, unablenklich und schnurgerad hinein¬
895 2104 1223 2183 marschiert ist.
953 2148 2434 2220 Weiter, junge Leute. Bab. „Der Andere“. Was mir heute davon vor¬
908 2206 2435 2277 schwebt, ist ein Gesius: wie der Mann, der Getretene, sich plötzlich die Er¬
2232 2267 2434 2339 —!“ und
910 2268 2021 2334 füllung nimmt und hinterher allen Beteiligten zuruft: „
905 2325 2438 2396 abzieht. Das isi der hoffnungsvolle Moment. Aber nur ein Gesius: weil
894 2377 2440 2433 die Getretenheit etwas überzeugungslos begründet war. Die dramatis personae
895 2436 2437 2507 machen sämtlich Gesten. Feine Flickarbeit. Bewußte Verse — mit einem
899 2481 2430 2553 dramatischen Punkt. Ein Anfang ... Vollmöllers Catherina von Armagnac.
898 2553 2431 2612 Was lebt im Sommer davon? Ein Kopf auf dem Sims; aber ein Dramen¬
902 2604 2442 2668 profil auch. Vollmöller hat (manchmal) das Geheimnis des Baues. Wenn bei
905 2652 2439 2728 J. Bab die Erfüllung des Getretenen der dramatisch wertvolle Punkt ist: so liegt er
901 2722 2436 2785 beim Vollmöller in der Überraschung, wie nämlich ein Statistenliebhaber, hintere
901 2781 2441 2837 Garnitur, plötzlich Erster wird. In manchem Werk junger Leute will ich einen
896 2837 2440 2906 solchen dramatischen Punkt aufzeigen wie bei Vollmöller und Bab; doch wer schreibt
906 2874 2433 2944 ein Stück aus ihren Punkten? . .. Es müßte nicht schlecht sein . .. Vollmöllers
900 2943 2436 3003 Verse: wie ein holprig stolpriger Weg durch ein wunderhübsches Tal. Trauer
899 2996 2434 3056 der Anmut. Ein bißchen schwarze Holdheit. Ein leichtfüßig=ungeduldiger
905 3049 2442 3113 Dichter, doch ein Dichter . .. Ulrich, den Fürsten von Waldeck, stieß Eulenberg
898 3112 2436 3176 vor das Parkett. Ich befand mich damals in einer Gegend, wo Kaffee wächst
897 3158 2441 3215 und Zucker, auch Pfeffer, und lag an einem kohlrabennachtpechschwarzen
895 3212 2431 3287 Lavastrand vor etwas Blauem, Brüllendem. Ich las hinterher das Buch.
897 3273 2442 3342 Bei Eulenburg ist der dramatische Punkt . .. eine Linie. Nämlich das Fehlen
2110 3373 2282 3463 I29
