3436 4320
306 250 2089 390 17.1. Der Puppenspieler box 22/6
1949 1110 2459 1194 rarises ausgesprochen.
216 1149 528 1239 die Frau, die
532 1176 1702 1244 Person, diese Mizzi. Sie soupiert gein in wohlhabend=wohl¬
3124 1221 3242 1278 Die
210 1220 526 1288 g trägt. Aber
533 1231 1703 1281 tätiger Gesellschaft, wie ein anderer ins Amt geht. Aus
2036 1235 3109 1290 Diese drei kleinen Stücke werden im Akademietheater
193 1264 520 1333 es Geschlechtes.
3121 1271 3230 1332 auf
536 1268 1695 1340 einem gewissen Pflichtgefühl, um für die späteren Tage
1947 1279 3117 1332 mit Burgtheaterglanz und Eleganz gegeben. Ewald Balser
211 1316 528 1385 rztes in Bahrs
533 1317 1712 1387 etwas zur Seite zu legen. Erfahrenes Alter und wißbegierige
1935 1324 3107 1379 ist im „Puppenspieler“ der Georg Merklin, und der Edgar
210 1361 519 1422 er dies erfährt,
3115 1317 3241 1427 bie
539 1358 1697 1426 Jugend umhegt sie mit gleicher Freundlichkeit. In der
1938 1374 3110 1428 im „Faun“. Ein Künstler, dem man seit seinem Faust,
205 1406 516 1476 brechen. Onkel
530 1382 1704 1476 Lebens= und Liebeskunst wenigstens ist sie keine Statistin.
1935 1410 3118 1476 insbesondere seit seiner Leistung in „Karl und Anna“ als
201 1456 515 1523 pöttisch lächeln.
533 1463 1699 1535 Und so folgt sie auch dem Neffen eines bewährten Freundes,
1934 1472 3111 1520 denkenden Gestalter ungemein schätzt. Als Georg Merklin
3110 1468 3237 1566 D1
536 1499 1704 1554 einem jungen Prinzen, in das gastliche Zimmer. Doch weil
1943 1503 3119 1552 ist sein feinster Zug, daß er das Entrückte, die seelische
203 1503 519 1583 Figur des Lust¬
531 1533 1703 1620 er so jung, so beneidenswert jung ist, passiert es ihm, daß
1941 1541 3119 1617 Fremdheit Georgs überzeugend vermittelt, als Edgar hat er
199 1562 521 1627 ben ist. Dieser
534 1597 1702 1660 er nach dem ersten Champagnerglas einschläft. Aber Mizzi
1945 1600 3097 1655 das Jugendhaft=Vitale. Otto Treßler ist im „Faun“
203 1610 514 1675 en Gestaltungen
537 1638 1694 1706 langweilt sich darum nicht. Im Gegenteil, da ist ja der
1937 1641 3119 1708 ein weißhaariger Onkel, dem man willig seine Panabenteuer
205 1653 512 1719 ch, der ohne
530 1676 1705 1759 Kellner — Heinrich, vor dem ihr gar nicht graut. Er ist so
1931 1701 3107 1752 auf der Wiese glaubt, wie Hilde Wagener ihre künftigen
217 1699 513 1762 naturtrunkene
526 1712 1703 1796 unsentimental, so zynisch, ebenso lustig verdorben wie sie.
1931 1729 3112 1802 Abenteuer und Frau Pünkösdy die verschwiegene Glut
203 1738 516 1807 et, weil er das
3108 1755 3251 1832 richt
531 1778 1686 1834 „Schöne Seelen“ einander wert. Und sie finden einander.
1937 1783 3111 1841 hinter ihrer Blondheit. Philipp Zeska ist als Brigant im
206 1794 517 1861 in Faun, er ist
3116 1803 3264 1878 gru
526 1814 1698 1888 Er soll ein Restaurant in Dornbach übernehmen. Dazu
1941 1815 3111 1878 „Faun“ so jugendlich wild wie als Oboespieler jugendlich
204 1836 528 1903 ur die Ansätze
3111 1856 3264 1915 führ:
531 1870 1703 1909 braucht er eine Wirtin. Mit Geld, versteht sich. Und da ist
1937 1863 3104 1913 besonnen. Herr Löhner im „Faun“ ein lebfrischer Hans.
214 1886 519 1951 daß man ihre
3122 1898 3260 1961 Ausd
559 1903 1696 1959 sie schon — Mizzi. Sie wird eine ganz riegelsame Wirtin
1935 1900 3100 1973 Seine Partnerin ist Maria Kramer, eine Beer=Schülerin,
204 1930 513 2010 das lebhafteste
3119 1947 3253 2007 Klauf
530 1961 1595 2024 sein. Und gutherzig auch. Gutherzig sind sie ja alle....
1932 1959 3104 2006 dem Burgtheater seit kurzem verpflichtet. Sie hat sich in
3125 1995 3268 2053 Prä
1937 2005 3103 2063 dieser Rolle, vieles verheißend, eingeführt. Fräulein Krame:
620 1998 1695 2080 Diese beide Figuren — er und sie — sind über das
198 2005 516 2091 ind nicht bloß
3113 2028 3263 2105 prod
1932 2054 3091 2117 hat die Gabe, mit wenigen Strichen eine Figur zu umreißen.
534 2036 1702 2124 Milieuhafte hinaus wirkliche Volksfiguren, mit festem
201 2076 515 2138 es Stück. Ein
3116 2085 3278 2151 betrag
1934 2094 2729 2159 Sie hat Dialog= und Theaterspürsinn.
523 2092 1688 2156 Theatergriff und schlagkräftigem Witz auf die Bühne gestellt.
233 2121 519 2190 blitzend von
3107 2134 3270 2196 Präm
2027 2123 3095 2200 In Saltens „Schöne Seelen“ sind, wie diese beider
531 2133 1695 2215 Dabei voll feiner Wirklichkeitszüge. Wenn Mizzi zum
228 2165 510 2246 Ein Jugend¬
3121 2180 3285 2253 schei
1938 2184 3105 2244 Rollen, auch ihre Darsteller, Herr Maierhofer und Frau
529 2185 1705 2253 Beispiel den Kellner und künftigen Restaurateur bittet,
203 2220 508 2279 segangen. Trotz¬
3109 2224 3277 2293 könne
524 2238 1689 2280 auch den armen Klavierspieler Rosenhaum in sein Eta¬
1931 2237 3098 2292 Medelsky humoristische Meisterspieler. Frau Medelsky
207 2257 518 2328 Laune, Frische,
3113 2270 3277 2336 gebühr
529 2281 1697 2345 blissement zu nehmen oder wenn dieser Heinrich das Trink¬
1932 2285 3109 2340 ist köstlich in ihrer mütterlicher Art, wie sie den jungen
207 2301 513 2389 Und nichts an
525 2331 1702 2400 geld, das der Prinz ihm für besagter. Klavierspieler gibt,
1944 2326 3109 2384 Prinzen betreut, nicht minder heiter in dem falsch
3126 2363 3273 2433 Gutsch
531 2362 1696 2433 die Banknote, für sich behält und gleich in kleine Münze
1943 2364 3097 2423 sentimentalen Uebergang, und wie sie sich scheinbar nur
189 2380 520 2471 nge Wien von
3119 2404 3275 2480 bringl
527 2403 1705 2483 für besagten Herrn Rosenbaum umwechselt. Am feinsten in
1938 2407 3108 2477 widerstrebend entschließt, Heinrichs Gattin zu werden. Herr
199 2448 512 2513 ist diese Lebe¬
3119 2457 3284 2514 Impor
528 2454 1698 2523 diesen ironischen Charakterschattierungen sind die Ueber¬
1940 2458 3095 2524 Maierhofer als Kellner Heinrich ist ohne Uebertreibung
206 2490 508 2561 sind diese drei
3109 2506 3273 2574 Abstin
524 2516 1699 2582 gänge in das Halbsentimentale, der Dialog, in dem sich die
1930 2509 3097 2574 zwingend mit seiner Mischung aus Zynismus, Grobheit,
191 2542 519 2608 inrich — dieser
3105 2549 3279 2615 auf de¬
531 2549 1695 2620 beiden schönen Seelen an ihre Jugend erinnern. Da ist das
1932 2546 3111 2612 Berechnung und einer gewissen Gutmütigkeit. Herr Wolf
188 2583 523 2656 as eben flügge
530 2599 1704 2678 ganze falsche Wienertum, das „geschmierte Gemüt“ auf das
1936 2587 3110 2661 Albach, ein diskret drolliger Prinz Egon, Herr Wlasak
201 2636 510 2694 orbenheit dieses
527 2633 887 2709 Echteste gesehen.
1932 2656 3095 2704 ein vergnüglicher kleiner Pinkolo. Herr Ardt als Klavier¬
3100 2596 3273 2732 Kei
190 2673 516 2746 eter Sittlichkeit
1938 2693 3099 2763 spieler Rosenbaum: wie immer ein Kabinettstück auch vor
617 2672 1690 2752 Salten ist hier, wie in seinen Novellen, ein packender
196 2722 522 2788 ie Absicht eine
1935 2738 2407 2808 dem Chambre séparée.
530 2730 1693 2806 Schilderer des Wiener Wesens. Und wie in seinem
207 2773 514 2839 ste gelungen ist.
2021 2761 3102 2852 Die Aufnahme des Abends war eine sehr herzliche.
535 2792 1709 2853 „Gemeinen“ schon, in diesem Frühwerk, ein wienerischer
206 2823 514 2891 ein bekanntes
1936 2821 3110 2889 Am publikumstärksten wirkten Saltens „Schöne Seelen,
531 2834 1690 2899 Dramatiker, einer der wenigen, von denen man noch die
207 2872 512 2933 seinem Stamm¬
1937 2885 2613 2955 über die man minutenlang lachte.
525 2876 1688 2957 Wiener Komödie, auch die Lomödie des neuen Wien
210 2908 840 3007 bei aller Un¬ erwarten dart
2529 2920 3243 3026 Paul Wertheimer. Am
1481 2937 1686 3023 a.
