<?xml version="1.0" encoding="UTF-8" standalone="yes"?>
<PcGts xmlns="http://schema.primaresearch.org/PAGE/gts/pagecontent/2013-07-15" xmlns:xsi="http://www.w3.org/2001/XMLSchema-instance" xsi:schemaLocation="http://schema.primaresearch.org/PAGE/gts/pagecontent/2013-07-15 http://schema.primaresearch.org/PAGE/gts/pagecontent/2013-07-15/pagecontent.xsd">
    <Metadata>
        <Creator>prov=University of Rostock/Institute of Mathematics/CITlab/Gundram Leifert/gundram.leifert@uni-rostock.de:name=ONB_Newseye_GT_M1+(htr_id=10810)::::v=2.4.2
prov=University of Rostock/Institute of Mathematics/CITlab/Tobias Gruening/tobias.gruening@uni-rostock.de:name=de.uros.citlab.module.baseline2polygon.B2PSeamMultiOriented:v=2.4.2
prov=University of Rostock/Institute of Mathematics/CITlab/Tobias Gruening/tobias.gruening@uni-rostock.de:name=/mnt/transkribus/LA/DEA/URO/LA_news_onb_att.pb:de.uros.citlab.segmentation.CITlab_LA_ML:v=2.4.2
Transkribus</Creator>
        <Created>2019-10-07T11:33:38.810+02:00</Created>
        <LastChange>2019-10-08T09:12:43.396+02:00</LastChange>
        <TranskribusMetadata docId="223974" pageId="9499856" pageNr="103" tsid="16509336" status="IN_PROGRESS" userId="40391" imgUrl="https://files.transkribus.eu/Get?id=JXBVQBJRAEJFXBYUTPMMIEZV&amp;fileType=view" xmlUrl="https://files.transkribus.eu/Get?id=GQOHUVZUUWFLAXBMWQRDSCCC" imageId="6190078"/>
    </Metadata>
    <Page imageFilename="223974_0103.jpeg" imageWidth="3484" imageHeight="4320">
        <ReadingOrder>
            <OrderedGroup id="ro_1711450174091" caption="Regions reading order">
                <RegionRefIndexed index="0" regionRef="r1"/>
                <RegionRefIndexed index="1" regionRef="r2"/>
            </OrderedGroup>
        </ReadingOrder>
        <TextRegion orientation="0.0" id="r1" custom="readingOrder {index:0;}">
            <Coords points="242,268 242,3610 1500,3610 1500,268"/>
            <TextLine id="r1l1" custom="readingOrder {index:0;}">
                <Coords points="234,288 679,341 1440,303 1440,247 1294,228 234,246"/>
                <Baseline points="242,289 301,296 361,302 420,306 480,309 539,311 599,312 658,312 718,312 777,311 837,309 896,308 956,306 1015,303 1075,302 1134,300 1194,299 1253,298 1313,297 1372,298 1432,299"/>
                <TextEquiv>
                    <Unicode>17.1. Der Punnenspieler</Unicode>
                </TextEquiv>
            </TextLine>
            <TextLine id="r1l2" custom="readingOrder {index:1;}">
                <Coords points="1096,1111 1183,1123 1461,1122 1461,1068 1424,1050 1326,1057 1285,1041 1182,1057 1162,1045 1137,1056 1096,1045"/>
                <Baseline points="1104,1091 1129,1091 1154,1091 1179,1091 1204,1090 1229,1090 1254,1090 1279,1090 1304,1090 1329,1090 1354,1090 1379,1091 1404,1092 1429,1093 1454,1095"/>
                <TextEquiv>
                    <Unicode>Telephon 12801.</Unicode>
                </TextEquiv>
            </TextLine>
            <TextLine id="r1l3" custom="readingOrder {index:2;}">
                <Coords points="1253,1203 1262,1202 1271,1209 1279,1208 1297,1217 1303,1215 1311,1221 1321,1220 1315,1138 1285,1145 1279,1140 1275,1144 1257,1135 1249,1137"/>
                <Baseline points="1260,1198 1286,1193 1312,1194"/>
                <TextEquiv>
                    <Unicode>9</Unicode>
                </TextEquiv>
            </TextLine>
            <TextLine id="r1l4" custom="readingOrder {index:3;}">
                <Coords points="573,1256 746,1234 804,1258 979,1262 1094,1233 1228,1258 1283,1236 1283,1212 1186,1168 1091,1184 1065,1164 1032,1196 977,1166 890,1168 813,1197 662,1164 573,1210"/>
                <Baseline points="581,1247 615,1241 650,1236 685,1232 720,1229 754,1228 789,1227 824,1227 859,1227 893,1228 928,1228 963,1229 998,1231 1032,1232 1067,1233 1102,1234 1137,1234 1171,1234 1206,1233 1241,1231 1276,1229"/>
                <TextEquiv>
                    <Unicode>„UBSEAGEK</Unicode>
                </TextEquiv>
            </TextLine>
            <TextLine id="r1l5" custom="readingOrder {index:4;}">
                <Coords points="391,1292 1320,1324 1479,1316 1480,1242 391,1259"/>
                <Baseline points="398,1291 451,1290 505,1290 559,1290 612,1290 666,1290 720,1291 773,1292 827,1293 881,1294 935,1294 988,1295 1042,1296 1096,1296 1149,1297 1203,1297 1257,1296 1310,1296 1364,1295 1418,1294 1472,1291"/>
                <TextEquiv>
                    <Unicode>I. österr. behördl. konz. Unternehmen für Zeitungs-Aussohnitte</Unicode>
                </TextEquiv>
            </TextLine>
            <TextLine id="r1l6" custom="readingOrder {index:5;}">
                <Coords points="556,1370 822,1359 1040,1390 1263,1356 1347,1371 1347,1337 1301,1310 1263,1331 1152,1304 927,1327 556,1309"/>
                <Baseline points="564,1354 602,1356 641,1357 680,1358 719,1358 758,1359 796,1360 835,1360 874,1360 913,1360 952,1361 990,1360 1029,1360 1068,1360 1107,1360 1146,1359 1184,1359 1223,1359 1262,1358 1301,1357 1340,1357"/>
                <TextEquiv>
                    <Unicode>Wien, I., Concordiaplatz 4.</Unicode>
                </TextEquiv>
            </TextLine>
            <TextLine id="r1l7" custom="readingOrder {index:6;}">
                <Coords points="787,1430 808,1426 857,1445 920,1433 1031,1444 1099,1420 1100,1378 1078,1376 1031,1399 981,1387 936,1392 907,1379 828,1392 788,1379"/>
                <Baseline points="794,1423 821,1424 848,1426 875,1426 902,1428 929,1428 956,1430 983,1430 1010,1431 1037,1431 1064,1430 1092,1429"/>
                <TextEquiv>
                    <Unicode>Vertretungen</Unicode>
                </TextEquiv>
            </TextLine>
            <TextLine id="r1l8" custom="readingOrder {index:7;}">
                <Coords points="382,1472 1491,1486 1434,1442 1296,1429 1050,1457 442,1424 382,1457"/>
                <Baseline points="390,1472 444,1473 499,1473 554,1473 608,1473 663,1474 718,1474 772,1474 827,1474 882,1475 937,1475 991,1475 1046,1475 1101,1476 1155,1476 1210,1476 1265,1477 1319,1477 1374,1477 1429,1477 1484,1478"/>
                <TextEquiv>
                    <Unicode>in Berlin, Basel, Budapest. Chieago, Cleveland, Christiania,</Unicode>
                </TextEquiv>
            </TextLine>
            <TextLine id="r1l9" custom="readingOrder {index:8;}">
                <Coords points="390,1517 1479,1531 1479,1489 1433,1483 391,1489"/>
                <Baseline points="398,1509 451,1510 505,1511 559,1512 612,1513 666,1514 720,1515 773,1515 827,1516 881,1516 935,1516 988,1516 1042,1517 1096,1517 1149,1517 1203,1517 1257,1517 1310,1516 1364,1516 1418,1516 1472,1516"/>
                <TextEquiv>
                    <Unicode>Genf, Kopenhagen, London, Madrid, Mailand Minneapolis,</Unicode>
                </TextEquiv>
            </TextLine>
            <TextLine id="r1l10" custom="readingOrder {index:9;}">
                <Coords points="383,1561 1490,1562 1362,1520 383,1534"/>
                <Baseline points="391,1550 445,1551 500,1551 554,1552 609,1552 663,1553 718,1553 772,1553 827,1553 881,1553 936,1553 991,1553 1045,1553 1100,1553 1154,1554 1209,1554 1263,1554 1318,1554 1372,1555 1427,1555 1482,1556"/>
                <TextEquiv>
                    <Unicode>New-York, Paris, Rom, San Francisco, Stockholm, St. Peters¬</Unicode>
                </TextEquiv>
            </TextLine>
            <TextLine id="r1l11" custom="readingOrder {index:10;}">
                <Coords points="798,1602 837,1606 854,1597 884,1609 913,1595 941,1606 998,1596 1022,1610 1043,1600 1070,1609 1085,1603 1086,1572 1027,1559 1020,1566 945,1556 912,1562 898,1550 858,1565 819,1556 799,1562"/>
                <Baseline points="806,1587 833,1590 860,1591 887,1592 914,1592 942,1592 969,1592 996,1592 1023,1592 1050,1593 1078,1595"/>
                <TextEquiv>
                    <Unicode>burg, Toronto.</Unicode>
                </TextEquiv>
            </TextLine>
            <TextLine id="r1l12" custom="readingOrder {index:11;}">
                <Coords points="463,1610 483,1614 512,1601 534,1612 564,1608 582,1617 610,1608 627,1618 662,1607 684,1621 688,1559 659,1562 633,1552 598,1580 561,1572 547,1581 493,1550 467,1553"/>
                <Baseline points="472,1595 497,1596 523,1598 549,1600 575,1602 600,1604 626,1606 652,1607 678,1607"/>
                <TextEquiv>
                    <Unicode>6—UR. 190</Unicode>
                </TextEquiv>
            </TextLine>
            <TextLine id="r1l13" custom="readingOrder {index:12;}">
                <Coords points="702,1633 805,1649 963,1637 1121,1660 1164,1653 1165,1596 1012,1613 856,1599 844,1611 802,1591 702,1613"/>
                <Baseline points="709,1627 735,1629 761,1631 788,1632 814,1633 840,1633 867,1634 893,1634 919,1634 946,1635 972,1635 998,1635 1025,1635 1051,1635 1077,1635 1104,1635 1130,1636 1157,1636"/>
                <TextEquiv>
                    <Unicode>(Quellenangabe ohne Gewähr).</Unicode>
                </TextEquiv>
            </TextLine>
            <TextLine id="r1l14" custom="readingOrder {index:13;}">
                <Coords points="384,1739 422,1752 478,1717 531,1759 580,1746 603,1756 681,1721 739,1730 780,1717 769,1670 632,1676 589,1656 527,1683 434,1669 383,1678"/>
                <Baseline points="392,1734 417,1728 442,1724 468,1720 493,1718 519,1716 544,1715 569,1715 595,1715 620,1715 646,1716 671,1717 696,1717 722,1717 747,1717 773,1716"/>
                <TextEquiv>
                    <Unicode>Ausgehnitt aus:</Unicode>
                </TextEquiv>
            </TextLine>
            <TextLine id="r1l15" custom="readingOrder {index:14;}">
                <Coords points="444,1760 453,1761 459,1758 470,1768 474,1765 480,1767 483,1764 492,1767 503,1766 505,1724 488,1725 481,1718 472,1720 468,1716 447,1715"/>
                <Baseline points="453,1740 497,1742"/>
                <TextEquiv>
                    <Unicode>—0</Unicode>
                </TextEquiv>
            </TextLine>
            <TextLine id="r1l16" custom="readingOrder {index:15;}">
                <Coords points="1014,1812 1044,1808 1080,1835 1137,1818 1253,1830 1320,1814 1373,1823 1386,1817 1387,1735 1363,1742 1300,1713 1236,1750 1198,1737 1124,1752 1080,1724 1048,1745 1015,1742"/>
                <Baseline points="1022,1806 1047,1806 1073,1805 1098,1805 1124,1805 1149,1805 1175,1805 1200,1805 1226,1806 1251,1806 1277,1807 1302,1807 1328,1808 1353,1809 1379,1809"/>
                <TextEquiv>
                    <Unicode>encourier</Unicode>
                </TextEquiv>
            </TextLine>
            <TextLine id="r1l17" custom="readingOrder {index:16;}">
                <Coords points="392,1816 416,1816 426,1825 441,1820 447,1825 527,1824 542,1812 557,1811 559,1768 544,1766 529,1779 504,1785 486,1781 475,1790 461,1785 441,1790 422,1772 407,1779 393,1777"/>
                <Baseline points="399,1818 424,1818 449,1819 474,1819 499,1820 524,1822 549,1826"/>
                <TextEquiv>
                    <Unicode>vom:</Unicode>
                </TextEquiv>
            </TextLine>
            <TextLine id="r1l18" custom="readingOrder {index:17;}">
                <Coords points="447,1938 631,1952 1063,1909 1174,1927 1171,1878 1126,1874 445,1914"/>
                <Baseline points="454,1944 489,1943 525,1940 560,1938 596,1937 631,1935 667,1932 702,1931 738,1929 773,1926 809,1924 845,1922 880,1920 916,1918 951,1916 987,1914 1022,1912 1058,1910 1093,1908 1129,1907 1165,1905"/>
                <TextEquiv>
                    <Unicode>Aus Mannheim schreibt man uns:</Unicode>
                </TextEquiv>
            </TextLine>
            <TextLine id="r1l19" custom="readingOrder {index:18;}">
                <Coords points="448,1990 712,1992 881,1952 1089,1972 1458,1922 1389,1889 1175,1933 1061,1911 446,1950"/>
                <Baseline points="456,1983 505,1982 555,1980 605,1977 655,1975 704,1973 754,1970 804,1968 854,1965 903,1962 953,1959 1003,1956 1053,1954 1102,1951 1152,1949 1202,1947 1252,1944 1301,1942 1351,1940 1401,1938 1451,1937"/>
                <TextEquiv>
                    <Unicode>Endlich kommen in dieser Saison an unserem</Unicode>
                </TextEquiv>
            </TextLine>
            <TextLine id="r1l20" custom="readingOrder {index:19;}">
                <Coords points="406,2045 1173,1987 1483,2001 1481,1963 1380,1939 404,2002"/>
                <Baseline points="413,2029 466,2026 519,2024 572,2021 625,2018 678,2015 731,2012 784,2009 837,2006 890,2003 944,2000 997,1998 1050,1995 1103,1993 1156,1991 1209,1989 1262,1988 1315,1987 1368,1987 1421,1986 1475,1987"/>
                <TextEquiv>
                    <Unicode>[Hoftheater auch die Modernen zu ihrem Recht,##</Unicode>
                </TextEquiv>
            </TextLine>
            <TextLine id="r1l21" custom="readingOrder {index:20;}">
                <Coords points="412,2075 1447,2032 1489,2025 1487,1986 410,2044"/>
                <Baseline points="419,2068 472,2067 525,2064 578,2062 631,2059 684,2056 737,2053 790,2051 843,2048 896,2045 950,2043 1003,2039 1056,2037 1109,2034 1162,2032 1215,2029 1268,2027 1321,2024 1374,2022 1427,2021 1481,2019"/>
                <TextEquiv>
                    <Unicode>nachdem Grillparzers „Weh dem, der lügt" und</Unicode>
                </TextEquiv>
            </TextLine>
            <TextLine id="r1l22" custom="readingOrder {index:21;}">
                <Coords points="422,2123 1037,2070 1448,2078 1472,2045 1320,2019 419,2076"/>
                <Baseline points="429,2112 480,2109 532,2106 584,2104 636,2101 688,2098 739,2095 791,2092 843,2089 895,2086 947,2083 998,2081 1050,2077 1102,2074 1154,2072 1206,2069 1257,2067 1309,2065 1361,2062 1413,2060 1465,2058"/>
                <TextEquiv>
                    <Unicode>Ibsens „Die Frau vom Meere“ hier jetzt erst ihreß.</Unicode>
                </TextEquiv>
            </TextLine>
            <TextLine id="r1l23" custom="readingOrder {index:22;}">
                <Coords points="410,2160 1472,2114 1469,2069 1334,2065 408,2118"/>
                <Baseline points="417,2151 469,2149 521,2147 574,2144 626,2142 678,2139 731,2136 783,2133 835,2130 888,2128 940,2125 992,2122 1045,2118 1097,2116 1149,2113 1202,2110 1254,2108 1306,2105 1359,2104 1411,2102 1464,2099"/>
                <TextEquiv>
                    <Unicode>Premiere erleben durften. Arthur Schnitzlerst</Unicode>
                </TextEquiv>
            </TextLine>
            <TextLine id="r1l24" custom="readingOrder {index:23;}">
                <Coords points="422,2201 1478,2153 1451,2098 420,2168"/>
                <Baseline points="429,2193 481,2190 533,2187 585,2185 637,2182 689,2179 741,2176 793,2173 845,2169 897,2167 949,2164 1001,2161 1053,2158 1105,2155 1157,2152 1209,2150 1261,2147 1313,2146 1365,2144 1417,2142 1470,2140"/>
                <TextEquiv>
                    <Unicode>einaktige Studie „Der Puppenspieler“ und</Unicode>
                </TextEquiv>
            </TextLine>
            <TextLine id="r1l25" custom="readingOrder {index:24;}">
                <Coords points="420,2238 1466,2180 1333,2141 418,2205"/>
                <Baseline points="427,2233 478,2231 530,2229 581,2226 633,2224 685,2220 736,2218 788,2215 839,2212 891,2210 943,2206 994,2203 1046,2200 1097,2197 1149,2195 1201,2191 1252,2188 1304,2186 1355,2183 1407,2181 1459,2178"/>
                <TextEquiv>
                    <Unicode>die dreiaktige Komödie „Untren“ von Robert,</Unicode>
                </TextEquiv>
            </TextLine>
            <TextLine id="r1l26" custom="readingOrder {index:25;}">
                <Coords points="423,2280 1432,2231 1443,2178 421,2238"/>
                <Baseline points="430,2274 480,2272 530,2270 581,2268 631,2265 681,2262 732,2260 782,2257 832,2254 883,2251 933,2248 983,2246 1034,2243 1084,2240 1134,2237 1185,2234 1235,2231 1285,2229 1336,2226 1386,2223 1437,2220"/>
                <TextEquiv>
                    <Unicode>Bracco, aus dem Italienischen von Otto Eisen¬</Unicode>
                </TextEquiv>
            </TextLine>
            <TextLine id="r1l27" custom="readingOrder {index:26;}">
                <Coords points="414,2337 1197,2275 1452,2288 1448,2231 1415,2226 411,2279"/>
                <Baseline points="420,2318 471,2315 522,2313 573,2311 624,2308 675,2305 726,2302 778,2299 829,2295 880,2293 931,2290 982,2287 1033,2284 1084,2281 1136,2278 1187,2275 1238,2272 1289,2270 1340,2267 1391,2265 1443,2263"/>
                <TextEquiv>
                    <Unicode>schütz gingen hier erstmals in Szene. Schnitzler ist</Unicode>
                </TextEquiv>
            </TextLine>
            <TextLine id="r1l28" custom="readingOrder {index:27;}">
                <Coords points="409,2357 1449,2321 1446,2279 1405,2269 407,2324"/>
                <Baseline points="417,2360 468,2358 519,2355 570,2352 621,2350 673,2346 724,2343 775,2341 826,2338 877,2334 929,2332 980,2329 1031,2325 1082,2322 1133,2320 1185,2317 1236,2314 1287,2311 1338,2309 1389,2306 1441,2304"/>
                <TextEquiv>
                    <Unicode>vorsichtig in der Bezeichnung seines Werkes als</Unicode>
                </TextEquiv>
            </TextLine>
            <TextLine id="r1l29" custom="readingOrder {index:28;}">
                <Coords points="428,2415 1431,2355 1458,2301 426,2379"/>
                <Baseline points="435,2404 485,2400 536,2395 587,2391 638,2387 689,2385 740,2381 791,2378 842,2375 893,2373 944,2371 994,2368 1045,2366 1096,2364 1147,2362 1198,2359 1249,2356 1300,2353 1351,2351 1402,2348 1453,2344"/>
                <TextEquiv>
                    <Unicode>„Studie", es ist jedenfalls eine, die als solche eine</Unicode>
                </TextEquiv>
            </TextLine>
            <TextLine id="r1l30" custom="readingOrder {index:29;}">
                <Coords points="426,2451 1317,2413 1456,2397 1454,2363 423,2408"/>
                <Baseline points="433,2447 483,2442 534,2437 585,2433 635,2430 686,2426 737,2423 787,2420 838,2418 889,2415 940,2413 990,2411 1041,2409 1092,2406 1142,2404 1193,2402 1244,2398 1294,2395 1345,2392 1396,2388 1447,2384"/>
                <TextEquiv>
                    <Unicode>geistvolle, reife Arbeit bedeutet. Mit der ihm eigenen</Unicode>
                </TextEquiv>
            </TextLine>
            <TextLine id="r1l31" custom="readingOrder {index:30;}">
                <Coords points="428,2481 1416,2439 1450,2436 1448,2397 426,2451"/>
                <Baseline points="435,2486 485,2481 535,2478 586,2474 636,2471 687,2468 737,2465 787,2462 838,2459 888,2457 939,2454 989,2452 1039,2449 1090,2448 1140,2444 1191,2443 1241,2440 1291,2437 1342,2433 1392,2429 1443,2426"/>
                <TextEquiv>
                    <Unicode>seinen Menschenbeobachtung zeichnet er einen etwas</Unicode>
                </TextEquiv>
            </TextLine>
            <TextLine id="r1l32" custom="readingOrder {index:31;}">
                <Coords points="436,2526 1448,2480 1457,2423 434,2493"/>
                <Baseline points="444,2524 494,2521 544,2518 595,2515 645,2512 696,2509 746,2506 796,2504 847,2500 897,2497 948,2494 998,2491 1048,2488 1099,2486 1149,2483 1200,2480 1250,2478 1300,2475 1351,2473 1401,2471 1452,2469"/>
                <TextEquiv>
                    <Unicode>verkommenen, sich absolut frei dünkenden Künstler, der</Unicode>
                </TextEquiv>
            </TextLine>
            <TextLine id="r1l33" custom="readingOrder {index:32;}">
                <Coords points="439,2570 1460,2515 1458,2478 1420,2474 437,2531"/>
                <Baseline points="446,2565 496,2562 546,2559 596,2557 647,2554 697,2551 747,2548 798,2545 848,2542 898,2539 949,2536 999,2533 1049,2530 1099,2527 1150,2525 1200,2522 1250,2519 1301,2516 1351,2514 1401,2511 1452,2509"/>
                <TextEquiv>
                    <Unicode>statt mit den Figuren seiner Fantasie zu arbeiten, mit</Unicode>
                </TextEquiv>
            </TextLine>
            <TextLine id="r1l34" custom="readingOrder {index:33;}">
                <Coords points="432,2607 1444,2557 1442,2515 1405,2515 431,2578"/>
                <Baseline points="439,2605 488,2603 538,2600 588,2596 638,2594 688,2591 738,2588 787,2586 837,2583 887,2581 937,2578 987,2576 1037,2574 1087,2571 1136,2569 1186,2566 1236,2563 1286,2560 1336,2558 1386,2555 1436,2551"/>
                <TextEquiv>
                    <Unicode>lebenden menschlichen Puppen zu spielen glaubt. In</Unicode>
                </TextEquiv>
            </TextLine>
            <TextLine id="r1l35" custom="readingOrder {index:34;}">
                <Coords points="442,2648 1372,2613 1448,2599 1446,2555 440,2610"/>
                <Baseline points="449,2641 498,2639 548,2637 597,2634 647,2632 696,2631 746,2628 795,2626 845,2624 894,2622 944,2620 994,2617 1043,2615 1093,2612 1142,2610 1192,2607 1241,2604 1291,2601 1340,2597 1390,2595 1440,2591"/>
                <TextEquiv>
                    <Unicode>diesem Wahne ist er glücklich, wenn er auch nicht sieht,</Unicode>
                </TextEquiv>
            </TextLine>
            <TextLine id="r1l36" custom="readingOrder {index:35;}">
                <Coords points="433,2705 1355,2652 1459,2639 1457,2594 827,2650 768,2622 512,2655 429,2632"/>
                <Baseline points="439,2684 489,2682 540,2679 590,2677 641,2674 692,2672 742,2670 793,2668 843,2666 894,2663 945,2661 995,2658 1046,2656 1096,2654 1147,2651 1198,2648 1248,2645 1299,2642 1349,2639 1400,2636 1451,2632"/>
                <TextEquiv>
                    <Unicode>daß nicht er mit den „Puppen“, sondern das Schicksal</Unicode>
                </TextEquiv>
            </TextLine>
            <TextLine id="r1l37" custom="readingOrder {index:36;}">
                <Coords points="430,2743 825,2696 1462,2689 1440,2636 428,2707"/>
                <Baseline points="437,2729 487,2726 538,2721 589,2717 640,2714 691,2711 742,2709 792,2706 843,2705 894,2702 945,2700 996,2698 1047,2696 1098,2694 1148,2692 1199,2689 1250,2687 1301,2683 1352,2680 1403,2677 1454,2673"/>
                <TextEquiv>
                    <Unicode>[mit ihm spielt. — In eine andere an sich ziemlich</Unicode>
                </TextEquiv>
            </TextLine>
            <TextLine id="r1l38" custom="readingOrder {index:37;}">
                <Coords points="440,2775 805,2746 1017,2768 1471,2713 1422,2677 1209,2682 438,2743"/>
                <Baseline points="447,2771 497,2768 548,2764 599,2760 650,2757 701,2754 751,2751 802,2748 853,2745 904,2743 955,2741 1005,2738 1056,2736 1107,2734 1158,2731 1209,2729 1259,2726 1310,2724 1361,2721 1412,2718 1463,2715"/>
                <TextEquiv>
                    <Unicode>abgegraste Sphäre führt die bekannte Bracco'schel</Unicode>
                </TextEquiv>
            </TextLine>
            <TextLine id="r1l39" custom="readingOrder {index:38;}">
                <Coords points="450,2811 490,2823 619,2797 642,2813 733,2793 831,2800 897,2770 896,2755 857,2747 709,2769 662,2759 626,2778 575,2764 508,2781 448,2771"/>
                <Baseline points="457,2807 482,2807 508,2806 533,2805 559,2804 584,2803 610,2801 635,2800 661,2798 686,2796 712,2795 737,2793 763,2791 788,2791 814,2789 839,2788 865,2787 891,2787"/>
                <TextEquiv>
                    <Unicode>Komödie „Untren“</Unicode>
                </TextEquiv>
            </TextLine>
            <TextLine id="r1l40" custom="readingOrder {index:39;}">
                <Coords points="502,2845 1483,2799 1459,2737 1358,2774 1230,2755 501,2813"/>
                <Baseline points="509,2843 557,2842 605,2840 653,2839 702,2837 750,2835 798,2833 847,2831 895,2828 943,2827 992,2825 1040,2822 1088,2819 1136,2817 1185,2814 1233,2811 1281,2808 1330,2805 1378,2803 1426,2799 1475,2796"/>
                <TextEquiv>
                    <Unicode>Die Aufführungen, bei denen unser neuer Intendant</Unicode>
                </TextEquiv>
            </TextLine>
            <TextLine id="r1l41" custom="readingOrder {index:40;}">
                <Coords points="448,2893 1383,2855 1479,2837 1480,2809 446,2848"/>
                <Baseline points="455,2887 505,2886 556,2884 607,2882 658,2880 709,2878 760,2876 811,2874 862,2871 913,2870 964,2867 1014,2865 1065,2863 1116,2860 1167,2857 1218,2855 1269,2852 1320,2849 1371,2846 1422,2843 1473,2840"/>
                <TextEquiv>
                    <Unicode>Herr Dr. Hagemann zum ersten Male hier seine!</Unicode>
                </TextEquiv>
            </TextLine>
            <TextLine id="r1l42" custom="readingOrder {index:41;}">
                <Coords points="443,2928 1478,2882 1468,2837 442,2890"/>
                <Baseline points="451,2935 502,2931 553,2928 604,2925 655,2922 706,2920 757,2917 808,2916 859,2913 910,2911 961,2909 1012,2906 1063,2904 1114,2902 1165,2899 1216,2896 1267,2893 1318,2889 1369,2885 1420,2881 1471,2876"/>
                <TextEquiv>
                    <Unicode>Regiekunst versuchte, waren von freundlichem Beifall</Unicode>
                </TextEquiv>
            </TextLine>
            <TextLine id="r1l43" custom="readingOrder {index:42;}">
                <Coords points="450,2973 1449,2936 1472,2885 664,2918 626,2947 448,2931"/>
                <Baseline points="458,2973 508,2971 558,2968 609,2966 659,2963 710,2961 760,2959 811,2956 861,2954 912,2952 962,2949 1012,2947 1063,2944 1113,2942 1164,2939 1214,2937 1265,2934 1315,2931 1366,2928 1416,2925 1467,2921"/>
                <TextEquiv>
                    <Unicode>begleitet. Man fühlte sehr wohl den Unterschied in</Unicode>
                </TextEquiv>
            </TextLine>
            <TextLine id="r1l44" custom="readingOrder {index:43;}">
                <Coords points="454,3020 1481,2967 1409,2926 452,2977"/>
                <Baseline points="461,3013 511,3010 562,3008 612,3005 663,3003 714,3000 764,2997 815,2996 865,2993 916,2990 967,2988 1017,2986 1068,2983 1118,2981 1169,2978 1220,2976 1270,2973 1321,2971 1371,2969 1422,2966 1473,2963"/>
                <TextEquiv>
                    <Unicode>der Stimmung, die über den einzelnen Szenen lag,</Unicode>
                </TextEquiv>
            </TextLine>
            <TextLine id="r1l45" custom="readingOrder {index:44;}">
                <Coords points="444,3044 845,3057 1484,2999 1482,2967 1417,2966 443,3015"/>
                <Baseline points="453,3058 504,3054 555,3050 606,3046 657,3043 709,3040 760,3037 811,3035 862,3032 913,3029 965,3027 1016,3025 1067,3023 1118,3021 1169,3019 1221,3016 1272,3013 1323,3011 1374,3008 1425,3005 1477,3002"/>
                <TextEquiv>
                    <Unicode>wenn auch die Schauspieler noch nicht ganz diesen</Unicode>
                </TextEquiv>
            </TextLine>
            <TextLine id="r1l46" custom="readingOrder {index:45;}">
                <Coords points="457,3101 1475,3041 1442,3009 455,3052"/>
                <Baseline points="465,3097 515,3094 565,3091 615,3089 665,3086 715,3083 765,3080 816,3078 866,3074 916,3072 966,3069 1016,3067 1066,3064 1116,3062 1167,3058 1217,3056 1267,3053 1317,3051 1367,3049 1417,3046 1468,3044"/>
                <TextEquiv>
                    <Unicode>Intentionen folgen konnten. Doch sei gerne an¬</Unicode>
                </TextEquiv>
            </TextLine>
            <TextLine id="r1l47" custom="readingOrder {index:46;}">
                <Coords points="453,3145 1486,3091 1484,3054 1385,3047 452,3119"/>
                <Baseline points="461,3137 511,3135 562,3133 613,3131 664,3129 715,3126 766,3124 817,3121 868,3118 919,3114 970,3112 1020,3109 1071,3105 1122,3102 1173,3099 1224,3097 1275,3094 1326,3091 1377,3089 1428,3087 1479,3085"/>
                <TextEquiv>
                    <Unicode>erkannt, daß jeder seine ganze Kraft zum Gelingen</Unicode>
                </TextEquiv>
            </TextLine>
            <TextLine id="r1l48" custom="readingOrder {index:47;}">
                <Coords points="452,3178 517,3190 543,3171 601,3185 841,3166 861,3160 860,3127 450,3145"/>
                <Baseline points="459,3177 485,3175 511,3174 537,3173 564,3172 590,3172 616,3170 642,3170 669,3169 695,3168 721,3167 747,3165 774,3163 800,3161 826,3158 853,3154"/>
                <TextEquiv>
                    <Unicode>des Werkes einsetzte.</Unicode>
                </TextEquiv>
            </TextLine>
            <TextLine id="r1l49" custom="readingOrder {index:48;}">
                <Coords points="522,3225 1333,3164 1496,3193 1493,3141 1447,3125 520,3180"/>
                <Baseline points="528,3212 578,3211 628,3209 679,3207 729,3205 780,3202 830,3200 881,3197 931,3194 982,3191 1032,3188 1083,3185 1133,3183 1184,3180 1234,3177 1285,3175 1335,3173 1386,3172 1436,3170 1487,3169"/>
                <TextEquiv>
                    <Unicode>Eugen d'Alberts „Flauto solo“ errang</Unicode>
                </TextEquiv>
            </TextLine>
            <TextLine id="r1l50" custom="readingOrder {index:49;}">
                <Coords points="459,3270 1483,3225 1480,3177 1325,3171 456,3224"/>
                <Baseline points="465,3256 515,3255 566,3253 616,3251 667,3249 717,3247 768,3245 818,3243 869,3241 919,3239 970,3236 1020,3233 1071,3230 1121,3228 1172,3225 1222,3222 1273,3219 1323,3216 1374,3212 1424,3209 1475,3206"/>
                <TextEquiv>
                    <Unicode>bei seiner Erstaufführung am 4. d. einen vollen, un¬</Unicode>
                </TextEquiv>
            </TextLine>
            <TextLine id="r1l51" custom="readingOrder {index:50;}">
                <Coords points="474,3303 1493,3264 1490,3219 1454,3217 472,3260"/>
                <Baseline points="481,3297 531,3295 581,3294 631,3292 681,3290 731,3289 781,3286 832,3285 882,3282 932,3280 982,3278 1032,3276 1082,3273 1132,3270 1183,3267 1233,3264 1283,3261 1333,3258 1383,3255 1433,3252 1484,3248"/>
                <TextEquiv>
                    <Unicode>bestrittenen Erfolg, der sowohl dem reizenden, ge¬</Unicode>
                </TextEquiv>
            </TextLine>
            <TextLine id="r1l52" custom="readingOrder {index:51;}">
                <Coords points="482,3351 1489,3298 1458,3254 480,3306"/>
                <Baseline points="489,3340 538,3338 588,3335 637,3333 687,3331 737,3329 786,3327 836,3325 885,3322 935,3320 985,3317 1034,3314 1084,3311 1133,3309 1183,3306 1233,3303 1282,3300 1332,3297 1381,3295 1431,3292 1481,3288"/>
                <TextEquiv>
                    <Unicode>schmackvollen Libretto (Hans von Wolzogen),</Unicode>
                </TextEquiv>
            </TextLine>
            <TextLine id="r1l53" custom="readingOrder {index:52;}">
                <Coords points="475,3399 1497,3332 1484,3292 473,3356"/>
                <Baseline points="481,3383 531,3379 581,3377 632,3375 682,3372 732,3370 783,3367 833,3366 883,3364 934,3362 984,3359 1034,3357 1085,3354 1135,3352 1185,3349 1236,3346 1286,3342 1336,3338 1387,3334 1437,3329 1488,3324"/>
                <TextEquiv>
                    <Unicode>als vor allem der graziösen, liebenswürdigen Musik</Unicode>
                </TextEquiv>
            </TextLine>
            <TextLine id="r1l54" custom="readingOrder {index:53;}">
                <Coords points="480,3432 1494,3380 1482,3334 479,3402"/>
                <Baseline points="488,3425 537,3422 587,3419 637,3417 687,3414 737,3412 787,3409 837,3407 887,3405 937,3403 987,3401 1036,3399 1086,3396 1136,3393 1186,3390 1236,3387 1286,3384 1336,3380 1386,3375 1436,3370 1486,3365"/>
                <TextEquiv>
                    <Unicode>galt, die unter der Leitung des Hofkapellmeisters</Unicode>
                </TextEquiv>
            </TextLine>
            <TextLine id="r1l55" custom="readingOrder {index:54;}">
                <Coords points="482,3464 1454,3427 1506,3416 1506,3381 480,3433"/>
                <Baseline points="489,3459 539,3457 590,3455 640,3453 691,3451 741,3449 792,3447 842,3446 893,3444 943,3441 994,3439 1045,3437 1095,3435 1146,3432 1196,3430 1247,3427 1297,3424 1348,3421 1398,3417 1449,3414 1500,3410"/>
                <TextEquiv>
                    <Unicode>Camillo Hildebrand zum wirksamsten Aus¬</Unicode>
                </TextEquiv>
            </TextLine>
            <TextLine id="r1l56" custom="readingOrder {index:55;}">
                <Coords points="471,3536 516,3504 1465,3470 1502,3419 713,3475 467,3460"/>
                <Baseline points="477,3503 530,3501 584,3499 637,3497 691,3495 745,3492 798,3491 852,3488 906,3486 959,3483 1013,3480 1066,3478 1120,3475 1174,3472 1227,3469 1281,3466 1335,3463 1388,3459 1442,3456 1496,3452"/>
                <TextEquiv>
                    <Unicode>druck kam. Die Darsteller waren vortrefflich. Vor¬</Unicode>
                </TextEquiv>
            </TextLine>
            <TextLine id="r1l57" custom="readingOrder {index:56;}">
                <Coords points="482,3553 1506,3499 1504,3462 1436,3458 1202,3496 480,3512"/>
                <Baseline points="489,3546 539,3545 590,3544 640,3541 691,3540 741,3538 792,3535 842,3533 893,3530 943,3528 994,3524 1044,3521 1095,3518 1145,3515 1196,3511 1246,3508 1297,3504 1347,3501 1398,3498 1448,3495 1499,3492"/>
                <TextEquiv>
                    <Unicode>aus ging neueinstudiert d'Alberts „Abreise", das</Unicode>
                </TextEquiv>
            </TextLine>
            <TextLine id="r1l58" custom="readingOrder {index:57;}">
                <Coords points="1294,3562 1387,3561 1404,3548 1419,3555 1448,3537 1464,3541 1464,3511 1428,3507 1413,3498 1382,3517 1359,3505 1310,3515 1295,3512"/>
                <Baseline points="1302,3543 1327,3541 1353,3541 1379,3540 1405,3541 1431,3542 1457,3544"/>
                <TextEquiv>
                    <Unicode>A. L.</Unicode>
                </TextEquiv>
            </TextLine>
            <TextLine id="r1l59" custom="readingOrder {index:58;}">
                <Coords points="463,3622 1124,3585 1121,3534 1100,3526 460,3563"/>
                <Baseline points="469,3600 501,3597 533,3593 565,3591 598,3588 630,3586 662,3584 695,3582 727,3580 759,3578 792,3576 824,3575 856,3573 888,3572 921,3571 953,3570 985,3569 1018,3568 1050,3567 1082,3566 1115,3566"/>
                <TextEquiv>
                    <Unicode>gleichfalls starken Beifall errang.</Unicode>
                </TextEquiv>
            </TextLine>
            <TextEquiv>
                <Unicode>17.1. Der Punnenspieler
Telephon 12801.
9
„UBSEAGEK
I. österr. behördl. konz. Unternehmen für Zeitungs-Aussohnitte
Wien, I., Concordiaplatz 4.
Vertretungen
in Berlin, Basel, Budapest. Chieago, Cleveland, Christiania,
Genf, Kopenhagen, London, Madrid, Mailand Minneapolis,
New-York, Paris, Rom, San Francisco, Stockholm, St. Peters¬
burg, Toronto.
6—UR. 190
(Quellenangabe ohne Gewähr).
Ausgehnitt aus:
—0
encourier
vom:
Aus Mannheim schreibt man uns:
Endlich kommen in dieser Saison an unserem
[Hoftheater auch die Modernen zu ihrem Recht,##
nachdem Grillparzers „Weh dem, der lügt" und
Ibsens „Die Frau vom Meere“ hier jetzt erst ihreß.
Premiere erleben durften. Arthur Schnitzlerst
einaktige Studie „Der Puppenspieler“ und
die dreiaktige Komödie „Untren“ von Robert,
Bracco, aus dem Italienischen von Otto Eisen¬
schütz gingen hier erstmals in Szene. Schnitzler ist
vorsichtig in der Bezeichnung seines Werkes als
„Studie", es ist jedenfalls eine, die als solche eine
geistvolle, reife Arbeit bedeutet. Mit der ihm eigenen
seinen Menschenbeobachtung zeichnet er einen etwas
verkommenen, sich absolut frei dünkenden Künstler, der
statt mit den Figuren seiner Fantasie zu arbeiten, mit
lebenden menschlichen Puppen zu spielen glaubt. In
diesem Wahne ist er glücklich, wenn er auch nicht sieht,
daß nicht er mit den „Puppen“, sondern das Schicksal
[mit ihm spielt. — In eine andere an sich ziemlich
abgegraste Sphäre führt die bekannte Bracco'schel
Komödie „Untren“
Die Aufführungen, bei denen unser neuer Intendant
Herr Dr. Hagemann zum ersten Male hier seine!
Regiekunst versuchte, waren von freundlichem Beifall
begleitet. Man fühlte sehr wohl den Unterschied in
der Stimmung, die über den einzelnen Szenen lag,
wenn auch die Schauspieler noch nicht ganz diesen
Intentionen folgen konnten. Doch sei gerne an¬
erkannt, daß jeder seine ganze Kraft zum Gelingen
des Werkes einsetzte.
Eugen d'Alberts „Flauto solo“ errang
bei seiner Erstaufführung am 4. d. einen vollen, un¬
bestrittenen Erfolg, der sowohl dem reizenden, ge¬
schmackvollen Libretto (Hans von Wolzogen),
als vor allem der graziösen, liebenswürdigen Musik
galt, die unter der Leitung des Hofkapellmeisters
Camillo Hildebrand zum wirksamsten Aus¬
druck kam. Die Darsteller waren vortrefflich. Vor¬
aus ging neueinstudiert d'Alberts „Abreise", das
A. L.
gleichfalls starken Beifall errang.</Unicode>
            </TextEquiv>
        </TextRegion>
        <TextRegion orientation="0.0" id="r2" custom="readingOrder {index:1;}">
            <Coords points="1527,253 1527,3124 3008,3124 3008,253"/>
            <TextLine id="r2l1" custom="readingOrder {index:0;}">
                <Coords points="1520,305 1668,285 1763,308 1824,285 1901,303 1993,290 2003,233 1923,211 1878,226 1834,212 1731,250 1707,232 1671,246 1596,221 1555,245 1519,241"/>
                <Baseline points="1527,284 1553,281 1579,279 1605,278 1631,277 1657,277 1683,277 1709,277 1735,278 1761,278 1787,279 1813,279 1839,279 1865,279 1891,279 1917,278 1943,277 1969,275 1995,273"/>
                <TextEquiv>
                    <Unicode>box 22/6</Unicode>
                </TextEquiv>
            </TextLine>
            <TextLine id="r2l2" custom="readingOrder {index:1;}">
                <Coords points="2506,1643 2550,1664 2599,1667 2841,1664 2877,1653 2877,1629 2820,1605 2807,1616 2739,1614 2707,1632 2640,1629 2592,1610 2506,1632"/>
                <Baseline points="2514,1656 2539,1657 2564,1657 2590,1657 2615,1657 2641,1657 2666,1657 2692,1656 2717,1656 2742,1656 2768,1656 2793,1656 2819,1657 2844,1657 2870,1658"/>
                <TextEquiv>
                    <Unicode>Telephon 12801.</Unicode>
                </TextEquiv>
            </TextLine>
            <TextLine id="r2l3" custom="readingOrder {index:2;}">
                <Coords points="2635,1755 2645,1756 2663,1740 2672,1741 2682,1750 2698,1748 2710,1753 2729,1737 2737,1738 2747,1730 2754,1730 2753,1704 2741,1704 2730,1694 2693,1698 2680,1691 2670,1697 2659,1693 2654,1697 2633,1697"/>
                <Baseline points="2643,1745 2669,1738 2695,1737 2721,1738 2747,1737"/>
                <TextEquiv>
                    <Unicode>95</Unicode>
                </TextEquiv>
            </TextLine>
            <TextLine id="r2l4" custom="readingOrder {index:3;}">
                <Coords points="2001,1794 2037,1813 2152,1783 2422,1807 2531,1784 2588,1804 2705,1782 2705,1748 2343,1761 2270,1726 2234,1745 2183,1717 2089,1716 2001,1771"/>
                <Baseline points="2008,1797 2042,1792 2076,1787 2111,1784 2145,1781 2180,1780 2214,1780 2249,1780 2283,1781 2318,1782 2352,1784 2386,1786 2421,1788 2455,1789 2490,1790 2524,1791 2559,1792 2593,1792 2628,1791 2662,1789 2697,1787"/>
                <TextEquiv>
                    <Unicode>„USSEMVER</Unicode>
                </TextEquiv>
            </TextLine>
            <TextLine id="r2l5" custom="readingOrder {index:4;}">
                <Coords points="1822,1841 2918,1846 2918,1809 2850,1786 1822,1807"/>
                <Baseline points="1829,1838 1883,1837 1937,1837 1991,1837 2045,1837 2099,1837 2153,1838 2207,1838 2261,1838 2315,1839 2370,1839 2424,1840 2478,1840 2532,1840 2586,1840 2640,1840 2694,1840 2748,1839 2802,1839 2856,1837 2911,1836"/>
                <TextEquiv>
                    <Unicode>I. österr. behördl. konz. Unternehmen für Zeitungs-Ausschnitte</Unicode>
                </TextEquiv>
            </TextLine>
            <TextLine id="r2l6" custom="readingOrder {index:5;}">
                <Coords points="2011,1915 2714,1919 2744,1910 2744,1852 2011,1865"/>
                <Baseline points="2018,1901 2053,1901 2089,1902 2125,1902 2161,1902 2197,1903 2233,1903 2269,1903 2305,1903 2341,1903 2377,1903 2412,1904 2448,1903 2484,1903 2520,1903 2556,1903 2592,1903 2628,1902 2664,1902 2700,1901 2736,1901"/>
                <TextEquiv>
                    <Unicode>Wien, I., Concordiaplatz 4.</Unicode>
                </TextEquiv>
            </TextLine>
            <TextLine id="r2l7" custom="readingOrder {index:6;}">
                <Coords points="2227,1954 2242,1950 2284,1978 2311,1963 2465,1978 2536,1958 2536,1946 2512,1946 2475,1916 2449,1912 2392,1931 2366,1920 2347,1932 2326,1921 2305,1932 2246,1921 2227,1929"/>
                <Baseline points="2234,1957 2260,1958 2287,1958 2314,1958 2340,1958 2367,1958 2394,1958 2421,1958 2447,1958 2474,1959 2501,1959 2528,1959"/>
                <TextEquiv>
                    <Unicode>Vertretungen</Unicode>
                </TextEquiv>
            </TextLine>
            <TextLine id="r2l8" custom="readingOrder {index:7;}">
                <Coords points="1817,2006 2486,2023 2663,1993 2927,2032 2927,1967 1817,1980"/>
                <Baseline points="1825,2006 1879,2007 1934,2007 1989,2007 2043,2008 2098,2008 2153,2008 2207,2008 2262,2007 2317,2007 2372,2006 2426,2006 2481,2005 2536,2005 2590,2005 2645,2004 2700,2004 2754,2003 2809,2003 2864,2003 2919,2003"/>
                <TextEquiv>
                    <Unicode>in Berlin, Budapest, Chicago, Christiania, Gen“, Kopenhagen,</Unicode>
                </TextEquiv>
            </TextLine>
            <TextLine id="r2l9" custom="readingOrder {index:8;}">
                <Coords points="1830,2055 2925,2044 2821,2010 1830,2009"/>
                <Baseline points="1838,2042 1892,2044 1946,2045 2000,2045 2054,2046 2108,2046 2162,2046 2216,2046 2270,2045 2324,2045 2378,2045 2432,2044 2486,2044 2540,2043 2594,2043 2648,2043 2702,2043 2756,2043 2810,2044 2864,2044 2918,2046"/>
                <TextEquiv>
                    <Unicode>London, Madrid, Mailand, Minneapolis, New-Vork, Paris, Rom,</Unicode>
                </TextEquiv>
            </TextLine>
            <TextLine id="r2l10" custom="readingOrder {index:9;}">
                <Coords points="1988,2095 2717,2103 2756,2094 2756,2054 1988,2057"/>
                <Baseline points="1996,2081 2033,2082 2071,2082 2108,2082 2146,2082 2184,2082 2221,2082 2259,2082 2296,2082 2334,2082 2372,2082 2409,2082 2447,2082 2484,2082 2522,2082 2560,2082 2597,2082 2635,2082 2672,2083 2710,2083 2748,2083"/>
                <TextEquiv>
                    <Unicode>San Francisco, Stockholm, St. Petersburg.</Unicode>
                </TextEquiv>
            </TextLine>
            <TextLine id="r2l11" custom="readingOrder {index:10;}">
                <Coords points="2160,2143 2194,2132 2235,2153 2305,2150 2334,2135 2349,2150 2474,2150 2525,2137 2556,2147 2579,2132 2578,2090 2159,2098"/>
                <Baseline points="2167,2122 2192,2122 2217,2121 2242,2121 2268,2120 2293,2119 2318,2119 2343,2118 2369,2118 2394,2117 2419,2117 2444,2117 2470,2117 2495,2117 2520,2118 2545,2118 2571,2119"/>
                <TextEquiv>
                    <Unicode>(Quellenangabe ohne Gewähr.)</Unicode>
                </TextEquiv>
            </TextLine>
            <TextLine id="r2l12" custom="readingOrder {index:11;}">
                <Coords points="1837,2227 1867,2237 1891,2223 1997,2223 2059,2236 2120,2216 2205,2232 2230,2224 2230,2187 2125,2178 2105,2190 2029,2156 1975,2181 1957,2167 1836,2176"/>
                <Baseline points="1844,2215 1869,2215 1894,2216 1919,2216 1944,2216 1970,2215 1995,2215 2020,2215 2045,2214 2070,2214 2096,2214 2121,2213 2146,2213 2171,2214 2196,2214 2222,2215"/>
                <TextEquiv>
                    <Unicode>Ausschnitt aus:</Unicode>
                </TextEquiv>
            </TextLine>
            <TextLine id="r2l13" custom="readingOrder {index:12;}">
                <Coords points="2183,2267 2353,2289 2445,2267 2745,2283 2864,2258 2863,2222 2811,2209 2739,2227 2651,2206 2565,2240 2503,2211 2182,2223"/>
                <Baseline points="2190,2261 2223,2262 2256,2263 2290,2265 2323,2265 2356,2265 2390,2265 2423,2264 2456,2264 2490,2263 2523,2261 2556,2261 2590,2259 2623,2258 2656,2257 2690,2256 2723,2255 2756,2254 2790,2254 2823,2253 2857,2253"/>
                <TextEquiv>
                    <Unicode>nsche Mus- u. Theater¬</Unicode>
                </TextEquiv>
            </TextLine>
            <TextLine id="r2l14" custom="readingOrder {index:13;}">
                <Coords points="1828,2310 1839,2313 1847,2309 1871,2323 1884,2316 1894,2324 1952,2324 1955,2287 1941,2281 1932,2284 1911,2280 1885,2265 1848,2281 1830,2280"/>
                <Baseline points="1835,2314 1862,2316 1890,2318 1917,2319 1945,2320"/>
                <TextEquiv>
                    <Unicode>vom</Unicode>
                </TextEquiv>
            </TextLine>
            <TextLine id="r2l15" custom="readingOrder {index:14;}">
                <Coords points="1820,2364 2712,2347 2746,2341 2745,2278 2598,2304 2479,2272 2392,2310 2243,2287 2136,2328 2043,2284 1983,2326 1819,2320"/>
                <Baseline points="1827,2347 1872,2349 1918,2351 1963,2352 2009,2353 2055,2353 2100,2353 2146,2353 2191,2353 2237,2352 2283,2351 2328,2349 2374,2348 2419,2346 2465,2344 2511,2342 2556,2339 2602,2337 2647,2334 2693,2332 2739,2328"/>
                <TextEquiv>
                    <Unicode>Kea</Unicode>
                </TextEquiv>
            </TextLine>
            <TextLine id="r2l16" custom="readingOrder {index:15;}">
                <Coords points="1871,2441 2927,2462 3013,2434 3013,2407 1871,2402"/>
                <Baseline points="1878,2435 1934,2436 1990,2437 2047,2438 2103,2439 2160,2440 2216,2441 2272,2442 2329,2442 2385,2443 2442,2443 2498,2443 2554,2444 2611,2444 2667,2444 2724,2444 2780,2443 2836,2443 2893,2443 2949,2442 3006,2441"/>
                <TextEquiv>
                    <Unicode>Mannheim. In seiner einaktigen Studie „Der Puppen¬</Unicode>
                </TextEquiv>
            </TextLine>
            <TextLine id="r2l17" custom="readingOrder {index:16;}">
                <Coords points="1810,2473 2952,2499 3004,2446 1810,2443"/>
                <Baseline points="1818,2474 1876,2475 1935,2476 1994,2477 2053,2478 2112,2480 2171,2481 2230,2482 2289,2483 2348,2484 2407,2485 2465,2486 2524,2487 2583,2487 2642,2487 2701,2487 2760,2487 2819,2486 2878,2485 2937,2484 2996,2482"/>
                <TextEquiv>
                    <Unicode>spieler“ wandelt Arthur Schnitzler in Shawschen Bahnen.</Unicode>
                </TextEquiv>
            </TextLine>
            <TextLine id="r2l18" custom="readingOrder {index:17;}">
                <Coords points="1802,2515 3003,2538 3004,2482 1803,2491"/>
                <Baseline points="1810,2513 1869,2515 1928,2516 1987,2517 2047,2519 2106,2520 2165,2521 2225,2522 2284,2523 2343,2523 2403,2524 2462,2525 2521,2525 2580,2525 2640,2526 2699,2526 2758,2526 2818,2525 2877,2525 2936,2524 2996,2523"/>
                <TextEquiv>
                    <Unicode>Das verbummelte Genie, Georg Merklin, der mit ironischem</Unicode>
                </TextEquiv>
            </TextLine>
            <TextLine id="r2l19" custom="readingOrder {index:18;}">
                <Coords points="1796,2561 3012,2567 2973,2528 1796,2512"/>
                <Baseline points="1804,2554 1864,2555 1924,2556 1984,2557 2044,2558 2104,2559 2164,2560 2224,2560 2284,2561 2344,2562 2404,2562 2464,2563 2524,2563 2584,2563 2644,2564 2704,2564 2764,2564 2824,2563 2884,2563 2944,2563 3004,2562"/>
                <TextEquiv>
                    <Unicode>Lächeln, das bittere Lebenserfahrung gezeitigt, auf die homuculi</Unicode>
                </TextEquiv>
            </TextLine>
            <TextLine id="r2l20" custom="readingOrder {index:19;}">
                <Coords points="1797,2586 3002,2600 2956,2567 1797,2561"/>
                <Baseline points="1804,2593 1863,2594 1923,2595 1982,2596 2042,2596 2101,2597 2161,2598 2220,2599 2280,2599 2339,2600 2399,2600 2458,2601 2518,2601 2577,2601 2637,2601 2696,2601 2756,2601 2815,2601 2875,2601 2934,2601 2994,2601"/>
                <TextEquiv>
                    <Unicode>und sich herum sicht, die immer nur zum Spielzeug für ihn da</Unicode>
                </TextEquiv>
            </TextLine>
            <TextLine id="r2l21" custom="readingOrder {index:20;}">
                <Coords points="1808,2630 3012,2641 2925,2600 1808,2597"/>
                <Baseline points="1816,2631 1875,2632 1934,2633 1994,2634 2053,2635 2113,2636 2172,2637 2231,2637 2291,2638 2350,2639 2410,2639 2469,2640 2528,2640 2588,2640 2647,2640 2707,2640 2766,2640 2825,2640 2885,2639 2944,2639 3004,2638"/>
                <TextEquiv>
                    <Unicode>waren und da sind, den Launen seiner Einfälle sich fügen, ohne</Unicode>
                </TextEquiv>
            </TextLine>
            <TextLine id="r2l22" custom="readingOrder {index:21;}">
                <Coords points="1809,2671 2462,2683 2462,2655 2362,2641 1810,2642"/>
                <Baseline points="1817,2671 1848,2671 1880,2671 1912,2672 1944,2672 1976,2672 2008,2673 2040,2673 2072,2673 2104,2674 2136,2674 2167,2674 2199,2675 2231,2675 2263,2676 2295,2677 2327,2677 2359,2678 2391,2679 2423,2679 2455,2680"/>
                <TextEquiv>
                    <Unicode>sich dessen bewußt zu werden —</Unicode>
                </TextEquiv>
            </TextLine>
            <TextLine id="r2l23" custom="readingOrder {index:22;}">
                <Coords points="2462,2683 3016,2683 3016,2655 2890,2639 2766,2656 2462,2647"/>
                <Baseline points="2470,2677 2496,2677 2523,2677 2550,2678 2577,2678 2604,2678 2631,2678 2658,2679 2685,2679 2712,2679 2739,2679 2765,2680 2792,2680 2819,2680 2846,2680 2873,2680 2900,2680 2927,2680 2954,2680 2981,2680 3008,2679"/>
                <TextEquiv>
                    <Unicode>was bei einem Tölpel wie</Unicode>
                </TextEquiv>
            </TextLine>
            <TextLine id="r2l24" custom="readingOrder {index:23;}">
                <Coords points="1802,2702 3003,2737 3003,2688 2917,2682 1802,2670"/>
                <Baseline points="1809,2708 1868,2709 1927,2709 1987,2711 2046,2711 2105,2712 2165,2713 2224,2714 2283,2715 2343,2716 2402,2717 2461,2718 2521,2718 2580,2719 2639,2719 2699,2718 2758,2718 2817,2717 2877,2716 2936,2714 2996,2712"/>
                <TextEquiv>
                    <Unicode>dem Oboespieler Eduard Jagisch auch gar nicht zu verwundern</Unicode>
                </TextEquiv>
            </TextLine>
            <TextLine id="r2l25" custom="readingOrder {index:24;}">
                <Coords points="1800,2748 1818,2748 1827,2756 1851,2751 1863,2756 1877,2744 1882,2747 1899,2745 1900,2730 1883,2728 1876,2720 1851,2712 1838,2717 1836,2714 1825,2714 1814,2723 1808,2718 1801,2718"/>
                <Baseline points="1808,2750 1836,2748 1864,2750 1892,2752"/>
                <TextEquiv>
                    <Unicode>ist</Unicode>
                </TextEquiv>
            </TextLine>
            <TextLine id="r2l26" custom="readingOrder {index:25;}">
                <Coords points="1899,2733 2217,2770 2999,2765 2999,2724 1899,2717"/>
                <Baseline points="1906,2747 1960,2749 2014,2750 2068,2752 2123,2753 2177,2754 2231,2755 2286,2756 2340,2756 2394,2757 2449,2757 2503,2757 2557,2758 2611,2758 2666,2758 2720,2757 2774,2757 2829,2757 2883,2756 2937,2756 2992,2755"/>
                <TextEquiv>
                    <Unicode>halb Philosoph, der mit derselben bitteren lronie</Unicode>
                </TextEquiv>
            </TextLine>
            <TextLine id="r2l27" custom="readingOrder {index:26;}">
                <Coords points="1800,2793 2995,2807 2995,2777 2860,2758 1800,2764"/>
                <Baseline points="1807,2788 1866,2789 1925,2790 1984,2791 2043,2792 2102,2793 2161,2793 2220,2794 2279,2795 2338,2795 2397,2796 2456,2796 2515,2796 2574,2796 2633,2796 2692,2796 2751,2796 2810,2796 2869,2795 2928,2794 2988,2794"/>
                <TextEquiv>
                    <Unicode>Geistesfunken hinwirft, halb theatralisch zugeschnittener Dekla¬</Unicode>
                </TextEquiv>
            </TextLine>
            <TextLine id="r2l28" custom="readingOrder {index:27;}">
                <Coords points="1794,2829 3001,2849 2967,2802 1794,2813"/>
                <Baseline points="1802,2826 1861,2828 1921,2829 1980,2830 2040,2831 2100,2832 2159,2833 2219,2833 2278,2834 2338,2834 2398,2835 2457,2835 2517,2835 2576,2835 2636,2835 2696,2836 2755,2835 2815,2835 2874,2835 2934,2835 2994,2835"/>
                <TextEquiv>
                    <Unicode>mator, der zu viel von sich und seiner inneren Freiheit redet,</Unicode>
                </TextEquiv>
            </TextLine>
            <TextLine id="r2l29" custom="readingOrder {index:28;}">
                <Coords points="1798,2868 3009,2886 3009,2845 2895,2838 1798,2836"/>
                <Baseline points="1805,2864 1864,2867 1924,2868 1984,2870 2044,2871 2104,2872 2164,2873 2223,2873 2283,2874 2343,2874 2403,2874 2463,2874 2523,2874 2583,2874 2642,2874 2702,2874 2762,2874 2822,2874 2882,2874 2942,2875 3002,2876"/>
                <TextEquiv>
                    <Unicode>ohne sie so ganz zu besitzen, wie er glaubt, ist eine jener</Unicode>
                </TextEquiv>
            </TextLine>
            <TextLine id="r2l30" custom="readingOrder {index:29;}">
                <Coords points="1798,2899 2999,2923 2964,2881 1798,2868"/>
                <Baseline points="1805,2906 1864,2906 1923,2907 1982,2908 2042,2908 2101,2909 2160,2909 2220,2910 2279,2910 2338,2910 2398,2911 2457,2911 2516,2911 2575,2911 2635,2912 2694,2912 2753,2912 2813,2912 2872,2913 2931,2913 2991,2914"/>
                <TextEquiv>
                    <Unicode>ingrimmig lachenden, zynisch ironischen Figuren, wie sie Shaw¬</Unicode>
                </TextEquiv>
            </TextLine>
            <TextLine id="r2l31" custom="readingOrder {index:30;}">
                <Coords points="1806,2955 3011,2947 1806,2919"/>
                <Baseline points="1813,2943 1872,2944 1932,2944 1991,2945 2051,2946 2110,2947 2170,2948 2229,2949 2289,2950 2348,2950 2408,2951 2467,2951 2527,2952 2586,2952 2646,2953 2705,2953 2765,2953 2824,2953 2884,2953 2943,2952 3003,2952"/>
                <TextEquiv>
                    <Unicode>so gerne zeichnet. So geistvoll und tief an sich des Dichters</Unicode>
                </TextEquiv>
            </TextLine>
            <TextLine id="r2l32" custom="readingOrder {index:31;}">
                <Coords points="1801,2990 2968,3008 3006,3001 3007,2947 1801,2956"/>
                <Baseline points="1808,2978 1867,2979 1927,2980 1986,2981 2046,2982 2105,2984 2165,2985 2224,2986 2284,2987 2343,2988 2403,2989 2462,2990 2522,2991 2581,2991 2641,2991 2700,2991 2760,2991 2819,2990 2879,2989 2938,2988 2998,2986"/>
                <TextEquiv>
                    <Unicode>Gedanke war, es fehlt den Figuren an lebensvoller innerer Wahr¬</Unicode>
                </TextEquiv>
            </TextLine>
            <TextLine id="r2l33" custom="readingOrder {index:32;}">
                <Coords points="1806,3025 3012,3029 2901,2995 1806,2995"/>
                <Baseline points="1814,3018 1873,3020 1933,3021 1992,3022 2052,3023 2111,3025 2171,3026 2230,3027 2290,3028 2349,3028 2409,3029 2468,3030 2528,3030 2587,3030 2647,3030 2706,3030 2766,3030 2825,3030 2885,3029 2944,3028 3004,3027"/>
                <TextEquiv>
                    <Unicode>heit. Gespielt wurde unter des neuen Intendanten Dr. Hage¬</Unicode>
                </TextEquiv>
            </TextLine>
            <TextLine id="r2l34" custom="readingOrder {index:33;}">
                <Coords points="1796,3061 3003,3072 2991,3039 2859,3027 1797,3021"/>
                <Baseline points="1803,3058 1862,3060 1922,3062 1981,3063 2041,3064 2101,3065 2160,3066 2220,3067 2279,3068 2339,3068 2399,3069 2458,3069 2518,3070 2577,3070 2637,3070 2697,3071 2756,3071 2816,3072 2875,3073 2935,3074 2995,3075"/>
                <TextEquiv>
                    <Unicode>manns Regie trefflich. Trautschold als Merklin wurde in Dar¬</Unicode>
                </TextEquiv>
            </TextLine>
            <TextLine id="r2l35" custom="readingOrder {index:34;}">
                <Coords points="1802,3118 2643,3136 2713,3128 2714,3085 1803,3074"/>
                <Baseline points="1810,3107 1854,3106 1899,3106 1944,3105 1989,3105 2034,3105 2078,3105 2123,3106 2168,3106 2213,3107 2258,3108 2302,3109 2347,3109 2392,3110 2437,3111 2482,3112 2526,3112 2571,3113 2616,3113 2661,3114 2706,3114"/>
                <TextEquiv>
                    <Unicode>stelnd.Sorcheseiner. Aufgah  h 1 </Unicode>
                </TextEquiv>
            </TextLine>
            <TextEquiv>
                <Unicode>box 22/6
Telephon 12801.
95
„USSEMVER
I. österr. behördl. konz. Unternehmen für Zeitungs-Ausschnitte
Wien, I., Concordiaplatz 4.
Vertretungen
in Berlin, Budapest, Chicago, Christiania, Gen“, Kopenhagen,
London, Madrid, Mailand, Minneapolis, New-Vork, Paris, Rom,
San Francisco, Stockholm, St. Petersburg.
(Quellenangabe ohne Gewähr.)
Ausschnitt aus:
nsche Mus- u. Theater¬
vom
Kea
Mannheim. In seiner einaktigen Studie „Der Puppen¬
spieler“ wandelt Arthur Schnitzler in Shawschen Bahnen.
Das verbummelte Genie, Georg Merklin, der mit ironischem
Lächeln, das bittere Lebenserfahrung gezeitigt, auf die homuculi
und sich herum sicht, die immer nur zum Spielzeug für ihn da
waren und da sind, den Launen seiner Einfälle sich fügen, ohne
sich dessen bewußt zu werden —
was bei einem Tölpel wie
dem Oboespieler Eduard Jagisch auch gar nicht zu verwundern
ist
halb Philosoph, der mit derselben bitteren lronie
Geistesfunken hinwirft, halb theatralisch zugeschnittener Dekla¬
mator, der zu viel von sich und seiner inneren Freiheit redet,
ohne sie so ganz zu besitzen, wie er glaubt, ist eine jener
ingrimmig lachenden, zynisch ironischen Figuren, wie sie Shaw¬
so gerne zeichnet. So geistvoll und tief an sich des Dichters
Gedanke war, es fehlt den Figuren an lebensvoller innerer Wahr¬
heit. Gespielt wurde unter des neuen Intendanten Dr. Hage¬
manns Regie trefflich. Trautschold als Merklin wurde in Dar¬
stelnd.Sorcheseiner. Aufgah  h 1 </Unicode>
            </TextEquiv>
        </TextRegion>
    </Page>
</PcGts>
