3484 4320
483 138 1743 193 den Tantiemen, die „Elga“ erzielt, müßte von Rechts wegen eil
489 192 1745 247 guter Teil der Stiftung zufließen, deren Chronik den Namen
483 231 1759 299 Gerhart Hauptmanns wiederholt verzeichnet, zur Erhöhung des
492 287 901 353 Grillparzer Preises.
597 311 1747 392 Geht man den inneren Gründen nach, die Hauptmann ver¬
479 359 1751 434 anlaßt haben mögen, die Grillparzersche Erzählung auf die Bühne
486 415 1739 485 zu verpflanzen, so kann man wohl kaum lange in Zweifeln be¬
488 472 1750 528 sangen sein. Es imponirte ihm der hoch aufgetürmte Hügel dramatischer
481 509 1749 573 Rohmaterialien. Grillparzer, der als Jüngling seinenersten dramatischen
479 559 1756 621 Löwenwurf „Die Ahnfrau“ auf einer in Mödling spielenden
484 608 1767 687 löschpapierenen Geistergeschichte aufgebaut hatte, erlag später mit
493 651 1759 731 seinem „Kloster bei Sendomir“ einer Geschmacksverirrung seiner
489 706 1750 763 Zeit. Vielleicht ärgert es einen deshalb so besonders, ihn in den
483 749 1745 823 Fußstapfen der Ritter= und Räuberromanfabrikanten Spieß,
492 801 1758 861 Cramer usw. zu sehen, weil die zweite Novelke, die wir von ihm
489 850 1756 914 haben, der herrliche „Arme Spielmann“ ist. Jene in jedem Sinne
485 900 1751 969 vielverschlungenen, beim Pöbel aller Stände so beliebten
498 948 1753 1025 „romantischen Sagen aus der Vorzeit“ waren, wie Vischer
489 991 1756 1062 richtig sagt, „ausgewalkte Balladen“. Nach Grimm aber ist jede
500 1037 1760 1116 richtige Ballade (an eine Schillersche darf man also nicht denken)
488 1089 1758 1158 ein Drama in einer Nußschale. Jede knappe, lakonische Strophe
486 1133 1755 1199 ein Aktschluß, mindestens eine große Szene. Die Ballade kennt
488 1185 1758 1248 ein Ziel, kümmert sich nicht um die Wege, auf denen es zu
492 1231 1764 1303 erreichen ist. Das geehrte Publikum wird ersucht, mitzudichten.
496 1295 1775 1351 In dieser Erlaubnis liegt ein großer Zauber, von dieser Freiheit
498 1336 1758 1394 des einzelnen, sich je nach seinen Phantasiemitteln mit schöpferisch zu
494 1384 1775 1439 betätigen, leben ja unsere modernen Symbolisten. Hauptmann
502 1438 1772 1484 hat „Elga“ dem Maeterlinck einfach vor der Nase weggedichtet.
491 1472 1774 1546 Aber mußte nicht notwendigerweise doch ein Buchdrama (im guten
496 1517 1754 1587 Sinne des Wortes) entstehen? Die Plastik des szenischen Vor¬
493 1575 1763 1641 ganges kennt jene Konzession nicht; sie heischt, alles so zu
502 1634 1758 1683 nehmen, wie es dargeboten wird. Sie ist selbstherrlich und ver¬
499 1681 1761 1726 bittet sich vom Zuschauer träumerisches Ausspinnen abseits der
492 1702 1765 1779 Direktionslinie, auf der die Handlung mit gebundener Marschroute
506 1773 1275 1829 und mit bestimmten Etappen dahinzieht.
613 1777 1771 1869 Wenn Franz Grillparzer, der — obwohl dies manche deutsche
503 1865 1773 1918 Literaturgeschichte noch immer nicht zugeben will — immerhin auch
506 1903 1762 1977 einigen Blick für die dramatische Tauglichkeit von Stoffen besaß,
514 1962 1774 2022 „Das Kloster bei Sendomir“ für einen mit Titelkupfern verzierten
516 1985 1773 2066 Almanach und nicht für das Theater schrieb, so mußte er wohl
509 2057 1759 2126 den Grundsatz beobachtet haben, daß jedem Sujet jene Form ge¬
511 2079 1774 2175 bühre, in der es sich zur stärksten Geltung bringen kann. Der
506 2138 1769 2203 gestrige Abend hat denn auch gezeigt, daß der Wiener Dichter im
507 2178 1773 2275 Rechte war und nicht der Agnetendorfer. Die ausgewalkte Ballade
509 2238 1772 2314 vom Grafen Starschenski darf dem Rampenlicht nicht nahekommen.
507 2300 1778 2352 Alle Zauber der modernen Bühne können die Vorgänge nicht in
511 2348 1777 2408 jene Nebelfernen rücken, bei denen das Revier für das mitdichtende
506 2384 1777 2453 Genießen beginnt, denn hart im Raume stoßen sich die Sachen auf
518 2443 1772 2510 dem Theater. Das hätte sich auch bei einer ganz einwandfreien
515 2482 1772 2547 Darstellung störend geltend gemacht. Und von einer solchen konnte
507 2540 1786 2596 man gestern wahrhaftig nicht sprechen. Irene Triesch genügt
1085 2581 1772 2640 ich rede gar nicht von ihrem Un¬
508 2592 990 2660 nicht für die Titelrolle
519 2629 1784 2695 vermögen, die Dämonin der Schönheit den bescheidensten Sinnen
514 2675 1778 2736 vorzuspiegeln — denn sie hat nur Nervosität, also höchstens die
528 2729 1780 2793 Gewalt der Schwäche. Und sie hat doch zu sagen: „Nimm Leben
516 2764 1791 2838 von mir, ich habe genug für zwei!“ Noch unleidlicher wird dieses
513 2824 1778 2889 Defizit bei ihrem Gegenspieler Rudolf Rittner. Sein Graf
944 2873 1773 2934 stattlich wie ein Bräuhausbesitzer,
515 2881 902 2948 Starschenski ist
527 2924 1789 2980 besitzt ein überquellendes Vollmondgesicht und bringt
526 2961 1773 3027 doch die unvermittelten schrillen Töne und vibrierenden, weiner¬
519 2996 1780 3082 lichen Stimmgikser des Neurasthenikers. Die beiden Haupt¬
521 3043 1790 3121 darsteller können daher nicht allmählich steigern, sondern haben in
535 3104 1793 3187 jedem Bilde ihre sämtlichen Ausdrucksmittel hergegeben und müssen
533 3150 1790 3224 im folgenden das beschränkte Repertoire von vorne abspielen. Sie
536 3205 1778 3267 waren kostümierte Großstadtmenschen und von ihrer schau¬
532 3251 1777 3314 spielerischen Umgebung gilt dies in noch höherem, also ärgerlicherem
534 3317 1774 3363 Maße. Nur Fräulein Else Schiff hatte Stil und richtiges Ver¬
532 3361 1786 3422 hältnis zur sarmatisch gleißnerischen Figur der Kammerzofe Dortka.
526 3401 1785 3470 Herr Emanuel Reicher war als Hausverwalter Timoska einfach
533 3456 1324 3528 grotesk. Eine schwer katarrhalische Unke.)
650 3465 1798 3558 Das Hauptmannsche Stück, dessen sämtliche Zwischenakte
536 3539 1783 3605 durch Orgelklang und Mönchsgesang eine melodramatische Beeinträchti¬
540 3584 1803 3672 gung erlitten, wurde schweigend hingenommen; nur zum Schlusse
535 3654 1043 3733 klatschten ein paar Leute.
647 3698 1806 3762 Den Abend leitete die in Wien schon bekannte kniffelige Skizze
544 3747 1802 3827 „Der Puppenspieler“ Schnitzlers ein. Sie brachte einen schönen Erfolg
539 3786 1806 3870 für Albert Bassermann, der den verbummelten Georg Merklin
533 3844 1795 3910 erst effektvoll in Scherben schlug, um ihn, ein kleiner Mitter¬
530 3878 1791 3991 wurzer, dann wieder geschickt zu einem ganzen Menschen zusammen¬
1572 3933 1767 3997 o. t.-b.
537 3957 735 4030 zufügen.
2648 521 3012 609 Trlephon 12801.
2714 611 2868 690 53.
2109 642 2810 735 „UBSENSEN
1923 721 3038 794 I. österr. gehördl konz. Unternehmen für Zeitungs-Ausschaitte
2133 789 2868 861 Wien, I., Concordiaplatz 4.
2351 850 2672 906 Vertretungen
1950 877 3028 950 in Berlin, Budapest, Chicago, Christiania, Genf, Kopenhagen,
1938 943 3035 993 London, Madrid, Mailand, Minneapolis, New-York. Paris, Rom,
2110 979 2875 1029 San Francisco, Stockholm, St. Petersburg.
2295 1017 2697 1080 (Quellenangabe ohne Gewähr.)
2719 1015 3017 1129 -5. 5. 1906
1934 1079 2358 1156 Ausschnitt aus:
1951 1150 2948 1239 vom: Österr. Volks Zeitung, Wien
2081 1267 3039 1329 Theater an der Wien. Mit zwei Halbneuheiten
2029 1315 3037 1374 für Wien wurde gestern das Gesamtgastspiel des
2025 1370 3039 1426 Berliner Lessingtheaters hier ziemlich erfolg¬
2031 1390 3033 1466 reich eröffnet: mit der Studie „Der Puppenspieler“
2036 1456 3043 1498 von Schn######—und dem Nachtstück „Elga“ von
2035 1495 3037 1549 Gerhart Hauptmann, dieses nach einer Grillparzer¬
2027 1525 3042 1601 schen Novelle. Der „Puppenspieler“ hat uns schon vor
2040 1573 3046 1626 etwa zwei Jahren in einer Matinee im Carltheater
2039 1623 3043 1674 seine Theorie entwickelt, die darin gipfelt, nur derjenige
2032 1659 3039 1717 könne mit den übrigen Menschen wie mit Puppen spielen,
2042 1695 3042 1771 der die Freiheit seiner Entschließungen und Handlungen
2039 1733 3051 1802 weder um Gold noch um Liebe verschachert. Daß er
2034 1783 3052 1847 dabei kein Hemd anzuziehen hat und wohl häufig genug
2030 1831 3050 1894 bei „Mutter Grün“ zu Gast sein muß, geniert nicht.
2037 1877 3032 1936 Es ist jedenfalls erfreulich, daß Dr. Schnitzler nicht so
2040 1904 3047 1991 ein Prinzivienreiter ist, wie sein Puppenspieler, er wäre
2030 1957 3051 2020 in diesem Falle heute nicht ein erfolgreicher Bühnen¬
2036 2010 3035 2056 dichter, sondern müßte sich darauf beschränken, den patho¬
2033 2050 3035 2125 logischen Zustand seines Georg Merklin als Arzt zu behandeln.
2037 2095 3037 2171 Herr Bassermann spielte die Titelrolle in einer
2045 2142 3053 2191 Weise, die an die Genialität und das große Können
2035 2164 3051 2248 Mitterwurzers lebhaft erinnerte. Etwas Schmeichelhafteres
2048 2222 3053 2289 kann man ihm kaum sagen. „Elga“ wurde von Haupt¬
2049 2270 3041 2331 mann nach der Novelle „Das Kloster bei Sendomir###
2044 2320 3047 2367 dramatisiert, die Grillparzer „nach einer als wahr über¬
2052 2353 3061 2414 lieferten Begebenheit“ im Jahre 1828 in dem Almanach
2044 2413 3053 2457 „Aglaja“ veröffentlicht hatte. In der Novelle gelangt ein
2046 2441 3059 2497 Ritter in das bezeichnete Kloster und ein Mönch — ein
2045 2480 3059 2544 Graf Starschensky — erzählte ihm seine eigene Lebens¬
2041 2522 3054 2588 geschichte. Er hatte ein schönes, junges Weib, das ihm
2044 2567 3055 2626 alles gewesen, Frühling, Sonne, das ihm Duft,
2054 2617 3062 2677 Wirme und Licht gegeben und das ihn in die düstere kalte:
2043 2659 3057 2716 Nacht des Klosters gestürzt. Die von ihm übermenschlich
2051 2721 3066 2763 Geliebte betrog ihn mit einem jungen Menschen vor und
2048 2744 3061 2797 nach der Verheiratung und dieser war auch Vater dess
2045 2798 3056 2847 Kindes, das der Graf als verjüngtes Ebenbild der an¬
2055 2836 3057 2891 gebeteten Mutter vergöttert hatte. In der Novelle läßt der
2047 2878 3067 2942 Ritter den Elenden laufen und erschlägt die Ehebrecherin;
2058 2926 3071 2986 in Hauptmanns „Nocturnus“ ersticht der Betrogene dens
2069 2956 3065 3015 geliebten seiner Frau und diese läßt er laufen. Jeden¬
2066 3009 3076 3061 falls vernünftiger. Auch läßt er den ritterlichen
2055 3058 3071 3113 (Gast im Kloster die ganze blutige Geschichten
2056 3101 3073 3161 träumen und, um die Traumstimmung zus
2252 3135 3067 3197 in den Zwischenakten den Trauerchor
2050 3148 2249 3205 erhalten,
2056 3182 3069 3245 der Mönche fortsetzen, mit dem das Vorsviel schließt.
2067 3223 3072 3291 Grillparzer erzählt die Geschichte ziemlich trocken; Haupt¬
2060 3277 3070 3325 mann kleidet sie in ein poetisches Gewand, schmückt sie
2052 3318 3067 3364 mit dem Zauber berückender Romantik. Rittner schuf¬
2056 3353 3067 3413 in der Doppelrolle als Mönch und Graf eine herrliche
2051 3407 3075 3463 Kraftgestalt, die Liebe und Rachsucht gleich gigantisch
2060 3442 3072 3490 verkörperte. Irene Triesch schillerte blendend in den
2065 3487 3076 3536 nuancenreichen Phasen des liebenden und gleißnerischen
2065 3529 3080 3580 Weibes; verlieh ihren Empfindungen ebenso ergreifenden wie
2071 3569 3071 3631 mächtigen Ausdruck. Dämonischer können Schönheit und
2068 3627 3078 3681 Falschheit zugleich wohl kaum zur Darstellung gelangen.“
2067 3657 3076 3712 Aber auch Emanuel Reicher hatte Gelegenheit, seine
2064 3707 3080 3756 bedeutende Künstlerschaft zu beweisen. So recht erwärmen
2056 3743 3080 3794 konnte sich das Publikum freilich nicht. Weder das eine
2056 3782 3084 3842 noch das andere Stück bietet den Darstellern die von
2055 3825 3067 3894 ihnen gewünschte Möglichkeit, die Zuhörer — von Zu¬
2072 3867 3075 3930 schauern kann bei der fast unausgesetzt verfinsterten
2066 3913 3076 3983 Bühne kaum die Rede sein — zu entflammen. Sie
2067 3955 3080 4018 blieben während des ganzen Abends kühl bis ans Herz
2901 3997 3037 4063 A. L.
2063 4016 2206 4077 hinan.
