3484 4320
636 205 738 283 e
1055 199 1142 283 n
295 184 2068 296 17.1 r Puppe epieler box 22/6
1100 958 2638 1048 sprüngen des Vogelflugs, mit grün triefender Lava, deren Grat um einen
1102 1033 2643 1096 Halbmond bald selig=schauerlich verringert, bald um einen erhöht ist; über mir
1092 1080 2637 1150 der Tod, das Eis dieser Kanareninsel, unter der Sonne, der Sonne, die man
1095 1149 2636 1217 im Deutschen Reich nicht kennt... dort spricht eine Theatervorsiellung.
1106 1197 2647 1273 Nein: ein ganzer Ibsenstrauß. Es isi nicht mehr Bühnenkunst: Lebens¬
1106 1274 2642 1318 angelegenheit. Wie eine Warnung ... Packt ein, alle miteinander. Der
1100 1311 2643 1368 Winter hat gewußt, was es bedeutet; der Sommer hat bestätigt, was es
1104 1368 2647 1441 bleibt. Nichts Künstliches: sondern wie Seefahren, Mittag und Nachtschauer
1106 1423 2640 1495 ein Daseinsteil, durch keinen Flitter getrennt von der vergehenden Helle.
1107 1478 1452 1552 Seelenstimmen.
1149 1510 2635 1604 Vor diesem Borkman zogen andre Schicksalsglieder vorbei, bis zu den er¬
1102 1592 2638 1655 wachenden Toten und erwacht Sterbenden. Es ließe sich mit den Worten
1108 1645 2653 1699 des Theaterschmußes beifügen, wie die herrliche Schauspielerin E. Lehmann
1110 1706 2648 1778 hinriß; und vom Reicher, wann er schwach (auch wann unverstanden groß)
1102 1769 2640 1828 war: aber von dem Ganzen könnte man so nicht sprechen, wenn es nicht so
1106 1815 2647 1883 dargestellt würde. Wenn alles nicht eine gewisse Seelenluft umhüllte. Da,
1111 1880 2650 1944 meine Lieben, Parlett sechs Mark fünfzig kostet, sieht es fest, wo man seine
1106 1936 2053 1997 Kirchensteuern bezahlt. (In Bayreuth nicht.)
1157 1989 2634 2055 Cyolf. Die Marschmelodie der Verlorenen und Beharrenden. Ein sozu¬
1113 2049 2647 2112 sagen bürgerliches Ewigkeitswerk. Nicht so gespielt wie Borkman: doch man
1107 2092 2643 2157 hat, und nur in diesem Hause, das Gefühl von etwas über das Theater
1107 2150 1504 2230 Hinausgreifendem.
1155 2183 2632 2272 Ich entsinne mich noch einer Stunde bei Brahm. Akte von Schnitzler.
1115 2263 2634 2337 Darunter, „Der Puppenspieler“, — etwas, das mich in dieser Verleiblichung
1110 2319 2646 2391 erzittern machte. Arthur, — trotz dem Kunsivollen eingeflochtener Beziehungen
1119 2386 2642 2441 (so ... mystische Zusammenhänge) fühlt man: Das sind Stücke des wahren
1106 2430 2642 2485 Lebens! In dieser Menschenhaftigkeit der Darstellung vergißt man es nicht.
1809 2517 1935 2603 III.
1109 2576 2647 2661 (Om hellen Sommer denk' ich an die „malerische“ Bühne Reinhardts. Ein
1199 2644 2644 2736 Geschmackstheater. Mit Prospekten, lackiert und siumpf; mit Bäumelchen,
1106 2702 2647 2799 auf die Szene gestellt; mit Leuchtstrahlen, die für ein kleines Künsilerauge
1108 2763 2375 2828 berückend, für ein gewandertes Menschenauge zum Kugeln sind.
1151 2824 2632 2890 Reinhardts Talent in Ehren. Ich liebe Brahm, zu dessen Hauptschülern er
1119 2879 2629 2950 zählt, stärker. Brahm, der eigentliche Schöpfer einer europäischen Bühne,
1122 2938 2645 2995 macht, wenn finanziell alles mißlingt, dicke Zugeständnisse; doch in der Haupt¬
1113 2999 2647 3063 sache ließ er siets die Leute zu sich kommen. Er war kein Liebling. Ein
1115 3037 1834 3112 Reformator: nicht ein Erfüllerchen.
1170 3089 2645 3154 Am Morgen nach „Nju“, dargestellt bei Reinhardt, schrieb ich, wie diese
1121 3146 2653 3214 halblauten Szenen des Dichters Dymow, aus Rußland, mir etwas sind;
1116 3211 2641 3283 obschon sie fremde Spuren tragen; und wie die Aufführung dieses durch¬
1109 3285 2661 3354 gefallenen Stücks an ernsie Versuche des früheren Reinhardt erinnert; als er
1285 3352 1457 3449 1922
