3392 4320
1512 225 2040 323 box 22/6
263 236 1461 345 17.1. Der Puppenspieler
799 949 1826 1060 Theater in Berlin von Alfred Kerr
1152 1117 2391 1190 s ist Sommer, da ich dies schreibe. Somit isi meine Sendung:
1164 1179 2381 1250 mich zu erinnern, was vom Winter noch in mir lebt. (Fesi¬
1164 1222 2339 1293 zustellen, was vom Theater über das Theater hinausging.)
1207 1281 2388 1355 Wer in goldnen Tagen der bleichen Tage denkt, sieht
1049 1322 2396 1414 manders, als wer inmitten von Kimmeriern einen Spezialsport
862 1395 2385 1454 betreibt ... Ein Sommerurteil über die Kunst (gefällt von solchen, die fähig
858 1450 2380 1526 sind, Wintermenschen zu sein) muß der Vision eines Rentners auf dem Sterbe¬
865 1504 2387 1568 bett nahekommen, der alles durchlebt hat und von allem durcheinander Ab¬
865 1562 2385 1625 schied nimmt, über Kreuz: Da wird Michelangelo von einem Vogelruf halb
865 1631 2400 1690 vernichter. Und ein holder Körper durch den Begriff Beethoven halb entwest.
870 1671 1674 1744 Ein Kampf. oder eine große Hochzeit?
901 1722 2392 1795 Es gibt zwei Gattungen vor der Kunsi: Lebensmenschen; denen sie
860 1790 2387 1857 noch was Holderes ins Leben bringt. Und Kunsimenschen; denen sie nichts
870 1838 2392 1908 Holdes, sondern Schweres ist. Diese zweiten (und dazu gehör' ich im Winter;
863 1896 2396 1957 im Sommer nicht) sind die Spezialsportleute; die bisweilen den Anfang der
854 1950 2393 2020 Kunst vergessen haben. Zu dieser Art gehören die großen Künsiler. Die
854 2005 2388 2078 meisten daven sind andauernd Wintermenschen. (Nicht jeder andauernde
860 2065 1752 2124 Wintermensch ist ein großer Künsiler ...)
914 2107 2393 2174 Gipfel der Erde scheinen mir die wechselnden Sommer= und Winternaturen.
845 2173 2395 2244 Diese Halben sind die Doppelten: die beim Todeswetter zu sinnen, in der
873 2227 1394 2302 Duftzeit zu atmen wissen.
898 2290 2058 2355 Ein Gipfel ist der Juljännerich — möcht' man sprechen.
899 2340 2386 2408 Kongruenz gibt es aber nicht. In bleichen Läuften ist die Schilderung ver¬
858 2395 2391 2459 gangenen Atmens überzeugter als in goldner Zeit die Schilderung vergangener
867 2458 1034 2526 Kunsi
1579 2491 1678 2577 II.
852 2549 2379 2622 K Ich kann anders nicht zurückdenken als meinem Sommergesetz der Halbie¬
881 2620 2399 2690 □ rung=Verdoppelung untertan. Etwas Stärkstes bleibt in mir, was sehr tiefe
857 2682 2354 2739 Kunsi bedeutet: Ibsenvorstellungen bei Brahm. Was tiefe Kunsi bedeutet —
860 2716 2393 2789 und zugleich doch in mein Atmen langt. Am Ende dieser ganzen Herrlichkeit
863 2797 2387 2853 lebt es noch. Inmitten des Zaubers bedrängt es mich. In Taumelstimmungen
867 2840 2386 2902 schwingt es mit. Das ist die schwarze Gloria. Das ist die siille Hand, die
866 2901 2384 2967 in große Gänge, in schlummerndes Versinken, in jede ehrlich letzte Zwie¬
857 2962 2394 3021 sprach hineinspensiert und in alle krudelwilde Magie. Dies ist das Eis,
872 3022 2388 3076 das nach jedem Klettern oben wartet. Keine Bühnenkunst mehr: sondern
872 3064 2384 3142 eine Lebensangelegenheit ... Im Sommer, wo ich mit Engländern auf
868 3134 2395 3188 fernen Schiffen im Atlantischen Ozean kreuze, wo ich über die braune Asche
873 3189 2406 3243 des größten Feuerbergs dieser Erdenwelt hinaufsteige nach Luftvorsprüngen, tief
867 3242 2390 3324 unter mir Bananenwälder, die brüllendheiße großmütige Flut, ja nach Vor¬
2050 3344 2227 3426 1021
974 3324 1090 3439 96
2485 785 2911 995 9.
