3484 4320
304 1964 355 2030 r
1556 186 2019 296 box 22/6
242 195 1454 311 17. 1. Der Puppenspieler
1547 369 2798 460 auf, er forscht nach dessen Geschichte und hört den Roman eines
1559 436 2789 509 Grafen, der sein Weib über alles geliebt, von diesem betrogen
1546 469 2797 557 und zum Mörder an Galan und Weib wurde. Hauptmann
1547 524 2801 604 hat daraus ein schauerlich schönes Nachtstück gemacht, der Traum
1548 566 2790 640 des Ritters führt das Schicksal des Mönches vor, der Sang der
1549 632 2790 689 Mönche deutet diese Traumszene sinnig an. Vorgang und
1552 685 2791 742 Sprache halten das Traumwesen mit poetischem Zauber fest,
1555 736 2797 805 man kann den Traum für wahr halten, wenn sich der schwarze
1547 777 2795 848 Vorhang zum letztenmal über das grausige Traumbild schließt.
1555 824 2796 892 Es liegt viel dichterische Gestaltungsgabe in dem Aufbau des
1556 886 2794 957 Ganzen, sie könnte einem fruchtbareren Stoffe weit größere
1554 926 2789 997 Dienste leisten. An der Darstellung hat die Kritik von Wien
1551 978 2783 1039 viel auszusetzen. Das kommt wohl daher, daß die heutige
1559 1024 2795 1092 Kritik zumeist aus nichtaufgeführten oder durchgefallenen
1551 1055 2793 1145 Dichtern, — man verzeihe das harte Wort, — besteht. Was soll
1548 1131 2787 1207 solchen gefallen. Ich finde, daß eine vollendetere Darstellung
1567 1180 2790 1244 der sinnlichen Lebensfreude kaum geschaffen werden kann.
1562 1226 2786 1285 Irene Triesch mag den Schönheitsformen des griechischen
1563 1278 2787 1339 Altertums nicht entsprechen — wenn sie die wilde Lust der
1550 1302 2792 1390 Sinne zu verkörpern hat, ist sie der Schönsten Eine. Den
1553 1365 2789 1429 überquellenden Strom von Liebe und Laster jauchzt sie hinaus
1538 1426 2779 1471 in vollendeter Wirklichkeit, nicht im Spiel. Die Elga Grill¬
1551 1469 2786 1536 parzers ist sie nicht, aber die Hauptwanns. Rittner gibt
1552 1534 2788 1585 dem Starschenski mehr phäderastischen Reflex, als innere Glut
1542 1574 2784 1643 und Leidenschaft. Aber in den Szenen großer Ekstase ist er er¬
319 1558 674 1649 *o gern sehen.
1555 1612 2788 1685 schreckend. Reichers Verwalter ist wie aus altem Rahmen
444 1621 1559 1714 Eine ganz andere Kunst ist am Freitag in diesem Theater
1561 1673 2775 1742 geschnitten. Ein Kritiker nennt ihn grotesk. Möchte mich der
349 1686 1561 1757 eingezogen. Die Deutschen, die an die Stelle der Routine den
1557 1718 2784 1785 erfolgarme Mann nicht belehren, wie diese Unke gegeben wer¬
346 1732 1563 1805 kernsten künstlerischen Sinn für die Tiefen des Menschlichen
1562 1761 2780 1839 den soll, wenn nicht als Unke? Es scheint wirklich, als ob Bahr
359 1777 1561 1849 suchen, die nicht mit Worten und mit Kleidern tändeln, sondern
1557 1816 2793 1887 recht hätte: man sollte nicht in derselben Nacht schreiben
345 1828 1554 1903 die Seele dort zu packen suchen, wo sie über das unerquicklich
1557 1864 2772 1935 oder man sollte nicht alle in der Nacht schreiben lassen. —
345 1869 1550 1957 menschliche Elend hinwegzugleiten sucht. Ein interessanter
1555 1914 2781 1970 Schuitlers „Puppenspieler“, eine jener kleinen
333 1916 2780 2034 Kontrast von Bargy zu Rittner, von der Beraty zu Irene Ropellen, in welcher handelnde Personen reden, was der Dich¬
355 1968 1024 2050 Triesch. Von Watteau zu Uhde.
1537 1988 2770 2088 ter in Handlung nicht auszudrücken vermag, hört man gern
436 2006 1552 2095 Mit der Schöpfung eines österreichischen Dichters setzten
1552 2057 2776 2115 an, weil das Problem so hübsch ist. Ein Philosoph, der mit
355 2049 1552 2149 die Deutschen ein, der Stoif eines österreichischen Dichters
1558 2107 2787 2174 Menschen zu spielen glaubte, kommt darauf, daß man nur zum
354 2115 989 2189 brachte ihnen den ersten Erie
986 2136 1557 2201 Man kennt ja wohl die No¬
1552 2155 2770 2233 Spiel des Lebens da ist. Um nicht klein beizugeben, hüllt er
344 2168 2137 2262 velle Grillparzers: Das### bei Sendomir. In dieses alte sich in seine armselige Toga.
2121 2225 2768 2279 .. Das wird zierlich geschnitz¬
340 2216 2785 2304 Kloster kommt ein fahrender Ritter, ein stiller Mönch fällt ihm lert, mit sehr seinen Worten gesagt. Aber es sind doch nur
2159 2304 2343 2364 —
1526 2324 3351 2399 Worte, während das Leben so wortarm ist, wenn es Tragödienchaften, die in diesem dürftige
1528 2394 3344 2460 liefert. Bassermann spielt den Philosophen wortarm, als hat ihre dämonische Beichte e
1527 2449 3333 2528 durchlebte er ihn. Das ist wohl wortarme Anerkennung .... reinen Kindes. Es zwingt zu
1524 2488 3342 2555 Was die anderen in Herrn Brahms Ensemble heißen, wird erstenmal, daß Rosmer mit in
1530 2543 2753 2620 man erst sehen. Aber eines sah man doch schon wieder: es ist
2813 2537 3342 2625 Das Publikum folgte den
1527 2590 2461 2656 eine eigene Schule, die solche Zeugnisse schafft.
2719 2606 3326 2672 der Künstlerin mit atemloser
1617 2613 3342 2705 Sie zeigte sich mit all ihren guten Eigenschaften in Ibsens Sturm der Bewunderung löste
1522 2650 3347 2769 „Rosmersholm“. Wie eine klare Abhandlung der Psy= Aufzug aus. Ich denke, diese
1531 2736 3341 2823 chologie des großen Grüblers klang diese ganze Aufführung. das bleibende Andenken an d
1520 2793 3341 2869 Scharf und hell das Wort, geheimnisvoll, majestätisch düster, Deutschin sein. Soche Erfolge
1531 2831 3340 2903 wie ein nordischer Fjord, die Stimmung. Das ist das Und es zeugt für eine ernste, g#
1519 2892 3343 2947 große Geheimnis der Brahmsschen Regie, daß keiner der Dar= Schwerbegreiflichsten diesen
1522 2936 2748 3010 steller mit seiner Stimmung die des Dichters durchbrechen darf.
2732 2923 3362 3014 will ja vor allem klar und w#
1529 2991 2765 3053 Lauter große Musiker, die eine Sinfonie mit aller Hingabe
1536 3030 2750 3092 für den Dirigenten spielen, ohne den Dichter darüber zu ver¬
1522 3087 2745 3145 gessen. So sitzt man im Ban#e der Dichtug, schlürft die
1526 3126 2747 3203 Stimmung mit durstigen Zügen und erquickt?y an der quell¬
1518 3183 2753 3256 klaren Sicherheit, mit der die Künstler den Dchter selbst ver¬
1516 3222 2749 3303 stehen und verständlichmachen. Es ist einem, als ob immer
1521 3281 2176 3343 neue Siegel erbrochen würden.
1617 3307 2744 3389 Dabei sind die Einzelnen keine Durchschnittsmenschen.
1518 3377 2756 3453 Reicher verwandelt seine klügelnde, immer von Intelligent
1521 3425 2744 3484 durchtränkte Sicherheit in naive Wahrheit. Er versagt nur
1525 3477 2743 3531 in der edlen Auflösung der letzten Szene, sonst ist er vor¬
1516 3525 2749 3593 trefflich. Marr ist der würdige Eiferer; vielleicht nur ein
1512 3570 2745 3635 wenig zu grobkörnig. Forest ist unheimlich einfach als Mor¬
1514 3626 2746 3690 tensgard, er zwingt sich förmlich jede temperamentvolle An¬
1516 3663 2760 3738 wandlung hinunter, messerscharf ist seine Logik. Basser¬
1522 3724 2751 3787 manns Brendel ist ein Kabinettstück eines sterbenden Edel¬
1521 3768 2757 3843 menschen, der mit der Sicherheit seiner Lebensphilosophic das
1516 3821 2760 3886 ganze Menschenelend hinwegspottet. Ueber allen aber schwebt
1512 3882 2757 3941 in unheimlicher Vollkommenheit die Rebecca der Triesch.
1513 3925 2749 3986 „Die Trud ist in Wien“, schrieb ich vor acht Jahren an dieser
1516 3966 2770 4027 Stelle, da die junge Künstlerin im Raimundtheater ihre ersten!:
1520 4011 2744 4067 Lorbeeren holen wollte. Ich stand damals mit meinem Urteile
1523 4066 2755 4132 ziemlich allein. Nun zwingt sie alle. Diese Rebecca ist von
