<?xml version="1.0" encoding="UTF-8" standalone="yes"?>
<PcGts xmlns="http://schema.primaresearch.org/PAGE/gts/pagecontent/2013-07-15" xmlns:xsi="http://www.w3.org/2001/XMLSchema-instance" xsi:schemaLocation="http://schema.primaresearch.org/PAGE/gts/pagecontent/2013-07-15 http://schema.primaresearch.org/PAGE/gts/pagecontent/2013-07-15/pagecontent.xsd">
    <Metadata>
        <Creator>prov=University of Rostock/Institute of Mathematics/CITlab/Gundram Leifert/gundram.leifert@uni-rostock.de:name=ONB_Newseye_GT_M1+(htr_id=10810)::::v=2.4.2
prov=University of Rostock/Institute of Mathematics/CITlab/Tobias Gruening/tobias.gruening@uni-rostock.de:name=de.uros.citlab.module.baseline2polygon.B2PSeamMultiOriented:v=2.4.2
prov=University of Rostock/Institute of Mathematics/CITlab/Tobias Gruening/tobias.gruening@uni-rostock.de:name=/mnt/transkribus/LA/DEA/URO/LA_news_onb_att.pb:de.uros.citlab.segmentation.CITlab_LA_ML:v=2.4.2
Transkribus</Creator>
        <Created>2019-10-07T11:33:16.581+02:00</Created>
        <LastChange>2019-10-08T08:23:48.162+02:00</LastChange>
        <TranskribusMetadata docId="223974" pageId="9499612" pageNr="32" tsid="16507344" status="IN_PROGRESS" userId="40391" imgUrl="https://files.transkribus.eu/Get?id=ALYXXMYUMVYONMQXBYHGQYXI&amp;fileType=view" xmlUrl="https://files.transkribus.eu/Get?id=ASXOMNKXVGITHPXYOZSGUJRR" imageId="6189834"/>
    </Metadata>
    <Page imageFilename="223974_0032.jpeg" imageWidth="3484" imageHeight="4320">
        <ReadingOrder>
            <OrderedGroup id="ro_1711450132050" caption="Regions reading order">
                <RegionRefIndexed index="0" regionRef="r1"/>
            </OrderedGroup>
        </ReadingOrder>
        <TextRegion orientation="0.0" id="r1" custom="readingOrder {index:0;}">
            <Coords points="328,268 328,3291 3392,3291 3392,268"/>
            <TextLine id="r1l1" custom="readingOrder {index:0;}">
                <Coords points="1595,295 1728,297 1750,312 1773,297 1795,312 1843,302 1865,317 1891,299 1951,311 1981,292 2029,308 2088,283 2089,246 2059,253 2026,226 1978,226 1959,244 1926,225 1748,238 1714,222 1688,237 1596,224"/>
                <Baseline points="1615,291 1640,290 1665,289 1691,288 1716,288 1741,289 1767,289 1792,290 1817,291 1843,292 1868,293 1893,294 1919,294 1944,295 1969,295 1995,294 2020,293 2045,292 2071,290"/>
                <TextEquiv>
                    <Unicode>box 22/6</Unicode>
                </TextEquiv>
            </TextLine>
            <TextLine id="r1l2" custom="readingOrder {index:1;}">
                <Coords points="309,306 547,341 1511,322 1511,251 1471,233 647,227 566,267 518,230 310,228"/>
                <Baseline points="328,288 386,294 444,298 502,302 561,305 619,306 677,308 735,309 794,310 852,310 910,309 968,309 1027,308 1085,308 1143,307 1201,306 1260,306 1318,305 1376,305 1434,306 1493,306"/>
                <TextEquiv>
                    <Unicode>17. 1. Der Puppenspieler</Unicode>
                </TextEquiv>
            </TextLine>
            <TextLine id="r1l3" custom="readingOrder {index:2;}">
                <Coords points="3111,1314 3133,1315 3136,1319 3166,1316 3188,1324 3225,1325 3228,1244 3209,1243 3198,1250 3157,1241 3135,1252 3113,1251"/>
                <Baseline points="3131,1296 3157,1296 3183,1297 3209,1298"/>
                <TextEquiv>
                    <Unicode></Unicode>
                </TextEquiv>
            </TextLine>
            <TextLine id="r1l4" custom="readingOrder {index:3;}">
                <Coords points="402,1308 3406,1320 402,1268"/>
                <Baseline points="422,1311 570,1315 718,1320 866,1323 1014,1327 1163,1330 1311,1334 1459,1337 1607,1340 1755,1343 1904,1346 2052,1348 2200,1350 2348,1352 2496,1353 2645,1355 2793,1356 2941,1357 3089,1357 3237,1358 3386,1358"/>
                <TextEquiv>
                    <Unicode>decken glaubte, hört plötzlich auf. Ihm werden außerdem die kranken, der nur noch den Arzt interessirt und der von Rechts städtischen Publikum in ve</Unicode>
                </TextEquiv>
            </TextLine>
            <TextLine id="r1l5" custom="readingOrder {index:4;}">
                <Coords points="415,1364 3404,1414 416,1316"/>
                <Baseline points="434,1354 581,1358 729,1363 876,1366 1024,1371 1171,1375 1319,1379 1466,1383 1614,1386 1761,1389 1909,1392 2056,1395 2204,1397 2351,1399 2499,1401 2646,1402 2794,1402 2941,1402 3089,1401 3236,1399 3384,1397"/>
                <TextEquiv>
                    <Unicode>Augen darüber geöffnet, daß seine Geliebte auch Anderen ge-wegen in eine Anstalt gehört. Hugo ist vor Allem ein echt machen. Wenn man die lo</Unicode>
                </TextEquiv>
            </TextLine>
            <TextLine id="r1l6" custom="readingOrder {index:5;}">
                <Coords points="400,1406 2810,1448 401,1362"/>
                <Baseline points="419,1402 537,1404 656,1406 774,1408 893,1411 1012,1414 1130,1417 1249,1420 1368,1423 1486,1426 1605,1428 1724,1431 1842,1434 1961,1436 2080,1438 2198,1440 2317,1441 2436,1442 2554,1442 2673,1441 2792,1440"/>
                <TextEquiv>
                    <Unicode>fällig und in ihrem Wesen grundverschieden von der Verstor= fühlender Mensch, ein liebender Mann der sich in der Ver¬</Unicode>
                </TextEquiv>
            </TextLine>
            <TextLine id="r1l7" custom="readingOrder {index:6;}">
                <Coords points="2806,1452 3040,1456 3059,1437 3270,1456 3289,1441 3407,1465 3408,1395 2807,1396"/>
                <Baseline points="2825,1438 2853,1438 2881,1438 2909,1438 2937,1438 2965,1439 2993,1439 3021,1440 3049,1440 3077,1441 3106,1442 3134,1442 3162,1443 3190,1444 3218,1444 3246,1445 3274,1445 3302,1445 3330,1445 3358,1445 3387,1444"/>
                <TextEquiv>
                    <Unicode>Berlin noch unbekannte Oper</Unicode>
                </TextEquiv>
            </TextLine>
            <TextLine id="r1l8" custom="readingOrder {index:7;}">
                <Coords points="401,1449 1543,1482 1625,1476 1626,1432 402,1397"/>
                <Baseline points="419,1443 478,1445 537,1447 596,1448 656,1450 715,1451 774,1453 834,1454 893,1455 952,1456 1012,1457 1071,1459 1130,1460 1189,1461 1249,1462 1308,1464 1367,1465 1427,1467 1486,1468 1545,1471 1605,1472"/>
                <TextEquiv>
                    <Unicode>benen sei. Auf den Straßen Brügges irrt Hugo des Abends</Unicode>
                </TextEquiv>
            </TextLine>
            <TextLine id="r1l9" custom="readingOrder {index:8;}">
                <Coords points="1613,1482 2714,1509 2810,1506 2811,1447 1613,1423"/>
                <Baseline points="1630,1473 1688,1475 1746,1476 1804,1477 1862,1478 1920,1479 1978,1480 2036,1480 2094,1481 2152,1481 2210,1482 2268,1483 2326,1483 2384,1484 2442,1484 2500,1485 2558,1485 2616,1485 2674,1486 2732,1486 2791,1487"/>
                <TextEquiv>
                    <Unicode>zweiflung über den Verlust seines Weibes ein Götzenbild</Unicode>
                </TextEquiv>
            </TextLine>
            <TextLine id="r1l10" custom="readingOrder {index:9;}">
                <Coords points="2813,1493 3117,1497 3177,1479 3206,1498 3369,1501 3399,1493 3400,1456 3289,1440 3192,1457 3062,1437 3044,1451 2814,1445"/>
                <Baseline points="2830,1485 2857,1483 2885,1483 2912,1482 2940,1482 2967,1482 2995,1482 3022,1482 3050,1483 3077,1484 3105,1485 3132,1486 3160,1486 3187,1487 3215,1488 3242,1488 3270,1489 3297,1489 3325,1488 3352,1487 3380,1487"/>
                <TextEquiv>
                    <Unicode>„Verkaufte Braut“ fast über</Unicode>
                </TextEquiv>
            </TextLine>
            <TextLine id="r1l11" custom="readingOrder {index:10;}">
                <Coords points="399,1502 1623,1522 1624,1477 1095,1445 401,1450"/>
                <Baseline points="417,1486 476,1487 535,1488 595,1490 654,1491 714,1493 773,1495 832,1496 892,1498 951,1499 1011,1501 1070,1502 1129,1504 1189,1505 1248,1507 1308,1508 1367,1510 1426,1511 1486,1513 1545,1514 1605,1516"/>
                <TextEquiv>
                    <Unicode>einher und sucht vergeblich die Kraft, mit der Tänzerin zu</Unicode>
                </TextEquiv>
            </TextLine>
            <TextLine id="r1l12" custom="readingOrder {index:11;}">
                <Coords points="1607,1521 1733,1552 1841,1516 2801,1538 2801,1494 2598,1484 1607,1480"/>
                <Baseline points="1626,1517 1683,1519 1741,1520 1799,1520 1857,1521 1915,1522 1973,1523 2030,1523 2088,1524 2146,1525 2204,1525 2262,1526 2320,1527 2378,1527 2435,1528 2493,1528 2551,1529 2609,1530 2667,1530 2725,1531 2783,1532"/>
                <TextEquiv>
                    <Unicode>schafft, bis er es, zur Selbsterkenntniß gelangt, wieder zer¬</Unicode>
                </TextEquiv>
            </TextLine>
            <TextLine id="r1l13" custom="readingOrder {index:12;}">
                <Coords points="2803,1537 3393,1537 3393,1485 2803,1485"/>
                <Baseline points="2821,1529 2848,1529 2876,1528 2903,1528 2931,1528 2959,1528 2986,1528 3014,1528 3041,1528 3069,1528 3097,1528 3124,1528 3152,1528 3179,1528 3207,1528 3235,1528 3262,1528 3290,1528 3317,1529 3345,1529 3373,1529"/>
                <TextEquiv>
                    <Unicode>gangen ist, so gebietet es die</Unicode>
                </TextEquiv>
            </TextLine>
            <TextLine id="r1l14" custom="readingOrder {index:13;}">
                <Coords points="401,1531 1624,1564 1625,1519 1551,1510 402,1486"/>
                <Baseline points="419,1529 478,1531 537,1533 596,1534 656,1536 715,1538 774,1539 834,1540 893,1541 952,1543 1012,1544 1071,1545 1130,1546 1189,1548 1249,1549 1308,1551 1367,1552 1427,1554 1486,1556 1545,1558 1605,1560"/>
                <TextEquiv>
                    <Unicode>brechen, die ihn durch ihre Künste gerade so sinnlich fesselt,</Unicode>
                </TextEquiv>
            </TextLine>
            <TextLine id="r1l15" custom="readingOrder {index:14;}">
                <Coords points="1615,1575 2809,1585 2809,1540 2713,1524 1615,1520"/>
                <Baseline points="1635,1564 1692,1564 1750,1564 1808,1564 1866,1564 1924,1564 1981,1565 2039,1565 2097,1566 2155,1567 2213,1568 2270,1569 2328,1570 2386,1570 2444,1571 2502,1572 2559,1572 2617,1573 2675,1574 2733,1574 2791,1574"/>
                <TextEquiv>
                    <Unicode>stört. Fräulein Triesch hatte als Tänzerin die Linie</Unicode>
                </TextEquiv>
            </TextLine>
            <TextLine id="r1l16" custom="readingOrder {index:15;}">
                <Coords points="2807,1583 2878,1565 2966,1591 2996,1573 3412,1579 3412,1549 3304,1530 3182,1537 3108,1518 3048,1543 2807,1520"/>
                <Baseline points="2826,1572 2854,1572 2882,1572 2910,1572 2939,1572 2967,1572 2995,1572 3024,1572 3052,1572 3080,1572 3109,1572 3137,1572 3165,1572 3193,1573 3222,1573 3250,1573 3278,1573 3307,1574 3335,1574 3363,1575 3392,1576"/>
                <TextEquiv>
                    <Unicode>zu wenden, dieser Aufführun</Unicode>
                </TextEquiv>
            </TextLine>
            <TextLine id="r1l17" custom="readingOrder {index:16;}">
                <Coords points="397,1579 1476,1611 1628,1608 1629,1571 398,1527"/>
                <Baseline points="415,1574 474,1575 534,1577 593,1578 653,1579 713,1581 772,1582 832,1583 892,1585 951,1586 1011,1588 1071,1589 1130,1591 1190,1592 1250,1594 1309,1595 1369,1596 1429,1598 1488,1599 1548,1600 1608,1602"/>
                <TextEquiv>
                    <Unicode>wie seine Seele der Verstorbenen gehört. Er sieht seine</Unicode>
                </TextEquiv>
            </TextLine>
            <TextLine id="r1l18" custom="readingOrder {index:17;}">
                <Coords points="1608,1604 2754,1631 2813,1624 2814,1576 1608,1563"/>
                <Baseline points="1628,1604 1686,1605 1744,1606 1803,1607 1861,1608 1919,1609 1978,1610 2036,1610 2094,1611 2153,1612 2211,1613 2269,1613 2328,1614 2386,1614 2444,1615 2503,1615 2561,1615 2619,1615 2678,1616 2736,1616 2795,1616"/>
                <TextEquiv>
                    <Unicode>gleichfalls nicht richtig erfaßt, die für die Charakteristik dieser</Unicode>
                </TextEquiv>
            </TextLine>
            <TextLine id="r1l19" custom="readingOrder {index:18;}">
                <Coords points="2802,1623 2980,1609 3006,1628 3410,1636 3410,1573 2802,1579"/>
                <Baseline points="2819,1616 2847,1616 2876,1615 2904,1615 2933,1615 2961,1615 2990,1615 3018,1615 3047,1615 3075,1615 3104,1615 3133,1615 3161,1615 3190,1616 3218,1616 3247,1616 3275,1616 3304,1617 3332,1617 3361,1617 3390,1618"/>
                <TextEquiv>
                    <Unicode>geben. Eine Oper von S#</Unicode>
                </TextEquiv>
            </TextLine>
            <TextLine id="r1l20" custom="readingOrder {index:19;}">
                <Coords points="398,1633 2816,1665 2817,1602 399,1581"/>
                <Baseline points="416,1621 535,1622 654,1624 773,1626 892,1628 1011,1630 1130,1633 1249,1636 1368,1639 1487,1642 1607,1645 1726,1649 1845,1651 1964,1654 2083,1656 2202,1658 2321,1659 2440,1660 2559,1661 2678,1660 2798,1659"/>
                <TextEquiv>
                    <Unicode>Todte überall und spricht mit ihr. Plötzlich erscheint sie im Rolle gezogen ist. Sie darf nicht gleich beim ersten Auftreten</Unicode>
                </TextEquiv>
            </TextLine>
            <TextLine id="r1l21" custom="readingOrder {index:20;}">
                <Coords points="2795,1650 2928,1673 3403,1669 3403,1632 3292,1620 2795,1616"/>
                <Baseline points="2813,1657 2841,1656 2870,1656 2898,1656 2927,1656 2956,1656 2984,1657 3013,1657 3041,1658 3070,1658 3099,1659 3127,1659 3156,1660 3184,1660 3213,1661 3242,1661 3270,1660 3299,1660 3327,1659 3356,1658 3385,1657"/>
                <TextEquiv>
                    <Unicode>in den Hauptrollen besetzt w#</Unicode>
                </TextEquiv>
            </TextLine>
            <TextLine id="r1l22" custom="readingOrder {index:21;}">
                <Coords points="402,1671 1607,1693 1608,1652 1097,1615 403,1633"/>
                <Baseline points="420,1663 478,1664 536,1665 595,1666 653,1666 712,1667 770,1669 829,1670 887,1671 946,1672 1004,1674 1062,1675 1121,1676 1179,1678 1238,1679 1296,1681 1355,1682 1413,1683 1472,1685 1530,1686 1589,1687"/>
                <TextEquiv>
                    <Unicode>Nebel vor ihm mit den Zügen der Tänzerin und redet zu</Unicode>
                </TextEquiv>
            </TextLine>
            <TextLine id="r1l23" custom="readingOrder {index:22;}">
                <Coords points="1611,1693 3402,1719 3402,1671 2991,1646 1611,1656"/>
                <Baseline points="1630,1686 1717,1690 1805,1694 1892,1696 1980,1698 2068,1700 2155,1701 2243,1702 2331,1703 2418,1703 2506,1703 2594,1703 2681,1703 2769,1702 2857,1702 2944,1702 3032,1702 3120,1702 3207,1702 3295,1703 3383,1704"/>
                <TextEquiv>
                    <Unicode>als leichtfertige Person gespielt werden, weil die Täuschung leicht erwartete Augenblickser</Unicode>
                </TextEquiv>
            </TextLine>
            <TextLine id="r1l24" custom="readingOrder {index:23;}">
                <Coords points="400,1714 2673,1764 2811,1707 401,1670"/>
                <Baseline points="417,1706 535,1708 654,1710 773,1712 892,1714 1010,1717 1129,1720 1248,1723 1367,1726 1485,1728 1604,1731 1723,1734 1842,1737 1960,1739 2079,1741 2198,1743 2317,1745 2435,1747 2554,1748 2673,1748 2792,1748"/>
                <TextEquiv>
                    <Unicode>ihm von dem verlorenen Liebesglück. Darauf verschwindet sonst von vornherein unmöglich wäre. Erst in dem Augen¬</Unicode>
                </TextEquiv>
            </TextLine>
            <TextLine id="r1l25" custom="readingOrder {index:24;}">
                <Coords points="2809,1748 3402,1759 3402,1722 3347,1710 2809,1704"/>
                <Baseline points="2826,1741 2855,1742 2884,1742 2914,1743 2943,1743 2973,1744 3002,1744 3031,1744 3061,1745 3090,1745 3120,1745 3149,1746 3179,1746 3208,1747 3237,1747 3267,1747 3296,1747 3326,1748 3355,1748 3385,1748"/>
                <TextEquiv>
                    <Unicode>die Pflicht, dem musikalischen</Unicode>
                </TextEquiv>
            </TextLine>
            <TextLine id="r1l26" custom="readingOrder {index:25;}">
                <Coords points="400,1755 2803,1805 2734,1740 401,1710"/>
                <Baseline points="418,1751 536,1752 654,1754 773,1756 891,1758 1009,1760 1128,1763 1246,1765 1364,1768 1483,1771 1601,1773 1719,1776 1838,1779 1956,1781 2074,1783 2193,1785 2311,1787 2429,1789 2548,1790 2666,1791 2785,1791"/>
                <TextEquiv>
                    <Unicode>die Erscheinung und er gewahrt wieder die Tänzerin, wie sie blick, als sie das Kostüm der Verstorhenen anlegt und damit</Unicode>
                </TextEquiv>
            </TextLine>
            <TextLine id="r1l27" custom="readingOrder {index:26;}">
                <Coords points="2806,1792 3395,1804 3396,1760 2806,1748"/>
                <Baseline points="2825,1786 2852,1786 2880,1787 2907,1787 2935,1788 2962,1789 2990,1789 3017,1790 3045,1790 3072,1791 3100,1791 3128,1792 3155,1792 3183,1792 3210,1793 3238,1793 3265,1793 3293,1793 3320,1793 3348,1792 3376,1792"/>
                <TextEquiv>
                    <Unicode>des Werkes zu bieten. Man</Unicode>
                </TextEquiv>
            </TextLine>
            <TextLine id="r1l28" custom="readingOrder {index:27;}">
                <Coords points="399,1799 2809,1846 400,1755"/>
                <Baseline points="418,1796 536,1797 655,1798 773,1800 892,1801 1011,1804 1129,1806 1248,1809 1366,1811 1485,1815 1604,1817 1722,1820 1841,1823 1959,1825 2078,1828 2197,1830 2315,1832 2434,1833 2552,1834 2671,1835 2790,1835"/>
                <TextEquiv>
                    <Unicode>zu einem frechen Abenteuer auf die Straße schleicht. Da zu tänzeln anfängt, bricht der angefaulte Kern ihres Na¬</Unicode>
                </TextEquiv>
            </TextLine>
            <TextLine id="r1l29" custom="readingOrder {index:28;}">
                <Coords points="2795,1830 3395,1848 3396,1803 2795,1789"/>
                <Baseline points="2813,1832 2841,1832 2869,1832 2897,1832 2926,1832 2954,1832 2982,1833 3010,1834 3039,1834 3067,1835 3095,1835 3123,1836 3152,1836 3180,1837 3208,1837 3236,1837 3265,1837 3293,1837 3321,1837 3349,1836 3378,1835"/>
                <TextEquiv>
                    <Unicode>Publikum nicht die Aufgabe</Unicode>
                </TextEquiv>
            </TextLine>
            <TextLine id="r1l30" custom="readingOrder {index:29;}">
                <Coords points="394,1840 1621,1879 1623,1816 395,1799"/>
                <Baseline points="412,1837 471,1838 531,1839 590,1840 650,1841 710,1842 769,1843 829,1844 888,1845 948,1846 1008,1847 1067,1848 1127,1849 1186,1851 1246,1852 1306,1853 1365,1855 1425,1856 1484,1858 1544,1859 1604,1861"/>
                <TextEquiv>
                    <Unicode>überhäuft sie Hugo mit Vorwürfen und um sich von ihr zu</Unicode>
                </TextEquiv>
            </TextLine>
            <TextLine id="r1l31" custom="readingOrder {index:30;}">
                <Coords points="1604,1883 1682,1876 1701,1891 1723,1869 1753,1866 1783,1877 1935,1875 1935,1823 1909,1819 1605,1828"/>
                <Baseline points="1624,1861 1650,1862 1677,1862 1704,1862 1730,1862 1757,1862 1784,1862 1811,1862 1837,1863 1864,1863 1891,1864 1918,1865"/>
                <TextEquiv>
                    <Unicode>turells hervor.</Unicode>
                </TextEquiv>
            </TextLine>
            <TextLine id="r1l32" custom="readingOrder {index:31;}">
                <Coords points="2802,1876 3302,1894 3399,1877 3399,1836 2802,1832"/>
                <Baseline points="2819,1872 2847,1873 2875,1874 2903,1874 2931,1875 2959,1876 2987,1876 3016,1877 3044,1877 3072,1878 3100,1878 3128,1879 3156,1879 3184,1879 3213,1880 3241,1880 3269,1880 3297,1880 3325,1879 3353,1879 3382,1879"/>
                <TextEquiv>
                    <Unicode>Urtheil über ein unbekanntes</Unicode>
                </TextEquiv>
            </TextLine>
            <TextLine id="r1l33" custom="readingOrder {index:32;}">
                <Coords points="398,1881 1513,1925 1626,1875 398,1844"/>
                <Baseline points="417,1878 476,1880 536,1882 595,1884 655,1886 714,1887 774,1889 833,1890 893,1891 952,1892 1012,1893 1071,1894 1131,1895 1190,1896 1250,1897 1309,1898 1369,1899 1428,1900 1488,1900 1547,1902 1607,1903"/>
                <TextEquiv>
                    <Unicode>trennen, erklärt er ihr, daß er sie selbst niemals geliebt, son¬</Unicode>
                </TextEquiv>
            </TextLine>
            <TextLine id="r1l34" custom="readingOrder {index:33;}">
                <Coords points="1693,1909 2742,1934 2813,1931 2814,1864 1693,1876"/>
                <Baseline points="1713,1908 1767,1909 1821,1910 1875,1911 1929,1911 1983,1912 2037,1913 2091,1915 2145,1916 2199,1917 2253,1918 2307,1918 2361,1919 2415,1920 2469,1920 2523,1921 2577,1921 2631,1921 2685,1920 2739,1920 2793,1919"/>
                <TextEquiv>
                    <Unicode>Dem Rodenbachschen Drama ging ein einaktiges Stück</Unicode>
                </TextEquiv>
            </TextLine>
            <TextLine id="r1l35" custom="readingOrder {index:34;}">
                <Coords points="2799,1926 3400,1937 3400,1878 3319,1892 2800,1878"/>
                <Baseline points="2816,1917 2844,1917 2872,1917 2900,1918 2929,1918 2957,1919 2985,1919 3014,1919 3042,1920 3070,1921 3099,1921 3127,1922 3155,1922 3183,1922 3212,1923 3240,1923 3268,1923 3297,1923 3325,1923 3353,1922 3382,1922"/>
                <TextEquiv>
                    <Unicode>lerischen Vorbedingungen nich</Unicode>
                </TextEquiv>
            </TextLine>
            <TextLine id="r1l36" custom="readingOrder {index:35;}">
                <Coords points="402,1939 1433,1945 1433,1901 403,1876"/>
                <Baseline points="421,1921 470,1923 520,1925 570,1926 619,1928 669,1930 719,1931 768,1932 818,1932 868,1933 918,1934 967,1934 1017,1935 1067,1936 1116,1936 1166,1937 1216,1937 1265,1938 1315,1938 1365,1939 1415,1940"/>
                <TextEquiv>
                    <Unicode>dern in ihr immer nur eine Andere gesehen habe.</Unicode>
                </TextEquiv>
            </TextLine>
            <TextLine id="r1l37" custom="readingOrder {index:36;}">
                <Coords points="1586,1954 2807,1958 2807,1925 2677,1919 1587,1906"/>
                <Baseline points="1606,1949 1665,1950 1724,1951 1783,1952 1842,1953 1901,1954 1960,1955 2020,1957 2079,1958 2138,1959 2197,1961 2256,1962 2315,1963 2374,1964 2434,1965 2493,1965 2552,1966 2611,1966 2670,1965 2729,1965 2789,1964"/>
                <TextEquiv>
                    <Unicode>von Arthur Schnitzler „Der Puppenspieler“</Unicode>
                </TextEquiv>
            </TextLine>
            <TextLine id="r1l38" custom="readingOrder {index:37;}">
                <Coords points="2799,1970 3281,1965 3381,1981 3407,1974 3408,1929 2799,1925"/>
                <Baseline points="2817,1962 2845,1962 2874,1963 2902,1963 2931,1963 2959,1963 2988,1963 3016,1964 3045,1964 3073,1964 3102,1965 3131,1965 3159,1966 3188,1966 3216,1966 3245,1967 3273,1967 3302,1968 3330,1968 3359,1968 3388,1969"/>
                <TextEquiv>
                    <Unicode>dem Zuhörerkreise hat Mu#</Unicode>
                </TextEquiv>
            </TextLine>
            <TextLine id="r1l39" custom="readingOrder {index:38;}">
                <Coords points="487,1968 2801,2019 2802,1959 488,1939"/>
                <Baseline points="507,1970 620,1971 734,1972 848,1974 961,1976 1075,1978 1189,1981 1302,1984 1416,1987 1530,1990 1644,1993 1757,1996 1871,1999 1985,2001 2098,2003 2212,2005 2326,2007 2439,2008 2553,2008 2667,2008 2781,2007"/>
                <TextEquiv>
                    <Unicode>Noch einmal weiß die Verworfene ihn in ihre Netze zu voraus. Ein heruntergekommener und vagabondirender</Unicode>
                </TextEquiv>
            </TextLine>
            <TextLine id="r1l40" custom="readingOrder {index:39;}">
                <Coords points="2799,2009 3288,2023 3325,2008 3351,2024 3403,2010 3404,1973 2799,1965"/>
                <Baseline points="2818,2005 2846,2005 2874,2005 2902,2005 2931,2006 2959,2006 2987,2007 3015,2007 3044,2008 3072,2009 3100,2010 3128,2010 3157,2011 3185,2012 3213,2012 3241,2013 3270,2013 3298,2013 3326,2014 3354,2014 3383,2013"/>
                <TextEquiv>
                    <Unicode>Kenntniß der Partitur auf an</Unicode>
                </TextEquiv>
            </TextLine>
            <TextLine id="r1l41" custom="readingOrder {index:40;}">
                <Coords points="391,2017 3391,2068 3392,2001 392,1957"/>
                <Baseline points="410,2008 558,2012 706,2015 854,2019 1002,2022 1151,2025 1299,2029 1447,2032 1595,2035 1743,2038 1892,2041 2040,2043 2188,2045 2336,2047 2484,2049 2633,2050 2781,2051 2929,2052 3077,2053 3225,2053 3374,2053"/>
                <TextEquiv>
                    <Unicode>locken und ihm einen Rausch zu versprechen, in dem er sein Schriftsteller, der sich auf den Willen Anderer eine magisch be= bare Mittheilung bei der Vorf</Unicode>
                </TextEquiv>
            </TextLine>
            <TextLine id="r1l42" custom="readingOrder {index:41;}">
                <Coords points="402,2065 3399,2067 403,2009"/>
                <Baseline points="420,2054 567,2057 715,2060 863,2063 1011,2066 1159,2069 1307,2072 1455,2075 1603,2078 1751,2081 1899,2083 2046,2086 2194,2088 2342,2090 2490,2092 2638,2093 2786,2095 2934,2096 3082,2097 3230,2097 3378,2097"/>
                <TextEquiv>
                    <Unicode>Weh vergessen werde. Aber schnell stürzt Alles zusammen, stimmende Wirkung zuschreibt und bei ihren Schicksalswen=schließlich führt man Opernn</Unicode>
                </TextEquiv>
            </TextLine>
            <TextLine id="r1l43" custom="readingOrder {index:42;}">
                <Coords points="398,2106 3398,2159 399,2068"/>
                <Baseline points="417,2099 565,2102 713,2104 861,2107 1009,2110 1158,2113 1306,2116 1454,2119 1602,2121 1750,2124 1899,2126 2047,2129 2195,2131 2343,2133 2491,2135 2640,2137 2788,2138 2936,2140 3084,2141 3232,2141 3381,2142"/>
                <TextEquiv>
                    <Unicode>was er sich an gefährlicher Illusion geschaffen hat. Das Ge¬ dungen die Fäden in der Hand zu haben glaubt, kommt in Zuhörer, sondern für ein in</Unicode>
                </TextEquiv>
            </TextLine>
            <TextLine id="r1l44" custom="readingOrder {index:43;}">
                <Coords points="396,2140 2806,2197 2592,2130 397,2103"/>
                <Baseline points="415,2142 533,2144 652,2146 771,2147 889,2149 1008,2152 1127,2154 1245,2156 1364,2158 1483,2161 1602,2163 1720,2165 1839,2168 1958,2170 2076,2172 2195,2174 2314,2176 2432,2177 2551,2179 2670,2180 2789,2181"/>
                <TextEquiv>
                    <Unicode>rede der Stadt über das schlimme Verhältniß ertönt auch in das bürgerlich glückliche Heim seines Freundes. der gerade</Unicode>
                </TextEquiv>
            </TextLine>
            <TextLine id="r1l45" custom="readingOrder {index:44;}">
                <Coords points="2799,2183 3032,2196 3084,2181 3181,2201 3288,2183 3348,2206 3400,2176 3400,2147 3341,2139 3170,2130 3133,2152 2799,2124"/>
                <Baseline points="2816,2180 2844,2181 2872,2182 2900,2182 2928,2183 2957,2183 2985,2183 3013,2183 3041,2183 3069,2183 3098,2183 3126,2183 3154,2183 3182,2183 3210,2184 3239,2184 3267,2184 3295,2185 3323,2185 3351,2186 3380,2187"/>
                <TextEquiv>
                    <Unicode>nahmefähiges Publikum auf.</Unicode>
                </TextEquiv>
            </TextLine>
            <TextLine id="r1l46" custom="readingOrder {index:45;}">
                <Coords points="393,2183 3397,2182 393,2143"/>
                <Baseline points="412,2185 560,2188 708,2190 856,2193 1005,2196 1153,2198 1301,2201 1450,2204 1598,2207 1746,2209 1895,2212 2043,2215 2191,2217 2339,2219 2488,2221 2636,2223 2784,2225 2933,2226 3081,2227 3229,2227 3378,2227"/>
                <TextEquiv>
                    <Unicode>seinem Hause immer lauter und treibt seine Wirthschafterin im Begriff steht, sich mit Frau und Kind an den sauber ge= der Bühnenleitung, auf die </Unicode>
                </TextEquiv>
            </TextLine>
            <TextLine id="r1l47" custom="readingOrder {index:46;}">
                <Coords points="395,2232 2809,2274 396,2184"/>
                <Baseline points="415,2230 533,2231 652,2233 771,2235 890,2237 1009,2239 1128,2241 1246,2243 1365,2246 1484,2248 1603,2251 1722,2253 1841,2255 1960,2258 2078,2260 2197,2261 2316,2263 2435,2264 2554,2266 2673,2266 2792,2267"/>
                <TextEquiv>
                    <Unicode>dahin, ihren Herrn zu verlassen. Während eine Prozession deckten Tisch zu setzen. Der Schriftsteller giebt dabei den</Unicode>
                </TextEquiv>
            </TextLine>
            <TextLine id="r1l48" custom="readingOrder {index:47;}">
                <Coords points="2794,2279 2950,2266 3398,2289 3399,2230 3377,2226 2795,2227"/>
                <Baseline points="2814,2270 2842,2269 2870,2269 2898,2268 2927,2268 2955,2268 2983,2269 3012,2269 3040,2270 3068,2271 3097,2272 3125,2272 3153,2273 3181,2274 3210,2275 3238,2276 3266,2276 3295,2276 3323,2276 3351,2276 3380,2275"/>
                <TextEquiv>
                    <Unicode>größte Sorgfalt aufzuwenden</Unicode>
                </TextEquiv>
            </TextLine>
            <TextLine id="r1l49" custom="readingOrder {index:48;}">
                <Coords points="398,2279 1614,2304 1615,2252 1519,2240 399,2231"/>
                <Baseline points="417,2276 475,2276 534,2277 593,2277 652,2278 711,2278 770,2279 829,2280 888,2281 947,2282 1006,2282 1064,2283 1123,2284 1182,2285 1241,2286 1300,2287 1359,2288 1418,2289 1477,2290 1536,2291 1595,2292"/>
                <TextEquiv>
                    <Unicode>an seinen Fenstern vorbeizieht und die ausgestorbene Stadt</Unicode>
                </TextEquiv>
            </TextLine>
            <TextLine id="r1l50" custom="readingOrder {index:49;}">
                <Coords points="1604,2297 2824,2301 2824,2271 2709,2259 1604,2260"/>
                <Baseline points="1623,2295 1682,2296 1741,2298 1800,2299 1859,2300 1918,2300 1977,2301 2036,2302 2095,2302 2154,2303 2213,2303 2272,2304 2331,2304 2390,2305 2449,2305 2508,2306 2567,2307 2626,2308 2685,2310 2744,2311 2804,2313"/>
                <TextEquiv>
                    <Unicode>Glauben an seine Ueberlegenheit keineswegs auf, verweigert</Unicode>
                </TextEquiv>
            </TextLine>
            <TextLine id="r1l51" custom="readingOrder {index:50;}">
                <Coords points="2800,2325 2911,2304 2944,2323 3393,2333 3394,2266 3238,2286 3064,2265 2800,2269"/>
                <Baseline points="2817,2314 2844,2313 2872,2313 2900,2313 2928,2313 2956,2313 2984,2313 3011,2313 3039,2314 3067,2314 3095,2315 3123,2315 3151,2316 3179,2316 3206,2317 3234,2317 3262,2318 3290,2318 3318,2319 3346,2319 3374,2319"/>
                <TextEquiv>
                    <Unicode>schen Berathern nicht entgang</Unicode>
                </TextEquiv>
            </TextLine>
            <TextLine id="r1l52" custom="readingOrder {index:51;}">
                <Coords points="391,2320 1615,2344 1615,2303 1482,2287 391,2290"/>
                <Baseline points="410,2318 469,2318 528,2318 587,2318 647,2319 706,2319 765,2320 825,2321 884,2321 943,2322 1003,2323 1062,2324 1121,2325 1180,2326 1240,2327 1299,2328 1358,2329 1418,2330 1477,2331 1536,2332 1596,2333"/>
                <TextEquiv>
                    <Unicode>mit den Helden und Heiligen der alten Maler wieder lebendig</Unicode>
                </TextEquiv>
            </TextLine>
            <TextLine id="r1l53" custom="readingOrder {index:52;}">
                <Coords points="1603,2345 2808,2371 2809,2323 2683,2310 1604,2297"/>
                <Baseline points="1623,2340 1681,2341 1739,2341 1798,2342 1856,2343 1914,2343 1973,2344 2031,2344 2089,2345 2148,2346 2206,2346 2264,2347 2323,2348 2381,2348 2439,2349 2498,2350 2556,2351 2614,2352 2673,2353 2731,2354 2790,2355"/>
                <TextEquiv>
                    <Unicode>jede Rückkehr zu einer vernünftigen Existenz und verschmäht</Unicode>
                </TextEquiv>
            </TextLine>
            <TextLine id="r1l54" custom="readingOrder {index:53;}">
                <Coords points="2804,2366 2963,2369 3008,2347 3063,2374 3394,2372 3394,2331 3339,2323 2909,2309 2805,2325"/>
                <Baseline points="2822,2355 2849,2355 2877,2355 2905,2355 2932,2356 2960,2357 2988,2357 3015,2358 3043,2359 3071,2359 3099,2360 3126,2360 3154,2361 3182,2361 3209,2362 3237,2362 3265,2362 3292,2362 3320,2362 3348,2362 3376,2361"/>
                <TextEquiv>
                    <Unicode>„Dalibor“ nicht zu jenen Ope</Unicode>
                </TextEquiv>
            </TextLine>
            <TextLine id="r1l55" custom="readingOrder {index:54;}">
                <Coords points="385,2365 2807,2367 385,2321"/>
                <Baseline points="404,2363 523,2364 642,2364 761,2365 880,2366 1000,2368 1119,2369 1238,2372 1357,2374 1476,2376 1596,2378 1715,2381 1834,2383 1953,2385 2072,2387 2192,2389 2311,2391 2430,2393 2549,2395 2668,2396 2788,2397"/>
                <TextEquiv>
                    <Unicode>zu werden scheint, besucht ihn die Tänzerin und zeigt das sogar den Platz am Tisch seines Freundes mit der Bemerkung,</Unicode>
                </TextEquiv>
            </TextLine>
            <TextLine id="r1l56" custom="readingOrder {index:55;}">
                <Coords points="2798,2404 3369,2416 3391,2413 3392,2372 3214,2365 3196,2349 3047,2368 3011,2349 2977,2367 2799,2356"/>
                <Baseline points="2815,2396 2842,2396 2870,2397 2898,2397 2926,2398 2954,2399 2981,2399 3009,2400 3037,2401 3065,2402 3093,2402 3120,2403 3148,2404 3176,2404 3204,2405 3232,2405 3259,2406 3287,2406 3315,2406 3343,2406 3371,2406"/>
                <TextEquiv>
                    <Unicode>und sorgsam erwogene Auffa</Unicode>
                </TextEquiv>
            </TextLine>
            <TextLine id="r1l57" custom="readingOrder {index:56;}">
                <Coords points="396,2412 1616,2435 1617,2383 1506,2374 397,2371"/>
                <Baseline points="416,2404 475,2405 534,2406 593,2406 652,2407 711,2407 770,2408 829,2409 888,2409 947,2410 1007,2411 1066,2412 1125,2412 1184,2413 1243,2414 1302,2415 1361,2416 1420,2417 1479,2417 1538,2418 1598,2419"/>
                <TextEquiv>
                    <Unicode>Niedrige ihres Charakters, während er die Tiefe der Schmach</Unicode>
                </TextEquiv>
            </TextLine>
            <TextLine id="r1l58" custom="readingOrder {index:57;}">
                <Coords points="1594,2438 2795,2453 2796,2402 1594,2390"/>
                <Baseline points="1613,2426 1671,2427 1729,2428 1787,2429 1845,2429 1904,2430 1962,2431 2020,2431 2078,2432 2136,2433 2195,2433 2253,2434 2311,2434 2369,2435 2427,2436 2486,2437 2544,2438 2602,2439 2660,2439 2718,2441 2777,2442"/>
                <TextEquiv>
                    <Unicode>daß er sein Mittagbrod immer in der Tasche bei sich führe.</Unicode>
                </TextEquiv>
            </TextLine>
            <TextLine id="r1l59" custom="readingOrder {index:58;}">
                <Coords points="2797,2445 3394,2459 3395,2400 2797,2400"/>
                <Baseline points="2814,2440 2842,2441 2870,2442 2898,2442 2926,2443 2954,2444 2982,2444 3010,2445 3038,2445 3066,2446 3094,2446 3122,2447 3150,2447 3178,2447 3206,2447 3234,2447 3262,2447 3290,2447 3318,2447 3346,2447 3374,2447"/>
                <TextEquiv>
                    <Unicode>durch die ihnen innewohnende</Unicode>
                </TextEquiv>
            </TextLine>
            <TextLine id="r1l60" custom="readingOrder {index:59;}">
                <Coords points="395,2443 3265,2512 3399,2436 395,2406"/>
                <Baseline points="414,2446 562,2448 710,2451 858,2454 1007,2456 1155,2459 1303,2461 1452,2464 1600,2466 1748,2469 1897,2471 2045,2474 2193,2476 2341,2478 2490,2481 2638,2483 2786,2485 2935,2487 3083,2489 3231,2491 3380,2493"/>
                <TextEquiv>
                    <Unicode>erkennt, in die er versunken ist. Sie spielt leichtfertig mit Dieser Stolz in Lumpen hätte weit erfreulicher und über- hörer wirken. Eine „heroische</Unicode>
                </TextEquiv>
            </TextLine>
            <TextLine id="r1l61" custom="readingOrder {index:60;}">
                <Coords points="390,2495 1617,2520 1618,2465 390,2439"/>
                <Baseline points="409,2490 468,2491 527,2491 587,2492 646,2493 706,2494 765,2495 824,2495 884,2496 943,2497 1003,2498 1062,2500 1121,2500 1181,2502 1240,2502 1300,2503 1359,2504 1418,2505 1478,2505 1537,2506 1597,2506"/>
                <TextEquiv>
                    <Unicode>den Erinnerungen an seine Frau, die ihm wie Heiligthümer</Unicode>
                </TextEquiv>
            </TextLine>
            <TextLine id="r1l62" custom="readingOrder {index:61;}">
                <Coords points="1594,2525 3396,2546 3397,2498 1595,2470"/>
                <Baseline points="1613,2512 1701,2514 1789,2516 1877,2517 1965,2518 2054,2520 2142,2521 2230,2522 2318,2523 2406,2524 2495,2525 2583,2526 2671,2527 2759,2528 2847,2529 2936,2531 3024,2532 3112,2533 3200,2535 3288,2537 3377,2539"/>
                <TextEquiv>
                    <Unicode>zeugender gewirkt ohne den sentimental grüblerischen Zug tischen Textbuch krankt, bedam</Unicode>
                </TextEquiv>
            </TextLine>
            <TextLine id="r1l63" custom="readingOrder {index:62;}">
                <Coords points="389,2535 1613,2561 1614,2516 1369,2490 390,2491"/>
                <Baseline points="408,2533 467,2534 526,2534 585,2535 645,2536 704,2537 763,2538 822,2538 882,2540 941,2541 1000,2542 1059,2543 1119,2544 1178,2545 1237,2546 1296,2547 1356,2547 1415,2548 1474,2548 1533,2548 1593,2548"/>
                <TextEquiv>
                    <Unicode>erscheinen, und als sie sich sogar an den Flechten der Todten</Unicode>
                </TextEquiv>
            </TextLine>
            <TextLine id="r1l64" custom="readingOrder {index:63;}">
                <Coords points="1598,2557 2807,2582 2808,2522 2708,2510 1599,2512"/>
                <Baseline points="1617,2554 1675,2554 1734,2555 1792,2555 1851,2556 1909,2557 1968,2558 2026,2559 2085,2560 2143,2561 2202,2562 2260,2563 2319,2564 2377,2565 2436,2566 2494,2567 2553,2567 2611,2568 2670,2568 2728,2568 2787,2569"/>
                <TextEquiv>
                    <Unicode>und das Unterstreichen aller Gedanken im Spiel des Herrn</Unicode>
                </TextEquiv>
            </TextLine>
            <TextLine id="r1l65" custom="readingOrder {index:64;}">
                <Coords points="2797,2573 2886,2593 2912,2571 3182,2593 3312,2583 3338,2602 3397,2588 3398,2547 3287,2546 3261,2523 3227,2545 2797,2529"/>
                <Baseline points="2816,2567 2844,2569 2872,2571 2900,2571 2928,2572 2956,2574 2984,2574 3012,2575 3040,2575 3068,2576 3097,2576 3125,2576 3153,2576 3181,2576 3209,2576 3237,2576 3265,2576 3293,2576 3321,2576 3349,2577 3378,2577"/>
                <TextEquiv>
                    <Unicode>rung durch gründliche Einstud</Unicode>
                </TextEquiv>
            </TextLine>
            <TextLine id="r1l66" custom="readingOrder {index:65;}">
                <Coords points="393,2596 1506,2607 1599,2594 1600,2550 394,2536"/>
                <Baseline points="414,2576 472,2576 530,2576 589,2577 647,2578 705,2579 764,2579 822,2581 880,2582 939,2583 997,2585 1055,2586 1114,2587 1172,2588 1230,2590 1289,2590 1347,2591 1405,2592 1464,2592 1522,2592 1581,2592"/>
                <TextEquiv>
                    <Unicode>vergreift, verlangt er diese wurhend von ihr zurück. Sie ge¬</Unicode>
                </TextEquiv>
            </TextLine>
            <TextLine id="r1l67" custom="readingOrder {index:66;}">
                <Coords points="1593,2593 2791,2622 2792,2578 2488,2556 1594,2556"/>
                <Baseline points="1613,2597 1671,2598 1729,2599 1787,2599 1845,2600 1903,2601 1961,2602 2019,2602 2077,2603 2135,2604 2193,2604 2251,2605 2309,2605 2367,2606 2425,2607 2483,2607 2541,2608 2599,2609 2657,2610 2715,2611 2773,2612"/>
                <TextEquiv>
                    <Unicode>[Bassermann. Wir sehen in dieser Figur vielmehr einen</Unicode>
                </TextEquiv>
            </TextLine>
            <TextLine id="r1l68" custom="readingOrder {index:67;}">
                <Coords points="2796,2620 3159,2635 3182,2617 3241,2637 3397,2637 3398,2588 3116,2567 3042,2588 2797,2575"/>
                <Baseline points="2815,2612 2843,2612 2871,2613 2899,2614 2927,2615 2955,2616 2983,2617 3011,2618 3039,2619 3067,2620 3096,2621 3124,2621 3152,2622 3180,2623 3208,2623 3236,2623 3264,2623 3292,2623 3320,2623 3348,2622 3377,2621"/>
                <TextEquiv>
                    <Unicode>des Bühnenleiters heraus, i</Unicode>
                </TextEquiv>
            </TextLine>
            <TextLine id="r1l69" custom="readingOrder {index:68;}">
                <Coords points="388,2621 1486,2652 1612,2639 1613,2590 708,2566 389,2595"/>
                <Baseline points="408,2621 467,2621 526,2621 585,2622 644,2623 704,2623 763,2624 822,2625 881,2626 940,2627 1000,2628 1059,2629 1118,2631 1177,2632 1236,2632 1296,2633 1355,2634 1414,2635 1473,2635 1532,2635 1592,2635"/>
                <TextEquiv>
                    <Unicode>währt ihm seinen Wunsch nicht. Er ergreift das Haar, das</Unicode>
                </TextEquiv>
            </TextLine>
            <TextLine id="r1l70" custom="readingOrder {index:69;}">
                <Coords points="1607,2642 2808,2676 2808,2624 2556,2606 1607,2605"/>
                <Baseline points="1624,2639 1682,2641 1740,2642 1798,2643 1856,2644 1915,2645 1973,2646 2031,2647 2089,2647 2147,2648 2206,2649 2264,2649 2322,2650 2380,2651 2438,2651 2497,2652 2555,2652 2613,2653 2671,2654 2729,2654 2788,2655"/>
                <TextEquiv>
                    <Unicode>naiv heitern Menschen, dessen Weltverachtung einen unbeug¬</Unicode>
                </TextEquiv>
            </TextLine>
            <TextLine id="r1l71" custom="readingOrder {index:70;}">
                <Coords points="2785,2669 3408,2693 3409,2637 3312,2624 2915,2630 2879,2611 2786,2628"/>
                <Baseline points="2804,2657 2833,2657 2862,2658 2891,2659 2920,2660 2950,2660 2979,2660 3008,2661 3037,2662 3066,2662 3096,2663 3125,2663 3154,2663 3183,2664 3212,2664 3242,2664 3271,2664 3300,2664 3329,2665 3358,2665 3388,2665"/>
                <TextEquiv>
                    <Unicode>Seite des Werkes das Schwe#</Unicode>
                </TextEquiv>
            </TextLine>
            <TextLine id="r1l72" custom="readingOrder {index:71;}">
                <Coords points="386,2688 2733,2712 2801,2654 387,2621"/>
                <Baseline points="406,2663 524,2664 643,2665 762,2666 881,2668 1000,2670 1118,2672 1237,2675 1356,2677 1475,2679 1594,2682 1712,2684 1831,2686 1950,2688 2069,2690 2188,2692 2306,2694 2425,2695 2544,2696 2663,2697 2782,2697"/>
                <TextEquiv>
                    <Unicode>sich um ihren Hals geleat hat und erwürgt sie damit. Nicht samen und unheilbaren Größenwahn mit sich bringt, der aber</Unicode>
                </TextEquiv>
            </TextLine>
            <TextLine id="r1l73" custom="readingOrder {index:72;}">
                <Coords points="2786,2713 2823,2721 2856,2711 2897,2723 2927,2705 2979,2709 2990,2721 3016,2706 3030,2718 3120,2708 3120,2679 2980,2657 2786,2669"/>
                <Baseline points="2806,2698 2832,2699 2859,2699 2886,2700 2913,2701 2940,2701 2966,2702 2993,2702 3020,2703 3047,2703 3074,2703 3101,2704"/>
                <TextEquiv>
                    <Unicode>verlegen wäre.</Unicode>
                </TextEquiv>
            </TextLine>
            <TextLine id="r1l74" custom="readingOrder {index:73;}">
                <Coords points="400,2705 1579,2748 1602,2685 400,2668"/>
                <Baseline points="418,2708 476,2709 534,2709 592,2709 651,2710 709,2710 767,2711 826,2712 884,2713 942,2713 1001,2714 1059,2716 1117,2716 1175,2717 1234,2718 1292,2718 1350,2719 1409,2719 1467,2719 1525,2719 1584,2719"/>
                <TextEquiv>
                    <Unicode>seine Hand scheint das Verbrechen verübt, sondern die Todte</Unicode>
                </TextEquiv>
            </TextLine>
            <TextLine id="r1l75" custom="readingOrder {index:74;}">
                <Coords points="1595,2734 2808,2756 2808,2715 2746,2703 1596,2682"/>
                <Baseline points="1615,2728 1673,2729 1732,2729 1791,2730 1850,2731 1909,2732 1967,2732 2026,2733 2085,2734 2144,2735 2203,2735 2261,2736 2320,2737 2379,2738 2438,2738 2497,2739 2555,2739 2614,2740 2673,2741 2732,2741 2791,2742"/>
                <TextEquiv>
                    <Unicode>nicht wie ein Hamlet der Straße einherschleicht, sondern in</Unicode>
                </TextEquiv>
            </TextLine>
            <TextLine id="r1l76" custom="readingOrder {index:75;}">
                <Coords points="2881,2748 3267,2766 3300,2752 3352,2768 3404,2754 3405,2694 3361,2712 3316,2685 3157,2682 3086,2718 2882,2696"/>
                <Baseline points="2899,2744 2924,2745 2950,2747 2976,2748 3001,2749 3027,2749 3053,2750 3078,2750 3104,2750 3130,2750 3155,2750 3181,2750 3207,2750 3232,2750 3258,2751 3284,2752 3309,2753 3335,2754 3361,2755 3387,2758"/>
                <TextEquiv>
                    <Unicode>Der Held Dalibor ist kein</Unicode>
                </TextEquiv>
            </TextLine>
            <TextLine id="r1l77" custom="readingOrder {index:76;}">
                <Coords points="391,2774 996,2768 996,2724 692,2706 610,2728 518,2705 392,2707"/>
                <Baseline points="411,2756 439,2755 467,2754 496,2753 524,2753 552,2753 581,2753 609,2753 637,2753 666,2753 694,2754 722,2754 751,2755 779,2756 807,2756 836,2757 864,2757 892,2757 921,2758 949,2758 978,2758"/>
                <TextEquiv>
                    <Unicode>sich selbst gerächt zu haben.</Unicode>
                </TextEquiv>
            </TextLine>
            <TextLine id="r1l78" custom="readingOrder {index:77;}">
                <Coords points="1595,2767 2599,2813 2762,2801 2797,2757 1595,2734"/>
                <Baseline points="1613,2768 1671,2769 1729,2770 1787,2771 1845,2772 1903,2773 1961,2775 2020,2775 2078,2776 2136,2777 2194,2778 2252,2779 2310,2780 2368,2781 2427,2782 2485,2783 2543,2784 2601,2784 2659,2785 2717,2786 2776,2786"/>
                <TextEquiv>
                    <Unicode>seinem närrischen Dünkel nur mit einer Dosis Humor darge¬</Unicode>
                </TextEquiv>
            </TextLine>
            <TextLine id="r1l79" custom="readingOrder {index:78;}">
                <Coords points="2788,2794 3367,2811 3389,2807 3390,2763 2901,2749 2864,2722 2789,2746"/>
                <Baseline points="2808,2787 2836,2788 2864,2788 2892,2789 2920,2790 2948,2791 2976,2791 3005,2792 3033,2793 3061,2794 3089,2794 3117,2795 3145,2796 3173,2796 3202,2797 3230,2797 3258,2798 3286,2798 3314,2798 3342,2798 3371,2798"/>
                <TextEquiv>
                    <Unicode>Antheilnahme hervorzurufen</Unicode>
                </TextEquiv>
            </TextLine>
            <TextLine id="r1l80" custom="readingOrder {index:79;}">
                <Coords points="481,2796 1608,2834 1609,2759 481,2762"/>
                <Baseline points="498,2803 552,2803 607,2804 661,2805 716,2805 771,2806 825,2807 880,2808 934,2808 989,2809 1044,2810 1098,2811 1153,2812 1207,2813 1262,2813 1317,2814 1371,2815 1426,2815 1480,2816 1535,2816 1590,2817"/>
                <TextEquiv>
                    <Unicode>So wunderlich uns der Stoff auch berührt läßt sich doch</Unicode>
                </TextEquiv>
            </TextLine>
            <TextLine id="r1l81" custom="readingOrder {index:80;}">
                <Coords points="1604,2837 1763,2840 1808,2825 1838,2837 1860,2819 1904,2845 1949,2835 1990,2850 1990,2794 1953,2779 1709,2783 1605,2771"/>
                <Baseline points="1622,2814 1647,2813 1672,2813 1697,2813 1722,2813 1747,2813 1772,2814 1797,2814 1822,2814 1847,2815 1872,2816 1897,2816 1922,2817 1947,2817 1972,2817"/>
                <TextEquiv>
                    <Unicode>stellt werden kinn.</Unicode>
                </TextEquiv>
            </TextLine>
            <TextLine id="r1l82" custom="readingOrder {index:81;}">
                <Coords points="2591,2845 2613,2846 2627,2859 2647,2841 2658,2849 2685,2836 2721,2843 2737,2836 2769,2853 2781,2843 2799,2844 2802,2804 2699,2785 2676,2799 2655,2782 2625,2788 2613,2798 2594,2797"/>
                <Baseline points="2610,2827 2638,2827 2667,2828 2695,2830 2724,2832 2752,2835 2781,2838"/>
                <TextEquiv>
                    <Unicode>E. ZX</Unicode>
                </TextEquiv>
            </TextLine>
            <TextLine id="r1l83" custom="readingOrder {index:82;}">
                <Coords points="2785,2841 3386,2852 3386,2807 3360,2800 2785,2789"/>
                <Baseline points="2804,2832 2832,2833 2860,2834 2888,2834 2916,2835 2944,2836 2972,2836 3001,2837 3029,2837 3057,2837 3085,2838 3113,2838 3141,2838 3169,2838 3198,2838 3226,2838 3254,2839 3282,2839 3310,2839 3338,2840 3367,2840"/>
                <TextEquiv>
                    <Unicode>an seinem Herzensfreund, de</Unicode>
                </TextEquiv>
            </TextLine>
            <TextLine id="r1l84" custom="readingOrder {index:83;}">
                <Coords points="386,2857 1191,2879 1606,2866 1607,2825 487,2788 386,2824"/>
                <Baseline points="405,2847 464,2847 523,2847 582,2848 641,2849 701,2850 760,2851 819,2852 878,2854 937,2855 997,2856 1056,2857 1115,2858 1174,2859 1233,2860 1293,2860 1352,2860 1411,2860 1470,2859 1529,2858 1589,2857"/>
                <TextEquiv>
                    <Unicode>nicht leugnen, daß er tiefe Empfindungen aus ins heraus¬</Unicode>
                </TextEquiv>
            </TextLine>
            <TextLine id="r1l85" custom="readingOrder {index:84;}">
                <Coords points="2782,2874 3360,2898 3393,2888 3394,2851 2782,2829"/>
                <Baseline points="2799,2878 2827,2878 2856,2879 2885,2879 2913,2880 2942,2880 2971,2880 2999,2881 3028,2881 3057,2882 3086,2882 3114,2882 3143,2883 3172,2883 3200,2884 3229,2884 3258,2885 3286,2886 3315,2887 3344,2887 3373,2889"/>
                <TextEquiv>
                    <Unicode>dessen Mörder, einen Burgg</Unicode>
                </TextEquiv>
            </TextLine>
            <TextLine id="r1l86" custom="readingOrder {index:85;}">
                <Coords points="393,2897 1513,2916 1628,2902 1629,2846 394,2849"/>
                <Baseline points="413,2893 472,2892 532,2892 592,2893 652,2893 712,2894 772,2895 832,2896 892,2897 952,2899 1012,2900 1071,2901 1131,2902 1191,2902 1251,2903 1311,2903 1371,2903 1431,2902 1491,2902 1551,2900 1611,2898"/>
                <TextEquiv>
                    <Unicode>holt und mit einfachen Mitteln ergreift. Nur muß das Zarte</Unicode>
                </TextEquiv>
            </TextLine>
            <TextLine id="r1l87" custom="readingOrder {index:86;}">
                <Coords points="2787,2926 2954,2941 2969,2926 3284,2929 3328,2948 3388,2938 3389,2890 2788,2878"/>
                <Baseline points="2805,2918 2833,2920 2861,2921 2889,2922 2917,2923 2945,2924 2973,2924 3002,2925 3030,2925 3058,2925 3086,2925 3114,2926 3142,2926 3170,2926 3199,2927 3227,2927 3255,2928 3283,2929 3311,2930 3339,2932 3368,2934"/>
                <TextEquiv>
                    <Unicode>That wegen von dem König</Unicode>
                </TextEquiv>
            </TextLine>
            <TextLine id="r1l88" custom="readingOrder {index:87;}">
                <Coords points="1957,2952 2391,2963 2424,2953 2426,2886 2284,2902 2225,2882 2136,2896 1958,2882"/>
                <Baseline points="1974,2939 1999,2938 2024,2938 2050,2938 2075,2938 2100,2939 2126,2939 2151,2940 2176,2940 2202,2941 2227,2941 2252,2942 2278,2942 2303,2943 2328,2943 2354,2944 2379,2944 2405,2944"/>
                <TextEquiv>
                    <Unicode>Theater des Westens.</Unicode>
                </TextEquiv>
            </TextLine>
            <TextLine id="r1l89" custom="readingOrder {index:88;}">
                <Coords points="381,2922 1612,2960 1613,2904 1491,2888 382,2885"/>
                <Baseline points="401,2938 460,2937 520,2937 580,2937 639,2937 699,2937 759,2938 818,2938 878,2939 938,2940 998,2941 1057,2942 1117,2943 1177,2943 1236,2944 1296,2945 1356,2945 1415,2945 1475,2945 1535,2945 1595,2945"/>
                <TextEquiv>
                    <Unicode>und Innige, das Schwebende und Zerfließende des Vorgangs</Unicode>
                </TextEquiv>
            </TextLine>
            <TextLine id="r1l90" custom="readingOrder {index:89;}">
                <Coords points="2772,2979 2931,2962 3124,2987 3150,2972 3387,2979 3388,2934 3318,2915 2932,2936 2773,2908"/>
                <Baseline points="2792,2964 2820,2965 2849,2965 2878,2966 2907,2966 2936,2967 2965,2967 2993,2967 3022,2968 3051,2968 3080,2968 3109,2968 3138,2969 3167,2969 3195,2969 3224,2969 3253,2970 3282,2970 3311,2971 3340,2972 3369,2973"/>
                <TextEquiv>
                    <Unicode>zogen. Als Nebenklägerin ge</Unicode>
                </TextEquiv>
            </TextLine>
            <TextLine id="r1l91" custom="readingOrder {index:90;}">
                <Coords points="391,2978 1614,3005 1615,2964 391,2941"/>
                <Baseline points="411,2981 470,2980 529,2980 588,2980 648,2980 707,2980 766,2981 826,2982 885,2983 944,2983 1004,2984 1063,2985 1122,2986 1181,2987 1241,2987 1300,2988 1359,2988 1419,2989 1478,2989 1537,2988 1597,2988"/>
                <TextEquiv>
                    <Unicode>auch in der Bühnendarstellung angedeutet sein, wie es im</Unicode>
                </TextEquiv>
            </TextLine>
            <TextLine id="r1l92" custom="readingOrder {index:91;}">
                <Coords points="1678,2979 2790,3019 2791,2944 1986,2958 1679,2923"/>
                <Baseline points="1697,2986 1750,2988 1804,2989 1858,2991 1912,2992 1966,2993 2019,2994 2073,2995 2127,2996 2181,2997 2235,2998 2288,2999 2342,2999 2396,3000 2450,3001 2504,3001 2557,3002 2611,3002 2665,3003 2719,3003 2773,3004"/>
                <TextEquiv>
                    <Unicode>In einer mangelhaften Aufführung hat uns die neue</Unicode>
                </TextEquiv>
            </TextLine>
            <TextLine id="r1l93" custom="readingOrder {index:92;}">
                <Coords points="2786,3007 3112,3030 3135,3008 3391,3022 3392,2978 3325,2969 3236,2985 2788,2947"/>
                <Baseline points="2804,3004 2832,3004 2860,3005 2889,3005 2917,3006 2946,3007 2974,3008 3003,3008 3031,3010 3060,3011 3088,3012 3116,3013 3145,3014 3173,3014 3202,3015 3230,3016 3259,3016 3287,3016 3316,3016 3344,3016 3373,3016"/>
                <TextEquiv>
                    <Unicode>des erschlagenen Grafen, Mil</Unicode>
                </TextEquiv>
            </TextLine>
            <TextLine id="r1l94" custom="readingOrder {index:93;}">
                <Coords points="386,3027 2786,3013 386,2978"/>
                <Baseline points="406,3022 530,3024 654,3025 778,3026 902,3027 1026,3028 1150,3029 1275,3030 1399,3031 1523,3032 1647,3033 1771,3034 1895,3036 2020,3037 2144,3038 2268,3040 2392,3041 2516,3043 2640,3045 2765,3048"/>
                <TextEquiv>
                    <Unicode>Deutschen Theater keineswegs der Fall war. Herr Sauer Direktion des Theaters des Westens am 12. Sep¬</Unicode>
                </TextEquiv>
            </TextLine>
            <TextLine id="r1l95" custom="readingOrder {index:94;}">
                <Coords points="2791,3055 3117,3055 3139,3074 3195,3059 3262,3075 3333,3053 3358,3072 3395,3065 3396,3017 3136,3007 3110,3029 2792,3007"/>
                <Baseline points="2811,3048 2839,3050 2867,3051 2895,3052 2924,3054 2952,3054 2980,3055 3008,3055 3037,3056 3065,3056 3093,3056 3121,3056 3150,3056 3178,3056 3206,3056 3234,3056 3263,3056 3291,3056 3319,3056 3347,3056 3376,3057"/>
                <TextEquiv>
                    <Unicode>lebenslänglicher Kerkerhaft ve</Unicode>
                </TextEquiv>
            </TextLine>
            <TextLine id="r1l96" custom="readingOrder {index:95;}">
                <Coords points="394,3075 2608,3110 2798,3045 395,3023"/>
                <Baseline points="412,3066 530,3067 648,3068 766,3069 885,3070 1003,3071 1121,3072 1240,3073 1358,3074 1476,3075 1595,3076 1713,3078 1831,3079 1949,3080 2068,3082 2186,3083 2304,3085 2423,3086 2541,3088 2659,3090 2778,3091"/>
                <TextEquiv>
                    <Unicode>machte aus der Rolle des Hugo nicht einen Mann, der ein tember mit der dreiaktigen heroischen Oper „Dalibor“</Unicode>
                </TextEquiv>
            </TextLine>
            <TextLine id="r1l97" custom="readingOrder {index:96;}">
                <Coords points="2792,3095 3107,3116 3375,3107 3375,3055 3308,3047 3008,3063 2793,3051"/>
                <Baseline points="2810,3093 2837,3094 2864,3095 2892,3096 2919,3097 2946,3097 2974,3098 3001,3098 3028,3099 3056,3099 3083,3099 3110,3099 3138,3099 3165,3099 3192,3099 3220,3099 3247,3099 3274,3099 3302,3098 3329,3098 3357,3098"/>
                <TextEquiv>
                    <Unicode>Haß sich plötzlich, ohne jede </Unicode>
                </TextEquiv>
            </TextLine>
            <TextLine id="r1l98" custom="readingOrder {index:97;}">
                <Coords points="389,3120 2789,3146 2789,3090 2522,3072 390,3075"/>
                <Baseline points="409,3109 527,3110 645,3110 763,3111 881,3111 999,3112 1117,3113 1235,3114 1353,3115 1471,3116 1590,3117 1708,3118 1826,3119 1944,3121 2062,3123 2180,3124 2298,3126 2416,3128 2534,3131 2652,3133 2771,3136"/>
                <TextEquiv>
                    <Unicode>Wunder glaubt und braucht, der mit kräftigem Anlauf über von Friedrich Smetana bekannt gemacht. Es sei</Unicode>
                </TextEquiv>
            </TextLine>
            <TextLine id="r1l99" custom="readingOrder {index:98;}">
                <Coords points="2782,3135 2956,3157 3109,3137 3249,3162 3394,3150 3395,3117 3313,3115 3273,3092 3198,3113 2783,3094"/>
                <Baseline points="2800,3135 2828,3136 2857,3136 2886,3138 2914,3139 2943,3139 2972,3141 3000,3141 3029,3143 3058,3144 3087,3144 3115,3145 3144,3146 3173,3146 3201,3146 3230,3147 3259,3146 3287,3146 3316,3145 3345,3144 3374,3143"/>
                <TextEquiv>
                    <Unicode>schaftliche Liebe gewandelt ha#</Unicode>
                </TextEquiv>
            </TextLine>
            <TextLine id="r1l100" custom="readingOrder {index:99;}">
                <Coords points="410,3169 1515,3175 1619,3161 1620,3120 411,3110"/>
                <Baseline points="429,3151 487,3152 546,3152 604,3153 663,3153 721,3153 780,3153 838,3154 897,3154 955,3154 1014,3154 1073,3154 1131,3154 1190,3155 1248,3155 1307,3155 1365,3156 1424,3157 1482,3157 1541,3158 1600,3159"/>
                <TextEquiv>
                    <Unicode>ie Grenze des Endlichen hinwegspringen will, dessen Schwär¬</Unicode>
                </TextEquiv>
            </TextLine>
            <TextLine id="r1l101" custom="readingOrder {index:100;}">
                <Coords points="1594,3170 2792,3189 2792,3134 2718,3122 2403,3147 1595,3114"/>
                <Baseline points="1614,3157 1671,3159 1729,3160 1787,3162 1845,3163 1903,3164 1961,3165 2019,3166 2077,3166 2135,3167 2193,3167 2250,3168 2308,3168 2366,3169 2424,3170 2482,3170 2540,3171 2598,3172 2656,3173 2714,3174 2772,3175"/>
                <TextEquiv>
                    <Unicode>vorweg ausgesprochen, daß wir es als eine Versündigung</Unicode>
                </TextEquiv>
            </TextLine>
            <TextLine id="r1l102" custom="readingOrder {index:101;}">
                <Coords points="2789,3187 3390,3195 3390,3154 3320,3145 3231,3166 3109,3137 2949,3153 2916,3133 2790,3135"/>
                <Baseline points="2808,3176 2836,3177 2864,3178 2892,3179 2920,3180 2949,3181 2977,3182 3005,3183 3033,3184 3061,3185 3090,3186 3118,3187 3146,3187 3174,3188 3202,3188 3231,3188 3259,3188 3287,3187 3315,3187 3343,3186 3372,3184"/>
                <TextEquiv>
                    <Unicode>für den Unglücklichen. Als</Unicode>
                </TextEquiv>
            </TextLine>
            <TextLine id="r1l103" custom="readingOrder {index:102;}">
                <Coords points="405,3206 3397,3259 3398,3188 405,3154"/>
                <Baseline points="424,3195 571,3197 719,3199 867,3201 1015,3202 1163,3204 1310,3205 1458,3207 1606,3209 1754,3210 1902,3212 2049,3214 2197,3216 2345,3218 2493,3220 2641,3222 2788,3224 2936,3226 3084,3229 3232,3231 3380,3234"/>
                <TextEquiv>
                    <Unicode>nerei zur Sinnenlust wird und dessen Sinne sich wieder zur gegen den Genius eines hochbegabten Künstlers halten, eines Gunst eines alten Kerkermeis</Unicode>
                </TextEquiv>
            </TextLine>
            <TextLine id="r1l104" custom="readingOrder {index:103;}">
                <Coords points="410,3265 3389,3252 411,3206"/>
                <Baseline points="427,3248 574,3247 721,3247 868,3247 1015,3247 1162,3247 1309,3248 1456,3249 1603,3251 1750,3252 1897,3254 2044,3256 2191,3258 2338,3260 2485,3263 2632,3266 2779,3269 2926,3271 3073,3274 3220,3278 3368,3281"/>
                <TextEquiv>
                    <Unicode>zerehrung des Reinen abkühlen, sondern einen Geistes= seiner namhafteren Werke einem musikalisch geschulten groß- Waisenmädchen, dessen sich</Unicode>
                </TextEquiv>
            </TextLine>
            <TextEquiv>
                <Unicode>box 22/6
17. 1. Der Puppenspieler

decken glaubte, hört plötzlich auf. Ihm werden außerdem die kranken, der nur noch den Arzt interessirt und der von Rechts städtischen Publikum in ve
Augen darüber geöffnet, daß seine Geliebte auch Anderen ge-wegen in eine Anstalt gehört. Hugo ist vor Allem ein echt machen. Wenn man die lo
fällig und in ihrem Wesen grundverschieden von der Verstor= fühlender Mensch, ein liebender Mann der sich in der Ver¬
Berlin noch unbekannte Oper
benen sei. Auf den Straßen Brügges irrt Hugo des Abends
zweiflung über den Verlust seines Weibes ein Götzenbild
„Verkaufte Braut“ fast über
einher und sucht vergeblich die Kraft, mit der Tänzerin zu
schafft, bis er es, zur Selbsterkenntniß gelangt, wieder zer¬
gangen ist, so gebietet es die
brechen, die ihn durch ihre Künste gerade so sinnlich fesselt,
stört. Fräulein Triesch hatte als Tänzerin die Linie
zu wenden, dieser Aufführun
wie seine Seele der Verstorbenen gehört. Er sieht seine
gleichfalls nicht richtig erfaßt, die für die Charakteristik dieser
geben. Eine Oper von S#
Todte überall und spricht mit ihr. Plötzlich erscheint sie im Rolle gezogen ist. Sie darf nicht gleich beim ersten Auftreten
in den Hauptrollen besetzt w#
Nebel vor ihm mit den Zügen der Tänzerin und redet zu
als leichtfertige Person gespielt werden, weil die Täuschung leicht erwartete Augenblickser
ihm von dem verlorenen Liebesglück. Darauf verschwindet sonst von vornherein unmöglich wäre. Erst in dem Augen¬
die Pflicht, dem musikalischen
die Erscheinung und er gewahrt wieder die Tänzerin, wie sie blick, als sie das Kostüm der Verstorhenen anlegt und damit
des Werkes zu bieten. Man
zu einem frechen Abenteuer auf die Straße schleicht. Da zu tänzeln anfängt, bricht der angefaulte Kern ihres Na¬
Publikum nicht die Aufgabe
überhäuft sie Hugo mit Vorwürfen und um sich von ihr zu
turells hervor.
Urtheil über ein unbekanntes
trennen, erklärt er ihr, daß er sie selbst niemals geliebt, son¬
Dem Rodenbachschen Drama ging ein einaktiges Stück
lerischen Vorbedingungen nich
dern in ihr immer nur eine Andere gesehen habe.
von Arthur Schnitzler „Der Puppenspieler“
dem Zuhörerkreise hat Mu#
Noch einmal weiß die Verworfene ihn in ihre Netze zu voraus. Ein heruntergekommener und vagabondirender
Kenntniß der Partitur auf an
locken und ihm einen Rausch zu versprechen, in dem er sein Schriftsteller, der sich auf den Willen Anderer eine magisch be= bare Mittheilung bei der Vorf
Weh vergessen werde. Aber schnell stürzt Alles zusammen, stimmende Wirkung zuschreibt und bei ihren Schicksalswen=schließlich führt man Opernn
was er sich an gefährlicher Illusion geschaffen hat. Das Ge¬ dungen die Fäden in der Hand zu haben glaubt, kommt in Zuhörer, sondern für ein in
rede der Stadt über das schlimme Verhältniß ertönt auch in das bürgerlich glückliche Heim seines Freundes. der gerade
nahmefähiges Publikum auf.
seinem Hause immer lauter und treibt seine Wirthschafterin im Begriff steht, sich mit Frau und Kind an den sauber ge= der Bühnenleitung, auf die 
dahin, ihren Herrn zu verlassen. Während eine Prozession deckten Tisch zu setzen. Der Schriftsteller giebt dabei den
größte Sorgfalt aufzuwenden
an seinen Fenstern vorbeizieht und die ausgestorbene Stadt
Glauben an seine Ueberlegenheit keineswegs auf, verweigert
schen Berathern nicht entgang
mit den Helden und Heiligen der alten Maler wieder lebendig
jede Rückkehr zu einer vernünftigen Existenz und verschmäht
„Dalibor“ nicht zu jenen Ope
zu werden scheint, besucht ihn die Tänzerin und zeigt das sogar den Platz am Tisch seines Freundes mit der Bemerkung,
und sorgsam erwogene Auffa
Niedrige ihres Charakters, während er die Tiefe der Schmach
daß er sein Mittagbrod immer in der Tasche bei sich führe.
durch die ihnen innewohnende
erkennt, in die er versunken ist. Sie spielt leichtfertig mit Dieser Stolz in Lumpen hätte weit erfreulicher und über- hörer wirken. Eine „heroische
den Erinnerungen an seine Frau, die ihm wie Heiligthümer
zeugender gewirkt ohne den sentimental grüblerischen Zug tischen Textbuch krankt, bedam
erscheinen, und als sie sich sogar an den Flechten der Todten
und das Unterstreichen aller Gedanken im Spiel des Herrn
rung durch gründliche Einstud
vergreift, verlangt er diese wurhend von ihr zurück. Sie ge¬
[Bassermann. Wir sehen in dieser Figur vielmehr einen
des Bühnenleiters heraus, i
währt ihm seinen Wunsch nicht. Er ergreift das Haar, das
naiv heitern Menschen, dessen Weltverachtung einen unbeug¬
Seite des Werkes das Schwe#
sich um ihren Hals geleat hat und erwürgt sie damit. Nicht samen und unheilbaren Größenwahn mit sich bringt, der aber
verlegen wäre.
seine Hand scheint das Verbrechen verübt, sondern die Todte
nicht wie ein Hamlet der Straße einherschleicht, sondern in
Der Held Dalibor ist kein
sich selbst gerächt zu haben.
seinem närrischen Dünkel nur mit einer Dosis Humor darge¬
Antheilnahme hervorzurufen
So wunderlich uns der Stoff auch berührt läßt sich doch
stellt werden kinn.
E. ZX
an seinem Herzensfreund, de
nicht leugnen, daß er tiefe Empfindungen aus ins heraus¬
dessen Mörder, einen Burgg
holt und mit einfachen Mitteln ergreift. Nur muß das Zarte
That wegen von dem König
Theater des Westens.
und Innige, das Schwebende und Zerfließende des Vorgangs
zogen. Als Nebenklägerin ge
auch in der Bühnendarstellung angedeutet sein, wie es im
In einer mangelhaften Aufführung hat uns die neue
des erschlagenen Grafen, Mil
Deutschen Theater keineswegs der Fall war. Herr Sauer Direktion des Theaters des Westens am 12. Sep¬
lebenslänglicher Kerkerhaft ve
machte aus der Rolle des Hugo nicht einen Mann, der ein tember mit der dreiaktigen heroischen Oper „Dalibor“
Haß sich plötzlich, ohne jede 
Wunder glaubt und braucht, der mit kräftigem Anlauf über von Friedrich Smetana bekannt gemacht. Es sei
schaftliche Liebe gewandelt ha#
ie Grenze des Endlichen hinwegspringen will, dessen Schwär¬
vorweg ausgesprochen, daß wir es als eine Versündigung
für den Unglücklichen. Als
nerei zur Sinnenlust wird und dessen Sinne sich wieder zur gegen den Genius eines hochbegabten Künstlers halten, eines Gunst eines alten Kerkermeis
zerehrung des Reinen abkühlen, sondern einen Geistes= seiner namhafteren Werke einem musikalisch geschulten groß- Waisenmädchen, dessen sich</Unicode>
            </TextEquiv>
        </TextRegion>
    </Page>
</PcGts>
