3484 4320
1549 132 2015 220 box 22/6
231 126 1543 244 17.1. Der Punnenspieler
1124 946 2644 1019 gehn. Die Freundin edler Männer, auch die meine. Diese Daseins=Phäno¬
1119 1004 2655 1060 menerln der Praxis tun es einem an. Hier wächst das Saftige. Sommer,
1123 1074 2650 1135 schöner Sommer. Lou vermag nicht so sehr Eindringendes wie zäh An¬
1121 1131 2653 1185 dringendes. Diese (im Ernst zu verehrende) Frau ist kein bohrender Geist,
1120 1174 2665 1237 doch ein klammernder. Er äußert sich fast ohne Rücksicht auf das Objekt;
1131 1232 2657 1284 das ist ihr Lasierchen. Eine mystisch Dienende, bereit, Unverwickeltes zu
1130 1290 2664 1351 bewölken. Das ist Leben. Eine Seele reich und unbegründet. Sie wird
1117 1342 2653 1409 entdecken, daß Ibsens Vererbungsdrama den Schwerpunkt nicht in der „Ten¬
1115 1396 2664 1460 denzhärte“ der „Vererbungstragödie“ hat, — wenn eine Theatervorstellung in
1115 1452 2657 1516 einem bestimmten Punkt anfechtbar gewesen ist. Hier ist Fülle; Daseinsfrühling;
1118 1505 2648 1560 sie wird in diesem Punkte gelehrig den Ibsen entmannen oder zupaßrenken. Wer
1128 1576 2658 1637 weiß, ob sie die Alving'en als Kämpferin, und nicht als eine Dienerin sich
1118 1620 2657 1699 vorstellen kann; sie selber dient. Wäre die Ibsensche Frau dienend wie Lou,
1130 1672 2662 1741 sie hätte mit einer Theodizee geendet und Oswalds Gehirnerweichung eigentlich
1124 1747 2657 1813 gerade als den guten Punkt in der Welt herausgefunden, wenn Gott, der Ur¬
1118 1801 2642 1859 heber dieser Gehirnerweichung, damals „da“ war. Alle diese goldnen Daseins¬
1124 1844 2656 1905 formen sind die sichersten Dramen, die ich sehe; über die ich richte. Denn
1115 1907 2660 1969 daß man zufällig ein Theaterkritiker ist, — vergessen, so wahr ich . .. lebe.
1120 1959 2663 2018 Ich weiß, daß ich nach dieser Richtung wieder tätig sein werde; doch ich müßte
1127 2010 2657 2083 das nicht. Gar kein „innerer Zwang“. Nur, weil man diese Stellung als
1115 2072 2662 2128 Kritiker einmal gewonnen hat. Affchen! Ich hielte nich aber, siehe oben, für einen
1113 2144 2662 2196 Esel, wenn mir das Drumunddran, in der Erinnerung des Sommers, nicht
1115 2186 2656 2255 wichtiger wäre: Das Hinfahren und dort jemanden treffen. Die Straßenlichter;
1114 2242 2221 2291 die Stunde vorher. Manchmal die Nacht hinterdrein.
1163 2285 2655 2355 Sehr wichtig dagegen bleibt es, den Spinnen des Gartens Fliegen
1115 2348 2645 2428 ins Netz zu geben. Die Fallenstellerin stürzt sich, kaum ist die Fliege
1126 2406 2652 2464 ins Netz gehoben, mit einer unerhörten Jagdwut auf das Tier und er¬
1115 2465 2658 2520 drosselt es. Vor meiner Hand hat sie keine Angst mehr . . . Sie nimmt
1124 2525 2648 2586 die Fliege mit rasender Verve und umschnürt sie mit ihren Fäden, sie
1128 2575 2658 2645 turnt um das Opfer herum, ich sehe wie sie etwas aus sich produziert, womit
1126 2636 2647 2703 sie die Zappelnde einwickelt, hinrichtet. Luder, Kanaille, Raubtier... Man
1116 2703 2644 2755 sitzt am Abend unter dem schweren wilden Weingerank seines Gartens. Dra¬
1124 2749 2652 2815 matiker, Krebse wird es geben. Und ich sah einen vorhin. Was er für Be¬
1111 2804 2643 2867 wegungen beim Sieden gemacht hat. Und als elf hineingegeben waren, wußte
1114 2856 2650 2929 der zwölfte bestimmt sein Los. Man sitzt bis vier Uhr nachts im Garten.
1117 2906 2640 2971 Gegen die Stehlampe fliegen dicke Motten. „Sie sind klein“. Nein — ich
1120 2968 2640 3035 habe sie durch ein Vergrößerungsglas gesehen: sie sind so groß wie ich.
1115 3037 2656 3091 Ihr Todesschreck ist wahnsinnig — wie meiner sein wird. Um zwei Uhr
1125 3078 2645 3144 schleicht eine Katze, niedlich und schwarz, durch das Dunkel und geht nach den
1111 3135 2644 3207 Feldmäuschen des Rasens. Und ich treffe sie mit einem Stein, daß sie klagt.
1121 3207 2662 3254 Warum ist das alles?.. Vor mir sieht unsichtbar ein sanfter Mann von den
1126 3249 2643 3328 friesischen Inseln; der stellt Entenfallen; er langt in das Retz. „Und dann“
1293 3346 1467 3448 1930
