3392 4352
1604 221 2090 327 box 22/5
258 210 1473 334 17.1. Der Punnenspieler
1927 1206 2183 1298 1
399 1218 749 1302 — —
1582 1264 3310 1337 authentisch sein, wie wir es 1885 in der kleinen Stube Personen wird man zu
396 1268 1599 1343 wird sie in den Büchern und Autogrammen finden, in all
387 1334 3340 1384 diesen Reliquien, welche der rührend treue Paul Meurice gesehen, wo der todte Dichter ausgestreckt lag. Bonnat] Triefe, in erregter Stim
2854 1426 3314 1505 Anna: Wo warst
1594 1430 2750 1489 wir selber, noch dazu so ein ganz kleines Individuum —
484 1436 941 1506 Georg (blickt auf).
2758 1459 3073 1554 langen Zeit?
1578 1477 2770 1557 es hat im Grunde was unbeschreiblich Komisches.
483 1464 1595 1569 Anna (streckt ihm die Hände entgegen): Seien Sie mir
2853 1499 3330 1589 Georg: Ich war m
1595 1513 1910 1598 (Der Kleine ab.)
390 1527 686 1604 willkommen.
1774 1555 2602 1634 (Eduard und Anna sehen einander an. Pause.)
2858 1567 3325 1631 Anna: Auf Reisen?
503 1558 1597 1638 Georg (hat sie erkannt): Ist es denn möglich? Anna!
2854 1622 3335 1683 Georg: Ja. In der
1667 1591 2768 1680 Anna: So sieht man sich also wieder. Setzen Sie
405 1601 1597 1691 (Zu Eduard:) Und dieser Mensch läßt mich meine ganze
2852 1659 3322 1736 Anna: Und allein?
1590 1662 2774 1720 sich doch. Wollen Sie nicht ablegen? (Blick Eduard's.) Aller¬
392 1657 1592 1741 Geschichte zu Ende erzählen. So ein Pfiffikus ist aus
2845 1686 3338 1791 Georg: Vorzugs#
1591 1713 2765 1797 dings, es ist etwas kühl — wirklich, ich möchte mir auch
391 1710 1590 1807 diesem verschüchterten Burschen geworden. Ihr habt euch
2752 1736 3048 1839 dinas nicht.
1593 1761 2180 1840 am liebsten was umnehmen.
391 1769 774 1845 also geheiratet?
2848 1782 3334 1878 Anna: Anfangs bist
1670 1780 2782 1867 Georg: Ja, es ist föhl. Aber außerdem will ich
514 1799 1600 1881 Eduard: Ja, wie du siehst. Und nun stelle dir
2852 1840 3308 1924 Georg: Ja, mit Ir
1582 1842 2781 1922 ganz ehrlich gestehen: Ich vin im Arbeitsrock, darum will
393 1854 1585 1923 vor, wie wir uns auf diesen Augenblick gefreut, ja, wie
2854 1889 3321 1966 Eduard: Hm. Wi
1581 1887 2780 1985 ich dieses Ueberkleid nicht ablegen. Ich hatte ja keine
399 1914 1580 1998 wir ihn gewissermaßen herbeigesehnt haben. Ich, und
2759 1937 2866 2027 W0
2844 1942 3322 2018 sie jetzt wol sein mag,
1587 1938 2769 2027 Ahnung, daß ich heute plötzlich als Besucher aufzutreten
404 1961 674 2039 Anna auch.
2857 1971 3331 2066 Georg (ruhig): Ichn
1600 2003 2650 2072 hätte. — Nein, Anna, wie Sie jung geblieben sind!
500 1981 1506 2080 Anna: Ja, ich auch! (Sie betrachtet Georg lange.)
1687 2023 3327 2105 Eduard: So sagt euch doch Du, wie damals; es mehr von ihr gehört. Ich
492 2025 1593 2109 Eduard (zu Anna): Du mußt nämlich wissen, daß
2775 2091 3336 2168 in Colifornien gewesen und
1596 2093 2321 2167 ist doch wahrhaftig kein Grund —.
403 2089 1599 2166 wir seine Puppen waren. An seinen Drähten haben wir
2849 2136 3257 2205 Eduard: Ah!
1670 2118 2774 2220 Georg: Es ist wahrhaftig kein Grund ... Ei, was
399 2145 1588 2203 getanzt. Sie sind aber allmälig sehr lebendig geworden,
2848 2178 3333 2253 Georg: Dann hab
1593 2172 2231 2252 bist du jung geblieben, Anna!
396 2189 1133 2278 deine Puppen; nicht wahr, Georg?
2773 2224 3323 2297 beschränkt, und später si
1681 2215 2662 2298 Eduard (betrachtet seine Frau mit Liebe): Ja.
511 2216 1594 2305 Georg: Ja, das bemerk' ich. Das also ist euer
1681 2259 2778 2364 Anna (etwas verlegen): Aber wie kommt es denn
2769 2275 3334 2349 geworden. (Beschreibt mit de
396 2277 1603 2372 Sohn. Ein hübscher Junge. Wie alt bist du denn,
2773 2329 3328 2400 immer enger. Jetzt mach
1584 2330 2269 2414 nur, wie habt ihr euch denn ...
409 2337 745 2416 kleiner Mann?
2769 2369 3309 2444 Umgebung Wiens. Aber
1679 2364 2779 2455 Eduard: Denke nur den Zufall, Anna! Hier vor
498 2364 1318 2460 Der Kleine: Ach'einviertel Jahre!
2765 2422 3322 2491 mich bedeutet ein Spazi
1591 2414 2779 2488 dem Hause! Nachdem man einen Menschen durch Jahre
509 2417 1588 2500 Georg: Und wie heißt du denn eigentlich?
2762 2470 3298 2540 draußen mehr, als für
1587 2480 2776 2535 wie mit Lichtern gesucht hat! Ich gehe spazieren — oder
397 2473 977 2557 (Er hält ihn bei den Händen.)
2777 2518 3327 2593 Denn überall gibt es Men
1597 2518 2775 2581 vielmehr, ich komme aus der Probe, da erblick ich ihn
489 2505 1382 2601 Der Kleine: Ich heiße Georg Jagisch.
2764 2568 3256 2652 sehen und hören kann.
1585 2570 2777 2642 zehn Schritte vor mir — am Gang hab' ich ihn
498 2559 1585 2655 Georg: Georg? (Zu den Anderen gewendet:) Georg?
2861 2614 3328 2695 Eduard: Im Ga
1597 2612 2782 2693 erkannt — und ruf' ihn an. Und er wendet sich um und
401 2615 1400 2712 Wer von euren Verwandten heißt denn Georg?
2768 2643 3316 2739 gezogen, nicht wahr?
1593 2668 2238 2747 will wieder seines Wegs gehen.
504 2664 1594 2734 Eduard: Keiner. Wir haben uns eben erlaubt,
2864 2694 3324 2788 Georg: Wie man's
1681 2690 2778 2795 Georg: Ich hab' dich nicht erkannt, ich bin ein
412 2693 1594 2780 ihn nach einem alten Freund, nach einem gewissen Puppen¬
2776 2742 3338 2830 schaft, wenn mir's grade
1591 2747 1963 2835 wenig kurzsichtig.
411 2754 1596 2845 spieler — (Er lacht vergnügt.) Es war übrigens ein Einfall
2767 2801 3332 2875 und Freundinnen für eine
1711 2782 2779 2870 Eduard: Oder wolltest mir wieder davon. Aber!
409 2819 720 2898 meiner Frau.
2768 2853 3297 2915 wenn man versteht, zu
1712 2855 2777 2937 das wäre denn doch zu arg; wenn man Jemanden
1598 2846 1726 2919 nein,
506 2842 1604 2928 Georg (sieht sie Alle an): Kinder, ihr habt wol keine
2780 2896 3320 2953 Raschid, der unerkannt im
1597 2899 1991 2977 durch Jahre sucht —
406 2912 1561 2986 Ahnung, wie abgeschmack ihr seid. (Vor sich hin:) Georg —
2766 2931 3320 3015 denen ich da drauße (gro
1677 2926 2403 3012 Georg (ernst): Wie mit Lichtern.
507 2951 1604 3014 Anna: Also, Bub', jetzt geh’ hinein, bring' deine
2769 2997 3334 3059 ich bin; und wer von mir
1674 2972 2553 3064 Anna: Wo waren Sie denn eigentlich?
407 2983 1610 3083 Sachen in Ordnung, wasch’' dir die Hände; dann kannst
2760 3044 3322 3123 mich jemals wiederfindet. Es
1679 3022 2776 3110 Eduard: Wo warst du? Ich bestehe darauf, daß
411 3058 959 3133 du wieder hereinkommen.
2864 3087 3331 3152 Eduard: Und wen
505 3095 2780 3172 Georg: Ja, Georg, dann kannst du wieder zu uns ihr euch Du sagt, wie früher. Ich bin sonst nicht eigen¬
2747 3120 3312 3229 fängst du denn dann an
414 3147 2273 3223 hereinkommen — Georg. Wenn wer Anderer so heißt wie sinnig, aber darauf besteh' ich.
