3392 4320
1456 124 1990 218 box 22/6
190 131 1401 245 17.1. Der Puppenspieler
1684 760 1791 847 IX.
267 781 430 853 Golems
1091 822 2493 902 .Wenn ich aus der großen Erlebniswelt meiner Sommer in die un¬
308 839 430 906 hört.
963 893 2507 964 bedeutende Welt der Theaterkritik zurückkehre: so bin ich selbst von meinem
333 901 413 963 nach
317 954 428 1016 nhalt
974 955 2510 1012 Freunde G. Flaubert, zuständig in Croisset bei Rouen, getrennt; indem er
972 1007 2511 1060 einmal beteuert, ich weiß das auswendig, ungefähr so: „Je donne toute la
975 1062 2509 1124 Suisse pour une salle du Vatican“. Er fügt bei: „C’est lä qu’on réve“. Nein.
972 1114 2513 1186 Nein. Nein. Die Kunst ist weggeblasen in manchen Sommern bis auf Dinge,
976 1175 1604 1252 die Lebensangelegenheiten sind.
1018 1210 2506 1293 In mir lebt noch der Ibsen von Otto Brahm. Ich weiß, daß ich ein
965 1286 2503 1347 Künstler bin. Sonst aber sind mir die Außerlichkeiten wichtiger, Erinnerungen
967 1345 2509 1399 an die Begleitumstände des Theaters; Erinnerungen an das Hinfahren
972 1398 2506 1456 wichtiger als die Stücke; Hinfahren, die Marke für den Mantel, die Zu¬
974 1458 2508 1519 fallsbegegnung von Augen, der Gesius einer schattenhaften Person während
973 1523 2505 1579 des Spiels; und Leute, die nicht im Theater sind. Alles was dem Ver¬
967 1566 2421 1640 strömen meiner Tage gilt. Ich lande, nach einer unerhörten Natur,
969 1635 2508 1691 (wo?) —— zuletzt in Paris, und ich verachte zum ersienmal diese Stadt
971 1676 2507 1740 (nach 14 Tagen bet' ich sie trotzdem an). Ein krüpplig nordisches Resi.
964 1735 2504 1806 Paris ist verkrüppelt, kleinlich, ein mürrischer Rumpelhauf', hinwegzufegen,
963 1793 1629 1869 von einer, einer, einer Welle
1624 1799 2510 1856 ... aber man kommt in ein Stück von
972 1857 2509 1915 Feydeau, hieß es nicht „Occupe-toi d’Amélie“?, das ist einem etwas, nicht
972 1906 2512 1978 weil ich eine Kultur, sondern weil ich ein Frauenzimmer im Hemd sehe; ein
964 1957 2509 2038 Frauenzimmer spielt einen ganzen Akt im Hemd. Weil es Lebensglanz ist;
972 2009 2256 2080 weil alle lachen; weil die Erinnerung an kein Drama mitspricht.
1007 2065 2506 2140 Ein Aufsatz über das Theater: hier ist er, gibt Sachförderliches und spricht
968 2123 2494 2188 die Wahrheit. Sollt' ich aber die Frage nach dem Saison=Wert des Lessing¬
961 2185 2500 2246 oder Deutschen oder Kleinen Theaters ernsthaft in mir diskutieren, ich hielte
970 2233 2510 2315 mich für einen Esel. Mich fesselt im geringsten nicht die Frage, ob dieses
964 2302 2501 2365 Menschenhaus oder jenes Schau=Spielhaus Vergleichbares bieten. Eher etwan
963 2350 2510 2415 ein Lebensphänomenchen: die Suggestion auf die Affchen; das ist Leben;
967 2410 2499 2471 oder die Beobachtung: wo die Liebe hinfällt; wie die Heldchen, auch nur
967 2461 2507 2514 im Theater, zustande gebracht werden: alles dies lockt mich, insofern es
971 2509 2501 2589 lebensvoller ist als was die Leute spielen. Nicht die Frage nach den
971 2575 2505 2624 Leistungen lockt, aber der Spaß wie man etwan eine Zentralstelle zu sein
972 2632 2493 2701 braucht, um den Aberglauben an eine Persönlichkeit zu wecken. Und aus
970 2683 2487 2746 solchen Zügen der Praxis darf das Bild der Lou=Andreas Salomé nicht weg¬
963 2741 2493 2814 bleiben; welche der einzige Mann ist, mit dem ich dauernd verkehren könnte.
960 2813 2501 2873 Die klügsie Person sobald sie nicht schreibt. Mit dem Eigentümlichen: immer
967 2859 2495 2917 für das zu zeugen, was da ist; für den zu zeugen, der da ist. Nun also.
964 2912 2502 2980 Hier winkt wandelndes Leben. Sie besonnte den Talisman=Dichter L. Fulda.
967 2967 2507 3031 Sie schützt Hauptmann. Sie erläutert Wedekind. Sie schwärmt für Paul
956 3026 2500 3073 Goldmann. Sie verschönt das Sein F. Rietzsches. Sie besang Sudermann
960 3080 2496 3138 im Augenblick, wo er da war. Ihr wird kein künftiger Theatermann ent¬
2170 3180 2337 3264 I929
