3436 4320
1561 290 2046 381 box 22/6
271 295 1561 374 17.1. Der Puppenspieler
1772 1447 3035 1505 die Form des Dramas umzugießen. In der Novelle verwertet!
541 1451 892 1564 0 4
867 1460 1462 1548 Theater und Musik.
1770 1498 3032 1561 Rodenbach mit dichterischer Kunst das Motiv des stillen Brügge, das
644 1505 905 1594 G
914 1524 1386 1606 I Deutsches Theater.
1778 1538 3034 1587 ganz in der Erinnerung an die tote Vergangenheit lebt und für die!
635 1573 3034 1647 „Der Puppenspieler“ von Arthur Schnitzler. „Trug=] Gegenwart tot ist. In dieser Stadt der Erinnerungen lebt sein
1765 1619 3030 1686 Held Hugo ganz in der Erinnerung an die tote Gattin und aus
520 1623 1779 1687 bild“, Schauspiel in 4 Alten von Georg Rodenbach. Deutsch von
1764 1662 1899 1709 der
1882 1657 3034 1717 feinfühligen Darstellung der Wechselwirkung zwischen!
525 1664 1693 1724 S. Trebitsch. Erste Aufführung Sonnabend, 12. September.
1770 1699 3022 1759 Mensch und Stadt ergeben sich Wirkungen von einem zarten und
635 1698 1777 1758 Die beiden Stücke sind sehr charakteristisch für die Sucht unserer
1777 1739 3027 1801 feinen Reize. Auf diesen Reiz muß der Dichter fast gänzlich ver¬
519 1731 1779 1794 Dichter, die Bühne als Sprachrohr ihrer Empfindungen und Ge¬
1771 1778 3036 1831 zichten, sobald er von der Novelle zum Drama übergeht. Dazu
521 1784 1778 1838 danken zu benutzen, gleichgültig ob die dramatische Form dem Stoffe gemäß ist
1769 1812 3037 1865 kommen andere Nachteile. Zunächst hat der Stoff nur wenig drama¬
519 1829 1778 1883 oder nicht. Sowohl Schnitzler wie Rodenbach haben sich selbst dadurch
1771 1844 3027 1905 tische Keimkraft, die lyrischen Elemente aber kommen auf der Bühne
524 1861 1774 1908 geschadet, daß sie dieser Mode folgten. Schnitzlers Charakterstudie
1773 1891 3029 1951 nur wenig zu ihrem Rechte. Vor allem aber ändert die Handlung
519 1899 1772 1956 leidet infolgedessen an Unklarheit, Rodenhachs Schauspiel an #müden¬
1779 1931 3029 1998 selbst sofort ihren Charakter, wenn sie greifbar vor uns auf die
512 1931 1775 1992 der Weitschweifigkeit. Auf die besonderen Anforderungen der Bühne
1772 1973 3037 2023 Bühne tritt. Das Grausige und Unheimlich=Anziehende der Novelle
516 1978 1766 2032 nimmt keiner von beiden Rücksicht. Wir hören ein Langes und
1768 2014 3028 2070 wird im Drama abstoßend und lächerlich, und unsere Kritik,
509 2026 1765 2076 Breites erzählen, aber vor unseren Augen entwickelt sich nichts. —
1775 2038 3034 2107 die in der Novelle eingeschläfert war, erwacht in gefährlicher Weise.
524 2046 1670 2099 Schnitzlers Held nennt sich einen Puppenspieler;
1663 2051 1777 2108 wie
1767 2076 3035 2142 Dieser trauernde Witwer, der in seinem exaltierten Schmerze um die
517 2084 1656 2135 dieser seine Puppen an Drähten agieren läßt, die
1642 2086 1781 2159 seine
1777 2125 3030 2191 tote Gattin sich von der wunderbaren Aehnlichkeit einer Unbekannten
516 2124 1671 2196 Hand leitet, so glaubt er seine Lebensaufgabe darin
1671 2135 1782 2185 ge¬
1771 2165 3034 2210 so tief bezaubern läßt, daß er in seiner Leidenschaft zu jenem „Trug¬
1659 2164 1773 2222 Der
516 2169 1671 2213 funden zu haben, daß er Menschen nach seinem Willen lenkt.
1773 2201 3029 2261 bild“ jede Sitte und jede Würde vergißt, kann uns glaublich nur er¬
523 2206 1776 2265 wahre Künstler, so verkündet er, gibt sich nicht mit Phantasirgestalten
1770 2242 3032 2311 scheinen, wenn unsere Phantasie dieses „Trugbild“ mit jedem be¬
1663 2255 1773 2302 Mit
519 2250 1655 2316 ab, sondern formt die Schicksale lebendiger Menschen.
1774 2279 3027 2338 zwingenden Zauber ausstattet. In der Wirklichkeit, wie sie die Bühne vor
520 2276 1269 2344 dieser Philosophie tröstet er sich
1254 2282 1777 2335 über sein elend ver¬
1774 2314 3033 2380 uns hinstellt, kann diese Illussion im Zuschauer kaum erzeugt werden,
524 2321 1777 2381 pfuschtes Dasein und sein nicht hinreichendes künstlerisches
1781 2364 3024 2410 und die Frivolität, die das Mädchen an den Tag legt, läßt uns dann
511 2366 1776 2421 Können. Er schließt die Augen, wenn es ihm gar zu deutlich
1772 2396 3028 2457 die Handlungsweise Hugos unverständlich erscheinen. Das Krankhafte
518 2406 1761 2460 wird, daß das Leben sich nicht nach seinem Willen lenken läßt; er
1768 2438 3024 2504 seines Zustandes rückt dadurch allzudentlich in den Vordergrund um
510 2445 1773 2507 will nicht sehen, er will weiter an sein Puppenspielertum glauben.
1771 2469 3026 2539 uns für seine Gestalt noch menschliches Mitempfinden einzuflößen.
509 2488 1774 2536 So geht er aus dem Hause seines Freundes Eduard, in dem festen
502 2514 1784 2560 Glauben, daß er auch hier mit sonveräuer Macht die Drähte des
2893 2527 3025 2578 der
2263 2526 2808 2588 wirkt die Schlußszene,
1764 2512 2274 2586 Ganz unmöglich aber
511 2557 1774 2622 Schicksals regiert hat, während in Wahrheit dessen Glück
1774 2558 3030 2611 Hugo seine Geliebte mit der von ihm als treue
510 2603 1778 2658 nicht durch seine Hand, sondern gegen seine Absicht zu stande
1774 2609 3030 2669 Reliquie aufbewahrten Haarflechte seiner Gattin erwürgt, weil
509 2630 821 2688 gekommen ist.
927 2642 1777 2702 wird weiter durchs Leben zigennern,
1768 2644 3033 2696 sie mit dieser ihren Spott zu treiben wagt. Ueberhaupt wirkt das
516 2682 1769 2733 und weiter seiner Illusion lelen. Als Episodenfigur ist diese immerhin
1769 2685 3038 2741 Motiv der abgeschnittenen Haarflechte in dem Drama durchaus nicht
509 2719 1775 2777 bekeits aus Pathologische streifende Gestalt wohl denkbar, als Mittel¬
1778 2720 3034 2789 in der vom Dichter gewollten Weise. Dieser Kult erscheint teils ab¬
511 2764 1777 2817 punkt eines Einakters eignet sie sich so wenig, wie der Stoff zur dra¬
1777 2762 3036 2821 stoßend, teils lächerlich. Die Wahl derartiger krankhafter Exaltiert¬
505 2792 1770 2855 matischen Form. Hätte nicht Herr Bassermann mit außerordent¬
1769 2804 3029 2852 heiten macht unseren Bühnen keine Ehre. Hoffentlich fängt man end¬
505 2834 1780 2892 licher Kunst, unaufdringlich und doch mit schärfster Charakteristik, die
1768 2843 3024 2896 lich an sich zu besinnen und weist solche psychologischen Kunststücke
506 2876 1765 2947 Gestalt verlörpert, so wäre das Stück wohl abgelehnt worden. So
513 2914 1571 2964 konnte der Regisseur einen freundlichen Erfolg feststellen.
1767 2921 3017 2980 der Rolle des Hugo mit feiner nachspürender Kunst an und rettete
626 2942 1766 3017 Rodenbachs „Trugbild“ dagegen wurde abgelehnt. Kaum das
1762 2958 3028 3012 durch seine Auffassung und Wiedergabe, was zu retten war. Fräul.
492 2991 1780 3051 man zischte. Ein unglückseliger Einfall war es, diesen Stoff, den
1766 3000 3025 3047 Triesch traf den Ton der leichtfertigen Tänzerin vortrefflich. Die
505 3041 3055 3095 Rodenbach selbst bereits vorher in einer Novelle bearbeitet hatte, in. Dekorationen zeugten von künstlerischem Geschmack, sowohl die
1762 3136 3021 3217 Interieurs wie das Straßeubild, das man durch einen feinen!
1753 3176 2021 3245 Schleier sah.
2739 3189 2937 3265 G. 2.
