3436 4320
224 244 1425 334 17.1. Der Puppenspieler
353 1055 719 1131 Ausschnitt au
653 1081 1320 1202 montags-ereo. Wien
925 1158 1027 1228 206
357 1163 510 1222 vom:
813 1167 962 1226 5. 10
909 1219 971 1276 —
731 1214 771 1264 *
498 1250 1462 1317 (Thezater an der Wien.) Das Gastspiel des
389 1317 1472 1372 Lessingthaters unter Peitusiggvon Direktor Brahm hatte zu
412 1371 1470 1419 Schutzpattonen zwei Wiener! Schnitzler und Grillparzer.
402 1418 1478 1460 Denn Hauptmanns „Elga“ist nichts anderes, als die in
395 1456 1471 1514 eine Reihe dramatischer Bilder zerlegte Novelle Grillparzer¬
380 1637 1454 1727 vom Kloster Sendomir, Bilder wie sie einem im unheim¬
391 1699 1451 1756 lichen Turmgemache des Klosters übernachtenden Ritter in
372 1759 1450 1816 weinschwerem Traum erscheinen. Es ist die Geschichte vom
373 1800 1455 1855 volnischen Grafen, den sein Weib mit ihrem Jugendfreunde
385 1853 1454 1896 betrügt und der nun die ihm angetane Schmach durch die
379 1900 1452 1966 Ermordung des Buhlers rächt. Das Werk trägt noch jetzt
370 1937 1451 2009 die Eierschalen seiner novellistischen Urform. Die ganze drama¬
370 1990 1448 2057 tische Notwendigkeit liegt schon in der Abfolge der Erzählung
369 2023 1438 2108 selbst. Mit psychischen Finessen hat sich der Dichter nicht
379 2092 1440 2153 allzu sehr beschwert und die Aenderungen der Tetails kommen
370 2137 1442 2195 kaum in Betracht. Bei Grillparzer hat das in Buhlschaft
376 2193 1435 2246 gezeugte Kind dunkle Augen und lichtes Haar, bei Haupt¬
371 2229 1431 2280 mann ist es umgekehrt. Die überlangen Pausen der Hand¬
375 2279 1444 2325 lung sind hinter der Szene durch Musik einer nächtlichen
371 2330 1448 2390 Totenmesse gefüllt. Die Arbeit ist in schnellem Wurfe schon
365 2378 1437 2445 1896 gemacht, aber erst im vorigen Jahre zum Druck gebracht.
374 2427 1434 2476 Sie ist nicht viel mehr als ein wertvoller Beitrag zum
365 2473 1442 2522 Kapitel „gemoppte Litteratur.“ Rudolf Rittner als
366 2503 1447 2581 Graf Starschenski bewährte, besonders im vorletzten Bilde,
370 2560 1443 2633 seine große Kunst, Irene Triesch (Elga) fesselt durch den
369 2609 1435 2679 Blick, in dem sie alle Leidenschaften und alle Lüste spiegelt
368 2662 1443 2738 und durch die echt dramatische Färbung des tiefen Organs,
367 2713 1442 2777 sie spielt auch entschieden besser als sie singt. Zu nennen ist
368 2754 1443 2839 noch Herr Reicher als Verwalter Timoska. In allgemeinen
362 2798 1427 2873 war der Ton des Stückes für das kleine Haus viel zu stark.
432 2842 940 2908 Dem Drama war Schnitzle
963 2852 1415 2918 s „Puppenspieler“
352 2901 985 2961 als Premiere vorangegangen. Der
1090 2901 1422 2967 r nennt dieses von
353 2943 958 2996 drei Personen gesprochene Feuiliete
1113 2956 1161 3012 100
1175 2949 1429 3011 rscheinlich ein
366 2992 947 3057 Erlebnis zugrunde liegt, eine S
950 2998 1009 3055 tud
1048 2999 1152 3055 Der
1170 2999 1428 3060 Philosoph und
365 3031 918 3091 Uebermensch Georg Merkli¬
1218 3049 1417 3107 hlchternheit
357 3088 904 3153 seines Eduard durch die liebens
1149 3094 1407 3152 erie eines Mäd¬
352 3141 1021 3202 chens heilen, das er beredet hat. Die W
1065 3149 1423 3205 der beiden Genossen
359 3186 1430 3254 hatten sich seitdem getrennt. Nach zehn Jahren findet nun
352 3224 1425 3281 Georg den Freund in glücklicher, von einem Kinde gesegneter
353 3278 1428 3348 Ehe mit demselben Mädchen, das er ihm einst in spielender
358 3323 1415 3381 Laune zugeschanzt. Dabei ist der Arrangeur des Spiels
344 3375 1423 3441 selbst, von den Weibern genasführt, auf der Bahn des Lebens
351 3440 1422 3499 entgleist. Das ist das „Puppenspiel“. Bassermann
340 3477 1412 3540 (Georg Merklin) ist, nach dieser Probe zu urteilen, ein be¬
348 3508 1421 3588 deutender Schauspieler, voll von charakteristischer Kraft, voll
341 3571 1421 3636 Natürlichkeit und Diskretion. Seinetwegen allein ist das kleine
341 3628 1417 3683 Stück wohl sehenswert. Die Zuschauer folgten dem Spiel mit
338 3651 1445 3761 Interesse und-zeichneten die Darsteller, jedoch nur diese, durch
339 3705 596 3782 Beifall-aus.
1234 3723 1270 3758 7
1522 231 1987 334 box 22/6
2066 784 2546 956 130N2
2106 1007 2877 1099 #nicago, Christiania, Genf, Kopenhagen,
1703 1065 2879 1133 Endon, Madrid, Mailand, Minneapolis, New-York, Paris, Rom,
1939 1117 2695 1156 San Francisco, Stockholm, St. Fetersburg.
2114 1160 2531 1221 (Quellenangabe ohne Gewähr.)
1766 1228 2173 1308 Ausschnitt aus:
1770 1266 2836 1391 vom: 10 S, zelßteressantes Blatt, Wien
1849 1369 2833 1466 Castspiel der Berliner. Direktor Brahm
1749 1429 2831 1503 vom Berliner Lessing=Theater führte sein Ensemble ins
1759 1477 2836 1548 Theater an der Wien, wo der „Lustigen Witwe“ gekündigt
1764 1540 2852 1599 wurde, weil man die Bühne für ernste Herren braucht.s
1764 1575 2857 1668 Man gab den „Puppenspieler“ —von Schnitzler unde.
1762 1637 2848 1693 „Elga“ von Gerhard Hauptmann. Der Puppenspieler;
1748 1682 2848 1781 ist ein dramatisches Kabinettstück, echter Wiener Geschmack;
1745 1742 2840 1819 und eingeborene Lebensphilosophie, die den Schmerz mit¬
1735 1792 2839 1867 wehmütigem Lächeln darstellt. Wie ein Mensch mit hoch¬;
1744 1834 2845 1921 fliegenden Träumen, großer Klugheit für andere und unzu¬
1728 1891 2844 1957 reichender Kraft für sich sein eigenes Glück nicht sinden;
1738 1933 2812 2017 kann, aber ruhmredig und stolz seinen Schmerz verbirgt,
1732 1980 2821 2056 ist mit Meisterschaft durchgeführt. Herr Bassermann
1725 2038 2812 2096 wurde der Hauptrolle gerecht. „Elga“ ist die Dramati¬
1740 2081 2814 2153 sierung der gleichnamigen Grillparzerschen Novelle, dieser
1735 2131 2810 2196 Ritterballade vom verbuhlten Bettlerkind, das den Grafen
1736 2178 2801 2242 betrügt, der sie aus dem Elend zu sich erhoben hat und
1737 2233 2798 2297 bereit ist, das Kind ihrer Sünde zu töten, wenn man nur
1726 2282 2804 2347 sie leben läßt. In der Novelle ist das Weib eine Dirne,
1719 2332 2809 2404 Hauptmann erhöht sie zu einer Heldin der Liebe, die an¬
1717 2379 2796 2461 gesichts des Todes ihrem Gatten Verachtung ins Gesicht
1715 2434 2806 2508 schleudert. Außerdem ist sie mit den pathologischen Zügen
1706 2486 2787 2556 eines Überweibchens ausgestattet. Für die Form hat Haupt¬
1709 2530 2782 2605 mann den Traum gewählt, indem einem Ritter am Schau¬
1704 2578 2804 2654 platz der Tat die Geschehnisse erscheinen. Die Regie hat
1708 2617 2792 2703 alles darauf angelegt, um Hänschen das Gruseln zu lehren.
1712 2671 2794 2759 Herr Rittner, Herr Reicher sowie Frau Irene Triesch
1703 2728 2796 2810 haben den vorauseilenden Ruf ihres großen Könnens bei
1706 2768 2216 2844 dieser Gelegenheit bestätigt.
1871 2831 2793 2902 Auf die Darstellung von „Rosmersholm“ hatte
1708 2881 2784 2942 man gespannt gewartet, denn in der Kunstwelt Deutschlands
1711 2931 2793 3006 hatte man diese Leistung sehr hoch eingeschätzt. Es ist richtig,
1710 2977 2788 3051 daß eine harmonische, tief durchdachte Aufführung geboten
1708 3026 2783 3099 wurde, die Ibsen in vielen Stücken gerecht wurde und
1700 3071 2771 3150 welche die Tiefen des Werkes höher aus Licht hob. Tief
1696 3111 2776 3206 durchdacht, aber nicht mehr. Verstand und technisches Können
1696 3170 2783 3247 der Berliner ist enorm, sie analysieren haarscharf die
1700 3216 2781 3302 Stimmung und berechnen die Wirkung mit meisterhafter
1702 3271 2782 3355 Sicherheit. Aber norddeutsche Kühle scheucht die tiefe, warme
1695 3323 2771 3395 Stimmung fort, der Grundton des Eindruckes ist mit jenem
1700 3372 2764 3429 verwandt, welchen ein scharfsinniger Mathematiker bei der
1692 3431 2767 3500 glatten Ansösung eines schweren Beispieles auf uns übt. Herr
1684 3472 2763 3527 Reicher als Johannes Rosmer, Herr Marr als Kroll und
1691 3509 2758 3590 Frau Triesch verfolgten ihr Ziel mit verständiger Energie.
1693 3570 2760 3646 Die Szene von Hysterie beim Geständnis ist eine Störung.
1684 3609 2297 3697 Packend wirkte der letzte Aufzug.
