3436 4320
1512 258 2010 367 box 22/6
215 263 1536 385 17. 1. Der Puppenspieler
2139 1558 2740 1658 —
1222 1643 3297 1722 sein Bestes. Das elementare Wesen seiner starken sich seiner Brust entrang. Und dies alles ohne
205 1654 1243 1732 nützt; er erzählt die Geschehnisse, die wohl Er¬
203 1717 3300 1782 greifendes, Packendes bieten, aber wenig oder Natur findet schwellende Töne für das Glück und jede Theatralik, ohne Verwendung jener allseits
204 1733 3305 1828 nichts Dramatisches enthalten. Hauptmann bringts erschütternde Verzweiflung für die Tragik des Ge¬ gebräuchlichen Mätzchen mit einer Einfachheit
2253 1784 3306 1854 gegeben, die nur ein wahrer Künstler schaffen
350 1794 2264 1863 theatermäßig bearbeitet — gewürzt mit schickes. Irene Triesch brachte die Rolle der
210 1815 322 1876 sie
2247 1840 3300 1904 kann. Man wird die Gestalt, die er da schuf, nie
1227 1843 2257 1911 „Elga“ mit großer Kunst und noch mehr Vir¬
200 1856 1253 1932 vielem Eigenen, gutem Eigenen, auf die Bühne.
2252 1885 2666 1961 vergessen können.
205 1886 2268 1966 Ob es gut war, diesen Stoff auf die Bühne zu tuosität. Ihr leidenschaftlicher Gesang, die schwel¬
2351 1910 3304 1989 Der zweite Tag des Gastspieles galt der Auf¬
1231 1943 2276 2013 lende Sinnlichkeit, mit der sie ich zu umgeben
209 1953 1251 2028 stellen, die Geschehnisse zu zeigen, statt sie zu
2256 1979 3293 2053 führung von Ibsens „Rosmersholm“ und
1232 1999 2262 2070 weiß, wirkt dämonisch. Glänzend war Reicher
203 2001 1249 2072 erzählen, möchte ich bezweifeln. Hauptmann be¬
2267 2018 3300 2100 hat einen tiefen Eindruck hinterlassen. Vielleicht
206 2047 2265 2113 weist in diesem Werke von neuem, daß er ein als Hausverwalter. Er schuf eine Figur aus
2252 2082 3297 2143 weil die Norddeutschen der nordischen Dichtung
1233 2101 2263 2161 diesem treuen und ergebenen Diener seines Herrn,
206 2096 1251 2162 Denker ist, ein Dichter. Er ist einer der großen,
2259 2135 3300 2200 ihrem Gemüte nach näher stehen, als unsere süd¬
1243 2150 2265 2204 wie sie wohl besser nicht dargestellt werden kann.
205 2127 1246 2222 die für das Theater schreiben aber ein Dra¬
2263 2191 3293 2241 lichen Temperamente und sich in den Geist Ibsens
1235 2193 2273 2263 Kein Wunder also, daß die Gäste mit stürmischem
210 2192 1248 2257 matiker ist er nicht. Ein Drama also ist „Elga“
2236 2227 3304 2297 besser einleben. Mit der Gestalt Ulrik Brendels
1240 2241 1822 2315 Beifall umjubelt wurden.
201 2237 1250 2322 nicht, aber eine schöne Dichtung. Packend und
1327 2277 3295 2345 Vor Gerhard Hauptmanns Dichtung kam bot Bassermann eine erlesene Kunst. Er
214 2286 1255 2359 ergreifend, auch von der Bühne herab, sofern sie
1243 2330 3306 2394 Arthur Schnitzler mit seiner einaktigen Studiel rückte diese Gestalt unserem Empfinden näher
205 2341 1258 2418 so hervorragend dargestellt wird, wie vom En¬
2261 2367 3303 2436 durch die feine Charakteristik mit der er diese
1249 2384 2275 2451 „Der Puppenspieler“. Es ist eine feine,
221 2388 1251 2454 semble des Lessingtheaters. Voll schöner Gedan¬
2263 2425 3297 2484 Natur zu zeichnen wußte. Man könnte aus dieser
1247 2414 2277 2498 sinnvolle, von einer wehmütigen Philosophie
217 2443 1243 2498 ken, voll Stimmung, voll poetischer Worte, dich¬
2269 2466 3307 2540 feinen Zeichnung gleichsam eine Verwandtschaft
1251 2488 2273 2550 durchzogene Arbeit. Die Gestalt Georg Merklins,
205 2491 1247 2559 terischem Zauber und Schönheit. Es würde zu
2269 2507 3295 2593 mit Georg Merklin aus dem Puppenspieler heraus¬
218 2530 2266 2598 weit führen, einzugehen auf die vielen Schön= des Schriftstellers, der das Schicksal besiegen will,
2267 2561 3300 2630 empfinden. Mit großer Künstlerschaft hat Karl
218 2593 2281 2652 heiten des Werkes, aber auch auf die Schwächen aber unterliegt, eines Menschen, der glaubt, mit
2262 2619 3296 2683 [Forest den Mortensgord gegeben. Mit einer
216 2640 2287 2709 desselben. Der Dichter hat das Werk selbst als! Puppen zu spielen und selbst bloß zur Puppe
2271 2680 3301 2735 Einfachheit, jede überflüssige Geste meidend, stellte
219 2669 2286 2759 „Entwurf“ bezeichnet, wir nehmen es dafür und wird, mit der das Schicksal spielt, ist eine fein
2266 2726 3295 2782 er einen Charakter auf die Bühne, die wohl des
207 2732 2282 2804 als solcher betrachtet, ist es hervorragend. Wielersonnene. Diese Natur, die vielleicht mit dem
2271 2763 3304 2835 Dichters Vorstellung am nächsten kam. Reicher
212 2776 2291 2848 Hauptmann die Grillparzersche Erzählung in Lächeln der Verzweiflung, aber immer noch mit
2276 2825 3302 2878 als Pastor Rosmer und Irene Triesch als Re¬
214 2821 2274 2904 diese Traumdichtung umformt, wie er den Schluß einem Lächeln, sein Schicksal, sein Leben verachtet,
2260 2862 3298 2933 betka boten eine in allen Teilen durchgeistigte
1259 2861 1826 2957 ist eine tief empfundene.
222 2886 1256 2945 und manch anderes Grillparzerische umdichtet, das
1328 2898 3307 2981 Wassermann hat in der Darstellung die= Leistung. Besonders am Schlusse des letzten Aktes
226 2933 1263 2995 beweist ein so herrliches poetisches Können, eine
212 2970 3305 3045 so reiche Gestaltungskraft, daß es sicher lohnenser schwierigen Rolle großartiges geleistet. Man gaben sie ein Bild voll dichterischer Stimmung.
2260 2996 3313 3082 Noch sei Herr Marr lobend erwähnt, der den
224 3028 1262 3087 würde, diesen „Entwurf“ auszuarbeiten. Wäre
1253 3032 2283 3100 durchblickte seine Vereinsamung, er ließ in seine
2275 3066 3313 3124 Kroll mit starker Empfindung gab. Es war ein
216 3077 1265 3148 das geträumte Drama an sic; vollkommener,
1256 3080 2278 3141 wunde Seele sehen und er riß alles mit sich durch
2275 3109 3301 3178 auserlesener Genuß, den die Vorstellung brachte
225 3104 1270 3191 „Elga“ wäre als ein vollendetes Kunstwerk zu
1252 3126 2279 3194 den Ausdruck seines Schmerzes über sein totes
1252 3156 3315 3243 Kind, über sein verräterisches Weib. Es war der und die Deutschen können stolz sein auf den großen.
218 3160 1263 3240 bezeichnen. Die Aufführung des Werkes war eine
2268 3203 3195 3295 Erfolg den sie durch ihre Kunst errangen.
221 3226 906 3287 in allen Teilen meisterhaftes.
1252 3225 2294 3290 Aufschrei einer todwunden Seele, des unsäglichen
317 3260 2319 3365 Rudolf Rittner als Graf Starschenski gab Schmerzes eines schicksalbesiegten Menschen, der
