3484 4320
317 284 2095 400 17.1. Der Puppenspieler box 22/6
2355 502 2906 609 Berliner Theater.
2013 558 3277 650 Deckisches Theater: „Der Puppenspieler“, Studie von Arthur Schnitzler
3062 616 3263 666 Residenz¬
2018 626 2997 695 und „Trugbild“, Schauspiel von Georges Rodenbach.
2021 653 3277 761 cheater: „Das beste Mittel“ (Le hon moven), Schwank von Alexander
2239 699 3061 786 Bisson, frei bearbeitet von Benno Jacobson.)
2397 748 2926 835 (Von unserem Correspondenten.)
2651 774 3247 872 Berlin, 14. September.
2175 806 2302 899 #
2113 828 3293 936 Das Deutsche Theater hat den ersten Premièrenabend seiner
1996 871 3285 1002 neuen Spielzeit als einen der unglücklichsten zu verzeichnen. Neun
2014 945 3279 1045 Jahre hat Herr Brahm sein Deutsches Theater von jedem fran¬
2009 978 3285 1076 zösischen Stück ängstlich freizuhalten gewußt, nun da er mit
2004 1033 3277 1124 Maeterlinck's „Monna Vanna“ in der vorigen Saison ein beispiel¬
2018 1082 3294 1168 loses Geschäft gemacht hat, mußte er, da er einmal mit dem
2017 1128 3292 1214 Brauche brach, auf Rodenbach's „Trugbild“ verfallen, dem
2022 1192 3284 1271 sämmtliche Bedingungen für eine Bühnenwirksamkeit in erschreckender
2012 1232 3293 1331 Vollzähligkeit fehlen. Eine fadendünne Handlung, die kaum für
932 1255 1401 1356 Telephon 12801.
2027 1280 3290 1357 einen Act ausreicht, ist für vier auseinandergezerrt; drei Menschen,
2020 1332 3292 1419 ein Monomane, eine Dirne und ein Vertrauter, von denen wir aber
538 1342 1766 1431 Alex. Weigl’s Unternehmen für Zeitungs-Ausschnitte
2023 1377 3291 1467 nichts weiter erfahren, als daß sie eben monoman dirnenhaft und
1432 1408 1720 1507 dee Ausschnitt
2019 1428 3276 1508 befreundet sind, stehen in Beziehungen zu einander, deren Einzig¬
1548 1466 1828 1566 Nr. 91
2032 1466 3286 1554 artigkeit oder Niedagewesenheit jedes tiefere Interesse verhindert,
803 1432 1411 1569 „OBSERYEI
2036 1533 3292 1614 und reden Dinge miteinander, die unendlich langweilen und auch
441 1542 1888 1637 I. österr. behördl. conc. Bureau für Zeitungsberichte u. Personalnachrichten
2034 1574 3306 1657 sprachlich keinerlei Reiz aufzuweisen haben. Was der feinen
709 1612 1649 1708 Wien, I., Concondiaplatz 4.
2038 1620 3303 1713 Novelle „Das todte Brügge“ ihre Bedeutung verleiht, war für
2044 1675 3311 1745 die Bühne theils nicht zu gebrauchen, theils nicht zu retten und
449 1693 1901 1787 Vertretungen in Berlin, Budapest, Chicago, Genf, London, Newyork, Paris, Rom,
806 1731 1530 1814 Stockholm, Kristiania, St. Petersburg.
2042 1725 3127 1803 so bleibt nichts als eine peinigende Schauerlichkeit übrig.
2154 1763 3304 1849 Der monomane Held des Stückes betrauert seine verstorbene
2036 1814 3310 1902 Gattin. Mit ihr ist alle Lebenslust und alle Lebensfreude in
449 1812 1675 1952 Ausschnitt aus: Fägliche Rur Echan, Berlin
2054 1863 3303 1942 ihm erstorben. Da begegnet ihm auf der Straße das Ebenbild
2055 1900 3304 1998 der Verstorbenen. Die Natur hat die Tiefbetrauerte ein zweites¬
2041 1951 3307 2064 mal für ihn geschaffen. Er folgt der Doppelgängerin ins Theater,
453 1921 989 2108 vomt 40/
2050 2009 3253 2094 wohin sie ihr leichtbeschwingter Beruf führt, denn sie ist —
2049 2051 3315 2155 Tänzerin. Er nimmt sie zu sich ins Haus, um, wie er wähnt,
2048 2096 3315 2197 ein zweites Liebesleben an der Seite der innigst Geliebten, die er
2046 2154 3303 2243 so früh verloren, zu führen. Aber seltsames Spiel der Natur:
2038 2189 3311 2279 Die Geliebte gleicht wohl äußerlich der Seligen vollkommen, aber
2048 2245 3300 2351 ihre Seele ist grundverschieden von der der Betrauerten. Sie ist
2047 2291 3307 2389 eine Dirne, die mit seiner Trauer ein leichtfertiges Spiel treibt,
690 2301 1695 2386 Voranging eine Plauderei von Schnitzler —
2050 2342 3312 2426 die sich cynisch an den Reliquien vergreift, die der Erinnerung
625 2373 1718 2426 anders kann man das anspruchslose Werkchen kaum
2060 2393 3310 2464 an die Verstorbene geweiht sind, und da sie in ihrem frivolen
627 2414 1706 2462 bezeichnen, das in schwächerem Aufguß den
625 2462 1707 2516 genialen, über alle Kleinlichkeiten hinausgediehenen
2051 2439 3314 2526 Uebermuth so weit geht, die Haare der Verstorbenen sich um
620 2495 1695 2554 Bohemientypus zu schildern versucht, den Ibsen
2052 2491 3305 2568 den Hals zu legen, bricht der Wahnsinn in ihm aus und er er¬
630 2549 1701 2595 des öfteren und schließlich auch Lessing im Derwisch
2065 2543 2906 2621 drosselt mit den Haaren das sündige Weib.
625 2590 1704 2650 des „Nathan“ hingestellt hat. Der wahre Bettler
2165 2560 3278 2658 Das Publicum hielt sich, wie der Held des Stückes, an
626 2631 1705 2689 ist der wahre König. Hier und da ein hübsches
2072 2648 3325 2728 die Aeußerlichkeiten, wollte nicht in die Tiefe der Seele dringen
625 2675 1712 2741 Wort bei Schnitzler; im ganzen aber fehlt
2072 2678 3314 2758 und luchte bei den ernstesten Scenen. Selbst die glänzende Dar¬
629 2704 1711 2785 die große, breit hingelegte Linie der plasti¬
2078 2721 3321 2824 stellung Oskar Sauer's, der als trauernder Gatte eine feine
631 2752 1710 2837 schen Figurenzeichnung. Herr Bassermann gab
2077 2772 3322 2867 Seelenanalyse bot, und die realistische Leistung Irene Triesch',
631 2806 1886 2871 den „Verlumpten“ mit feiner Strichelkunst. Frl. jnclusive
465 2824 580 2892 Für
2075 2817 3363 2906 die die frivole Tänzerin spielte, vermochten an dem Schicksal des ##
629 2846 1853 2901 Triesch spielte im Rodenbachschen Stück die Porto.
628 2890 1864 2964 Tänzerin als flinkes, intrigantes Grisettchen mit Zahlbar
2084 2896 2588 2978 Stückes nichts zu ändern.
630 2939 1050 2999 starkem Haut=Gout.
2182 2906 3344 2999 Viel höher steht Schnitzler's dramatisch anspruchslose, dem
1305 2937 1911 3018 Paul Mahn. im Voraus.
565 2979 672 3055 1000
2084 2979 3321 3060 Inhalt nach nicht werthlose Studie „Der Puppenspieler“. Sie
601 2991 1918 3082 Im Gegensatze zu anderen Bureaux für Zeitungsausscumtte ist das
2084 3024 3339 3103 spiegelt den Grundgedanken: Was gibt's denn im Leben Fest¬
479 3044 1921 3105 Abonnement durch keine bestimmte Zeitdauer begrenzt; — auch steht es den
2082 3066 3328 3152 stehendes? Ist nicht Alles trügerisch, unter dem Blick zer¬
471 3082 1799 3170 Abonnenten frei die aufgegebenen Themen zu ergänzen oder zu ändern.
2089 3142 3330 3198 rinneno? Ein Sonderling, halb Ulrik Brendel, halb Narciß,
596 3147 1929 3232 Der „OBSERVER“ veranstaltet täglich einen Auszug enthaltend die
2082 3162 3337 3264 lebt von der Illusion, Dinge und Menschen nach seinem Willen
476 3208 1920 3289 Inhaltsangabe aller wichtigen Mittheilungen der Wiener Morgen¬
2081 3211 3336 3315 lenken zu können. Es ist eine Illusion: er glaubt zu schieben und
487 3246 1908 3325 blätter (Tagesjournale ausser „Neue Freie Presse“ und „Wiener Zeitung“)
2078 3273 3327 3349 er wird geschoben. Das klärt sich auf. Mehr geht nicht vor.
494 3284 1931 3367 wodurch eine Uebersicht über das gesammte politische und wirthschaftliche
2082 3310 3333 3386 Aber das Wenige in einer feinen, geistvollen Diction und mit
482 3336 1910 3419 Leben des In- und Auslandes in drastischer Kürze geboten wird. Diese Mit¬
2080 3372 3328 3461 Blicken in die Vergangenheit und Zukunft. Ueber die außer¬
483 3376 1521 3453 theilungen werden in Wien um 9 Uhr Früh verschickt.
2088 3408 3341 3477 ordentlich geistvolle Art, in der Bassermann die Hauptrolle spielte,
820 3457 1606 3552 Pnospecte gratis und franco.
2074 3469 2819 3550 habe ich bereits telegraphisch berichtet.
2187 3524 3339 3612 Die französischen Schwankautoren sind genügsame Leute.
2091 3602 3344 3681 Seit Jahrzehnten leben sie von Bruchtheilen der Ehe und werden
2087 3656 3329 3743 dabei steinreiche Leute, denn der liebe Publicus freut sich un¬
2088 3693 3341 3785 bändig wenn er von seinem Parketsitz aus beobachten kann, wie
2098 3737 3341 3827 dem blitzdummen Kerl da oben auf der Bühne von seiner herzigen
2090 3781 3360 3878 Gattin Hörner aufgesetzt werden, und er freut sich nicht minder,
2099 3838 3348 3911 wenn er spielend zu lernen vermag, wie man es anstellt, um
2107 3889 3354 3967 seine Frau auf anständige Weise betrügen zu können. So kommt.
2095 3932 3347 4017 es denn, daß Jahre hindurch dasselbe Stück gespielt wird,
2100 4003 3331 4059 das eigentlich nur den Namen ändert, und man ist schon zu¬
2096 4030 3347 4110 frieden, wenn es den Autoren gelungen ist, irgend einen Trie
2057 4100 3326 4195 beileibe nicht zu erfinden, sondern zu wenden, daß er wie neu aus¬
2073 4146 3320 4238 sieht. Alerander Bisson ist diesmal ganz im alten Geleise geblieben,
2968 4185 3366 4262 as beste Mittel“
