<?xml version="1.0" encoding="UTF-8" standalone="yes"?>
<PcGts xmlns="http://schema.primaresearch.org/PAGE/gts/pagecontent/2013-07-15" xmlns:xsi="http://www.w3.org/2001/XMLSchema-instance" xsi:schemaLocation="http://schema.primaresearch.org/PAGE/gts/pagecontent/2013-07-15 http://schema.primaresearch.org/PAGE/gts/pagecontent/2013-07-15/pagecontent.xsd">
    <Metadata>
        <Creator>prov=University of Rostock/Institute of Mathematics/CITlab/Gundram Leifert/gundram.leifert@uni-rostock.de:name=ONB_Newseye_GT_M1+(htr_id=10810)::::v=2.4.2
prov=University of Rostock/Institute of Mathematics/CITlab/Tobias Gruening/tobias.gruening@uni-rostock.de:name=de.uros.citlab.module.baseline2polygon.B2PSeamMultiOriented:v=2.4.2
prov=University of Rostock/Institute of Mathematics/CITlab/Tobias Gruening/tobias.gruening@uni-rostock.de:name=/mnt/transkribus/LA/DEA/URO/LA_news_onb_att.pb:de.uros.citlab.segmentation.CITlab_LA_ML:v=2.4.2
Transkribus</Creator>
        <Created>2019-10-07T11:33:43.527+02:00</Created>
        <LastChange>2019-10-08T09:23:11.696+02:00</LastChange>
        <TranskribusMetadata docId="223974" pageId="9499928" pageNr="119" tsid="16509738" status="IN_PROGRESS" userId="40391" imgUrl="https://files.transkribus.eu/Get?id=QSWPISQHBEXEFFFGPETPMYCY&amp;fileType=view" xmlUrl="https://files.transkribus.eu/Get?id=JNZIRSZPDLSBPUHMACLABJJI" imageId="6190150"/>
    </Metadata>
    <Page imageFilename="223974_0119.jpeg" imageWidth="3484" imageHeight="4320">
        <ReadingOrder>
            <OrderedGroup id="ro_1711450184013" caption="Regions reading order">
                <RegionRefIndexed index="0" regionRef="r1"/>
            </OrderedGroup>
        </ReadingOrder>
        <TextRegion orientation="0.0" id="r1" custom="readingOrder {index:0;}">
            <Coords points="138,227 138,3358 3072,3358 3072,227"/>
            <TextLine id="r1l1" custom="readingOrder {index:0;}">
                <Coords points="1468,294 1595,286 1649,260 1693,285 1722,256 1780,277 1824,259 2002,280 2001,182 1569,180 1533,202 1468,199"/>
                <Baseline points="1485,263 1510,260 1535,257 1560,255 1585,254 1610,253 1635,253 1660,253 1685,254 1710,255 1735,255 1760,256 1785,257 1810,258 1835,258 1860,258 1885,257 1910,256 1935,254 1960,251 1985,248"/>
                <TextEquiv>
                    <Unicode>box 22/6</Unicode>
                </TextEquiv>
            </TextLine>
            <TextLine id="r1l2" custom="readingOrder {index:1;}">
                <Coords points="231,295 1451,280 1393,199 565,192 500,231 231,197"/>
                <Baseline points="250,254 309,258 368,263 427,265 486,268 545,270 604,271 663,272 722,272 781,272 841,272 900,271 959,271 1018,270 1077,269 1136,268 1195,268 1254,268 1313,268 1372,268 1432,269"/>
                <TextEquiv>
                    <Unicode>17.1. Der Puppensnieler</Unicode>
                </TextEquiv>
            </TextLine>
            <TextLine id="r1l3" custom="readingOrder {index:2;}">
                <Coords points="2279,793 2947,786 3085,815 3085,746 3005,728 2635,742 2522,710 2435,742 2399,720 2279,738"/>
                <Baseline points="2298,778 2336,781 2374,782 2413,783 2451,784 2490,784 2528,785 2567,784 2605,784 2644,784 2682,783 2720,783 2759,782 2797,782 2836,782 2874,782 2913,782 2951,782 2990,783 3028,784 3067,785"/>
                <TextEquiv>
                    <Unicode>in dr irbatisch=serdischen</Unicode>
                </TextEquiv>
            </TextLine>
            <TextLine id="r1l4" custom="readingOrder {index:3;}">
                <Coords points="386,829 404,830 432,844 440,837 465,839 469,789 448,787 444,783 429,792 418,791 414,795 408,787 389,785"/>
                <Baseline points="403,824 449,828"/>
                <TextEquiv>
                    <Unicode>#1</Unicode>
                </TextEquiv>
            </TextLine>
            <TextLine id="r1l5" custom="readingOrder {index:4;}">
                <Coords points="664,835 2032,847 2032,771 1989,763 664,781"/>
                <Baseline points="683,826 749,828 816,829 882,830 949,831 1016,832 1082,832 1149,833 1215,833 1282,833 1349,833 1415,833 1482,833 1548,833 1615,832 1681,832 1748,831 1815,830 1881,830 1948,829 2015,828"/>
                <TextEquiv>
                    <Unicode>— Achitangenawpartei, und Dr. v. Ernkovich machte einen</Unicode>
                </TextEquiv>
            </TextLine>
            <TextLine id="r1l6" custom="readingOrder {index:5;}">
                <Coords points="2039,839 2834,851 2896,825 3041,852 3088,845 3089,772 2551,795 2040,763"/>
                <Baseline points="2058,828 2108,829 2159,830 2209,831 2260,831 2311,832 2361,832 2412,832 2463,832 2513,833 2564,833 2615,833 2665,833 2716,833 2767,833 2817,833 2868,834 2919,834 2969,835 3020,835 3071,836"/>
                <TextEquiv>
                    <Unicode>Koalition. Dr. Potocnjak ist erst kürzlich</Unicode>
                </TextEquiv>
            </TextLine>
            <TextLine id="r1l7" custom="readingOrder {index:6;}">
                <Coords points="135,872 1021,882 1021,824 691,834 509,804 429,844 386,811 135,803"/>
                <Baseline points="153,873 195,874 238,874 280,875 323,875 365,875 408,876 450,876 493,876 535,876 578,877 621,877 663,877 706,877 748,877 791,877 833,877 876,877 918,876 961,876 1004,876"/>
                <TextEquiv>
                    <Unicode>Die Forderung des Ministers Praschek,</Unicode>
                </TextEquiv>
            </TextLine>
            <TextLine id="r1l8" custom="readingOrder {index:7;}">
                <Coords points="1004,905 1952,896 1952,834 1915,827 1004,833"/>
                <Baseline points="1023,878 1068,878 1113,879 1159,879 1204,879 1250,879 1295,879 1341,880 1386,880 1432,880 1477,880 1522,880 1568,880 1613,880 1659,880 1704,880 1750,880 1795,880 1841,880 1886,879 1932,879"/>
                <TextEquiv>
                    <Unicode>Anschluß an die neue Banuspartei unmöglich.</Unicode>
                </TextEquiv>
            </TextLine>
            <TextLine id="r1l9" custom="readingOrder {index:8;}">
                <Coords points="2028,901 3084,900 3084,827 2028,829"/>
                <Baseline points="2046,877 2099,878 2153,879 2206,880 2260,881 2314,882 2367,883 2421,883 2475,884 2528,884 2582,884 2635,884 2689,884 2743,884 2796,884 2850,884 2904,884 2957,884 3011,884 3065,884"/>
                <TextEquiv>
                    <Unicode>aus der Koalition, zu deren hervorragendsten Mit¬</Unicode>
                </TextEquiv>
            </TextLine>
            <TextLine id="r1l10" custom="readingOrder {index:9;}">
                <Coords points="133,941 1023,938 1023,865 998,861 714,889 134,868"/>
                <Baseline points="153,924 195,924 238,925 280,925 323,926 365,927 408,928 450,929 493,929 535,930 578,930 620,931 663,931 705,931 748,931 790,931 833,930 875,929 918,928 960,926 1003,924"/>
                <TextEquiv>
                    <Unicode>ügend viele tschechische Beamte auch in den</Unicode>
                </TextEquiv>
            </TextLine>
            <TextLine id="r1l11" custom="readingOrder {index:10;}">
                <Coords points="2023,946 3083,935 3050,887 2023,873"/>
                <Baseline points="2041,928 2092,929 2143,930 2194,931 2246,931 2297,932 2348,933 2399,933 2451,933 2502,933 2553,934 2604,934 2656,934 2707,934 2758,934 2809,933 2861,933 2912,933 2963,932 3014,932 3066,931"/>
                <TextEquiv>
                    <Unicode>gliedern er zählte, ausgetreten und zur Starcevic¬</Unicode>
                </TextEquiv>
            </TextLine>
            <TextLine id="r1l12" custom="readingOrder {index:11;}">
                <Coords points="1255,978 1546,969 1680,988 1738,973 1753,988 1800,970 1800,905 1753,915 1702,897 1666,915 1630,889 1600,915 1532,903 1448,925 1386,892 1361,917 1256,909"/>
                <Baseline points="1272,958 1297,959 1323,960 1348,961 1374,962 1399,962 1425,962 1450,962 1476,962 1501,962 1527,962 1553,962 1578,961 1604,961 1629,961 1655,961 1680,962 1706,962 1731,962 1757,963 1783,964"/>
                <TextEquiv>
                    <Unicode>Die neue Rauch=Gruppe.</Unicode>
                </TextEquiv>
            </TextLine>
            <TextLine id="r1l13" custom="readingOrder {index:12;}">
                <Coords points="137,979 1030,999 1029,923 136,928"/>
                <Baseline points="156,971 198,974 241,977 284,978 326,979 369,980 412,981 454,981 497,981 540,980 583,980 625,979 668,978 711,977 753,976 796,975 839,974 881,973 924,973 967,972 1010,972"/>
                <TextEquiv>
                    <Unicode>en Stellen zu finden sein müssen,</Unicode>
                </TextEquiv>
            </TextLine>
            <TextLine id="r1l14" custom="readingOrder {index:13;}">
                <Coords points="2029,977 3089,991 3068,933 2030,937"/>
                <Baseline points="2049,972 2100,973 2151,975 2202,976 2253,977 2304,978 2355,979 2407,980 2458,981 2509,981 2560,981 2611,982 2662,982 2713,982 2765,982 2816,981 2867,981 2918,981 2969,981 3020,980 3072,980"/>
                <TextEquiv>
                    <Unicode>Partei übergetreten, ein Schritt, der in politischen</Unicode>
                </TextEquiv>
            </TextLine>
            <TextLine id="r1l15" custom="readingOrder {index:14;}">
                <Coords points="1060,1035 2040,1031 2040,959 1260,979 1060,952"/>
                <Baseline points="1077,1016 1124,1017 1171,1017 1218,1018 1266,1019 1313,1019 1360,1020 1407,1020 1455,1021 1502,1021 1549,1021 1596,1022 1644,1022 1691,1022 1738,1022 1785,1023 1833,1023 1880,1023 1927,1023 1974,1023 2022,1023"/>
                <TextEquiv>
                    <Unicode>Agram, 19. Jänner. Banus Baron Rauch wird</Unicode>
                </TextEquiv>
            </TextLine>
            <TextLine id="r1l16" custom="readingOrder {index:15;}">
                <Coords points="143,1026 648,1044 1022,1019 999,957 807,984 143,979"/>
                <Baseline points="161,1021 203,1023 245,1024 287,1025 329,1026 371,1026 413,1027 456,1026 498,1026 540,1026 582,1025 624,1024 666,1023 708,1022 751,1022 793,1021 835,1020 877,1019 919,1019 961,1018 1004,1018"/>
                <TextEquiv>
                    <Unicode>ich ganz am Platze. Wir müssen ver¬</Unicode>
                </TextEquiv>
            </TextLine>
            <TextLine id="r1l17" custom="readingOrder {index:16;}">
                <Coords points="2031,1031 3036,1043 3087,1040 3088,971 2032,976"/>
                <Baseline points="2050,1022 2101,1023 2152,1024 2203,1025 2254,1026 2305,1027 2356,1027 2407,1028 2458,1029 2509,1029 2560,1030 2611,1030 2662,1031 2713,1031 2764,1031 2815,1032 2866,1032 2917,1031 2968,1031 3019,1031 3070,1030"/>
                <TextEquiv>
                    <Unicode>Kreisen viel besprochen wurde. Dr. Potocnjak er¬</Unicode>
                </TextEquiv>
            </TextLine>
            <TextLine id="r1l18" custom="readingOrder {index:17;}">
                <Coords points="1002,1070 2037,1087 2037,1029 1003,1012"/>
                <Baseline points="1022,1069 1071,1068 1121,1068 1171,1069 1221,1069 1271,1069 1320,1070 1370,1070 1420,1071 1470,1072 1520,1072 1569,1073 1619,1073 1669,1074 1719,1074 1769,1074 1818,1074 1868,1074 1918,1073 1968,1072 2018,1071"/>
                <TextEquiv>
                    <Unicode>bereits in den nächsten Tagen die Organisation</Unicode>
                </TextEquiv>
            </TextLine>
            <TextLine id="r1l19" custom="readingOrder {index:18;}">
                <Coords points="140,1056 333,1096 460,1073 1008,1083 1008,1025 140,1012"/>
                <Baseline points="160,1071 201,1072 242,1072 284,1073 325,1073 367,1073 408,1073 449,1073 491,1073 532,1073 574,1073 615,1072 656,1072 698,1072 739,1072 781,1071 822,1071 863,1071 905,1071 946,1071 988,1071"/>
                <TextEquiv>
                    <Unicode>daß nicht nur bei den Zentralstellen in</Unicode>
                </TextEquiv>
            </TextLine>
            <TextLine id="r1l20" custom="readingOrder {index:19;}">
                <Coords points="2030,1086 3047,1099 3079,1096 3080,1034 2031,1028"/>
                <Baseline points="2050,1073 2100,1074 2151,1076 2201,1077 2252,1078 2303,1079 2353,1079 2404,1080 2455,1080 2505,1080 2556,1080 2607,1080 2657,1080 2708,1080 2759,1080 2809,1080 2860,1080 2911,1080 2961,1081 3012,1081 3063,1083"/>
                <TextEquiv>
                    <Unicode>klärt nun, daß sein Verhalten durch die politische</Unicode>
                </TextEquiv>
            </TextLine>
            <TextLine id="r1l21" custom="readingOrder {index:20;}">
                <Coords points="1016,1132 2044,1135 2044,1080 1017,1074"/>
                <Baseline points="1034,1116 1083,1117 1133,1117 1182,1118 1232,1119 1282,1119 1331,1120 1381,1120 1430,1121 1480,1121 1530,1122 1579,1122 1629,1122 1678,1122 1728,1123 1778,1123 1827,1123 1877,1123 1926,1122 1976,1122 2026,1122"/>
                <TextEquiv>
                    <Unicode>seiner neuen Partei, die den Namen Unions¬</Unicode>
                </TextEquiv>
            </TextLine>
            <TextLine id="r1l22" custom="readingOrder {index:21;}">
                <Coords points="146,1125 1006,1129 1006,1070 973,1067 146,1074"/>
                <Baseline points="165,1121 206,1121 247,1121 288,1121 329,1121 371,1121 412,1121 453,1121 494,1121 535,1121 577,1121 618,1121 659,1121 700,1121 741,1121 783,1121 824,1120 865,1119 906,1118 947,1117 989,1115"/>
                <TextEquiv>
                    <Unicode>sondern auch bei den hohen Landesstellen</Unicode>
                </TextEquiv>
            </TextLine>
            <TextLine id="r1l23" custom="readingOrder {index:22;}">
                <Coords points="2038,1130 3069,1146 3070,1091 3030,1087 2039,1083"/>
                <Baseline points="2056,1123 2105,1124 2155,1126 2205,1127 2255,1127 2305,1128 2355,1128 2404,1128 2454,1128 2504,1128 2554,1128 2604,1128 2654,1128 2704,1128 2753,1129 2803,1129 2853,1130 2903,1131 2953,1132 3003,1134 3053,1137"/>
                <TextEquiv>
                    <Unicode>Propaganda der Serben veranlaßt worden sei,</Unicode>
                </TextEquiv>
            </TextLine>
            <TextLine id="r1l24" custom="readingOrder {index:23;}">
                <Coords points="140,1179 1004,1182 1004,1109 140,1139"/>
                <Baseline points="157,1173 198,1171 239,1170 281,1168 322,1167 364,1167 405,1166 446,1167 488,1167 529,1167 571,1167 612,1168 653,1168 695,1169 736,1169 778,1168 819,1168 860,1167 902,1166 943,1163 985,1161"/>
                <TextEquiv>
                    <Unicode>gund in Brünn dar tschechische Element</Unicode>
                </TextEquiv>
            </TextLine>
            <TextLine id="r1l25" custom="readingOrder {index:24;}">
                <Coords points="1015,1180 3077,1181 3052,1133 1015,1126"/>
                <Baseline points="1032,1165 1133,1166 1234,1167 1336,1168 1437,1169 1538,1169 1640,1170 1741,1171 1842,1172 1944,1172 2045,1173 2146,1173 2248,1174 2349,1175 2450,1176 2552,1176 2653,1177 2754,1178 2856,1179 2957,1180 3059,1182"/>
                <TextEquiv>
                    <Unicode>partei führt, beginnen. Einige Schwierigkeiten deren großserbische Bestrebungen mit seinen politi¬</Unicode>
                </TextEquiv>
            </TextLine>
            <TextLine id="r1l26" custom="readingOrder {index:25;}">
                <Coords points="129,1234 1019,1222 1018,1175 129,1172"/>
                <Baseline points="149,1219 191,1219 234,1219 276,1219 319,1219 361,1219 404,1219 446,1219 489,1219 531,1219 574,1218 617,1218 659,1218 702,1218 744,1217 787,1217 829,1217 872,1216 914,1216 957,1215 1000,1215"/>
                <TextEquiv>
                    <Unicode>hend vertreten ist. — Was die geplanten</Unicode>
                </TextEquiv>
            </TextLine>
            <TextLine id="r1l27" custom="readingOrder {index:26;}">
                <Coords points="1005,1223 3074,1240 3074,1178 1005,1172"/>
                <Baseline points="1022,1214 1123,1215 1225,1216 1327,1217 1428,1217 1530,1218 1632,1219 1733,1219 1835,1219 1937,1220 2039,1220 2140,1221 2242,1221 2344,1222 2445,1223 2547,1223 2649,1224 2750,1226 2852,1227 2954,1228 3056,1230"/>
                <TextEquiv>
                    <Unicode>ergeben sich jetzt bereits aus dem Umstande, daß die schen Überzeugungen im Widerspruche stehen. Die</Unicode>
                </TextEquiv>
            </TextLine>
            <TextLine id="r1l28" custom="readingOrder {index:27;}">
                <Coords points="135,1282 3076,1293 136,1228"/>
                <Baseline points="153,1271 298,1269 443,1267 588,1266 733,1265 878,1264 1023,1264 1169,1264 1314,1265 1459,1266 1604,1267 1749,1268 1894,1269 2039,1270 2185,1272 2330,1273 2475,1275 2620,1277 2765,1278 2910,1280 3056,1281"/>
                <TextEquiv>
                    <Unicode>schechischen Ausgleichsverhandlun= Serben in scharfe Opposition zu Baron Propaganda der Serben, dahin zu wirken, daß</Unicode>
                </TextEquiv>
            </TextLine>
            <TextLine id="r1l29" custom="readingOrder {index:28;}">
                <Coords points="796,1332 992,1332 1017,1314 1391,1332 1427,1317 1427,1270 796,1274"/>
                <Baseline points="815,1302 844,1302 874,1303 904,1303 933,1303 963,1303 993,1303 1022,1303 1052,1303 1082,1303 1112,1303 1141,1302 1171,1302 1201,1302 1230,1302 1260,1302 1290,1302 1319,1302 1349,1303 1379,1303 1409,1304"/>
                <TextEquiv>
                    <Unicode>  </Unicode>
                </TextEquiv>
            </TextLine>
            <TextLine id="r1l30" custom="readingOrder {index:29;}">
                <Coords points="2485,1332 2517,1330 2532,1337 2536,1333 2543,1337 2550,1333 2579,1335 2577,1256 2551,1256 2537,1268 2522,1261 2508,1276 2483,1277"/>
                <Baseline points="2503,1311 2532,1309 2561,1309"/>
                <TextEquiv>
                    <Unicode>MRERMNN</Unicode>
                </TextEquiv>
            </TextLine>
            <TextLine id="r1l31" custom="readingOrder {index:30;}">
                <Coords points="997,1359 1163,1393 1730,1396 1774,1368 1828,1401 1980,1399 2045,1393 2046,1320 997,1308"/>
                <Baseline points="1016,1357 1066,1358 1117,1359 1167,1360 1218,1361 1268,1362 1319,1362 1369,1363 1420,1364 1470,1364 1521,1365 1572,1365 1622,1366 1673,1366 1723,1367 1774,1367 1824,1368 1875,1368 1925,1369 1976,1369 2027,1370"/>
                <TextEquiv>
                    <Unicode>Glückes, ein großer Puppenspieler gewesen zu</Unicode>
                </TextEquiv>
            </TextLine>
            <TextLine id="r1l32" custom="readingOrder {index:31;}">
                <Coords points="2030,1373 3072,1391 3072,1326 3021,1322 2030,1314"/>
                <Baseline points="2050,1369 2100,1369 2150,1368 2200,1368 2250,1368 2300,1368 2350,1367 2401,1367 2451,1367 2501,1367 2551,1367 2601,1368 2651,1368 2701,1369 2752,1370 2802,1371 2852,1371 2902,1373 2952,1374 3002,1376 3053,1378"/>
                <TextEquiv>
                    <Unicode>Außen= und verwahrloster Innenseite. Ein reicher</Unicode>
                </TextEquiv>
            </TextLine>
            <TextLine id="r1l33" custom="readingOrder {index:32;}">
                <Coords points="1024,1432 1046,1433 1057,1426 1068,1427 1079,1435 1098,1417 1112,1418 1124,1408 1149,1412 1151,1365 1133,1364 1110,1374 1093,1366 1060,1368 1056,1372 1027,1367"/>
                <Baseline points="1042,1405 1072,1406 1102,1407 1132,1409"/>
                <TextEquiv>
                    <Unicode>sein.“</Unicode>
                </TextEquiv>
            </TextLine>
            <TextLine id="r1l34" custom="readingOrder {index:33;}">
                <Coords points="2025,1421 3030,1437 3070,1426 3071,1386 2025,1370"/>
                <Baseline points="2044,1418 2094,1418 2145,1418 2195,1418 2246,1418 2296,1419 2347,1419 2397,1419 2448,1419 2498,1420 2549,1420 2599,1421 2650,1421 2700,1421 2751,1422 2801,1423 2852,1423 2902,1424 2953,1425 3003,1425 3054,1426"/>
                <TextEquiv>
                    <Unicode>Mann kauft das Bild. „Meine Kunst hat ihn ent¬</Unicode>
                </TextEquiv>
            </TextLine>
            <TextLine id="r1l35" custom="readingOrder {index:34;}">
                <Coords points="226,1455 538,1443 568,1457 800,1424 800,1369 738,1370 720,1352 683,1370 491,1352 379,1375 313,1353 226,1364"/>
                <Baseline points="243,1422 269,1425 296,1427 323,1429 350,1429 377,1431 404,1431 430,1432 457,1432 484,1432 511,1432 538,1432 565,1431 592,1431 618,1430 645,1429 672,1428 699,1426 726,1426 753,1424 780,1423"/>
                <TextEquiv>
                    <Unicode>Einakter=Abend.</Unicode>
                </TextEquiv>
            </TextLine>
            <TextLine id="r1l36" custom="readingOrder {index:35;}">
                <Coords points="1055,1464 3070,1466 1056,1417"/>
                <Baseline points="1074,1459 1172,1460 1271,1461 1370,1462 1469,1462 1568,1463 1667,1464 1766,1465 1865,1466 1964,1467 2063,1467 2161,1468 2260,1469 2359,1470 2458,1471 2557,1471 2656,1472 2755,1473 2854,1474 2953,1474 3052,1475"/>
                <TextEquiv>
                    <Unicode>Felix Dörmanns Sittenbild „Der Mäzen“ gückt,“ denkt der naive Maler. Der Käufer aber</Unicode>
                </TextEquiv>
            </TextLine>
            <TextLine id="r1l37" custom="readingOrder {index:36;}">
                <Coords points="144,1491 369,1509 586,1464 659,1497 866,1470 968,1488 1011,1470 1011,1437 931,1412 884,1441 833,1413 713,1446 143,1441"/>
                <Baseline points="161,1483 202,1484 244,1484 285,1485 327,1485 369,1486 410,1486 452,1486 493,1485 535,1485 577,1485 618,1485 660,1484 701,1484 743,1483 785,1483 826,1483 868,1482 909,1482 951,1482 993,1482"/>
                <TextEquiv>
                    <Unicode>[Puppenspieler“ Studie von Ariu¬</Unicode>
                </TextEquiv>
            </TextLine>
            <TextLine id="r1l38" custom="readingOrder {index:37;}">
                <Coords points="1007,1525 2005,1532 2031,1467 1007,1460"/>
                <Baseline points="1024,1509 1073,1510 1122,1511 1172,1512 1221,1513 1271,1514 1320,1515 1369,1516 1419,1517 1468,1518 1518,1518 1567,1519 1616,1519 1666,1520 1715,1520 1765,1520 1814,1520 1863,1520 1913,1520 1962,1519 2012,1519"/>
                <TextEquiv>
                    <Unicode>zeigt uns einen jungen unverdorbenen Menschen,</Unicode>
                </TextEquiv>
            </TextLine>
            <TextLine id="r1l39" custom="readingOrder {index:38;}">
                <Coords points="2031,1521 3077,1529 3077,1467 2424,1489 2032,1456"/>
                <Baseline points="2050,1512 2100,1514 2151,1515 2201,1517 2252,1518 2302,1519 2353,1520 2403,1521 2454,1522 2504,1522 2555,1523 2605,1523 2656,1524 2706,1524 2757,1524 2807,1524 2858,1524 2908,1524 2959,1524 3009,1524 3060,1524"/>
                <TextEquiv>
                    <Unicode>ist Geschäftsmann, er sucht praktischen Sinnes</Unicode>
                </TextEquiv>
            </TextLine>
            <TextLine id="r1l40" custom="readingOrder {index:39;}">
                <Coords points="137,1544 155,1543 166,1550 187,1528 209,1535 242,1534 260,1530 271,1519 293,1522 291,1475 270,1472 248,1494 205,1495 194,1484 183,1492 136,1486"/>
                <Baseline points="154,1526 184,1525 215,1524 245,1523 276,1524"/>
                <TextEquiv>
                    <Unicode>ar.</Unicode>
                </TextEquiv>
            </TextLine>
            <TextLine id="r1l41" custom="readingOrder {index:40;}">
                <Coords points="356,1549 552,1525 654,1546 712,1509 756,1534 930,1517 1017,1538 1016,1469 675,1473 628,1495 548,1464 515,1497 356,1499"/>
                <Baseline points="373,1527 404,1527 435,1527 466,1527 497,1527 529,1526 560,1526 591,1526 622,1525 653,1525 685,1525 716,1524 747,1524 778,1523 809,1523 841,1522 872,1522 903,1521 934,1521 965,1521 997,1520"/>
                <TextEquiv>
                    <Unicode>„Der Mäzen“ Sittenbild von</Unicode>
                </TextEquiv>
            </TextLine>
            <TextLine id="r1l42" custom="readingOrder {index:41;}">
                <Coords points="497,1561 552,1575 628,1574 660,1552 719,1573 827,1557 853,1571 1013,1565 1012,1529 947,1534 874,1513 740,1525 710,1508 693,1526 497,1536"/>
                <Baseline points="515,1561 540,1562 565,1563 590,1563 615,1563 641,1563 666,1563 691,1562 716,1562 741,1561 767,1560 792,1559 817,1558 842,1558 867,1557 893,1557 918,1557 943,1558 968,1559 994,1560"/>
                <TextEquiv>
                    <Unicode>„Die Brieftasche“.</Unicode>
                </TextEquiv>
            </TextLine>
            <TextLine id="r1l43" custom="readingOrder {index:42;}">
                <Coords points="147,1575 245,1575 274,1564 401,1567 401,1531 383,1531 346,1494 328,1491 285,1506 266,1524 147,1531"/>
                <Baseline points="164,1561 191,1562 219,1562 246,1561 274,1561 301,1560 329,1560 356,1561 384,1563"/>
                <TextEquiv>
                    <Unicode>Hörmann.</Unicode>
                </TextEquiv>
            </TextLine>
            <TextLine id="r1l44" custom="readingOrder {index:43;}">
                <Coords points="1012,1573 2035,1597 2036,1521 1013,1504"/>
                <Baseline points="1030,1555 1079,1556 1128,1558 1177,1559 1227,1561 1276,1562 1325,1563 1375,1564 1424,1565 1473,1566 1523,1567 1572,1568 1621,1568 1670,1569 1720,1569 1769,1569 1818,1569 1868,1568 1917,1567 1966,1566 2016,1565"/>
                <TextEquiv>
                    <Unicode>einen Maler, verliebt in ein Mädchen von hübscher</Unicode>
                </TextEquiv>
            </TextLine>
            <TextLine id="r1l45" custom="readingOrder {index:44;}">
                <Coords points="2032,1572 3085,1587 3085,1536 3046,1528 2033,1521"/>
                <Baseline points="2049,1568 2099,1568 2150,1568 2201,1568 2252,1568 2303,1567 2354,1567 2405,1567 2456,1567 2507,1567 2558,1567 2608,1568 2659,1568 2710,1568 2761,1569 2812,1570 2863,1571 2914,1572 2965,1574 3016,1576 3067,1578"/>
                <TextEquiv>
                    <Unicode>hinter der Kunst das Leben, und mit Gelo, das in</Unicode>
                </TextEquiv>
            </TextLine>
            <TextLine id="r1l46" custom="readingOrder {index:45;}">
                <Coords points="147,1612 637,1600 669,1626 727,1597 996,1625 1018,1622 1018,1538 691,1564 444,1531 393,1561 146,1564"/>
                <Baseline points="164,1603 205,1602 247,1601 289,1600 331,1600 373,1600 414,1600 456,1600 498,1600 540,1600 582,1600 623,1601 665,1601 707,1601 749,1601 791,1601 832,1601 874,1601 916,1600 958,1600 1000,1598"/>
                <TextEquiv>
                    <Unicode>von Oktave Mirbeau. Zur Aufführung im</Unicode>
                </TextEquiv>
            </TextLine>
            <TextLine id="r1l47" custom="readingOrder {index:46;}">
                <Coords points="2029,1620 3089,1633 3089,1564 2029,1569"/>
                <Baseline points="2047,1614 2098,1615 2149,1615 2200,1616 2251,1617 2302,1617 2353,1617 2405,1617 2456,1617 2507,1617 2558,1618 2609,1618 2660,1618 2711,1618 2763,1619 2814,1620 2865,1621 2916,1622 2967,1623 3018,1625 3070,1627"/>
                <TextEquiv>
                    <Unicode>diesem Falle gute Worte fast überflüssig macht,</Unicode>
                </TextEquiv>
            </TextLine>
            <TextLine id="r1l48" custom="readingOrder {index:47;}">
                <Coords points="142,1665 527,1666 614,1640 680,1669 963,1656 962,1590 142,1596"/>
                <Baseline points="161,1640 200,1641 239,1642 278,1643 318,1643 357,1644 396,1644 435,1643 475,1643 514,1643 553,1642 592,1641 632,1641 671,1640 710,1640 749,1639 789,1639 828,1638 867,1638 906,1638 946,1638"/>
                <TextEquiv>
                    <Unicode>ter am Franzensplatz am 18. Jänner 1908.</Unicode>
                </TextEquiv>
            </TextLine>
            <TextLine id="r1l49" custom="readingOrder {index:48;}">
                <Coords points="2029,1679 3078,1687 3078,1629 2029,1621"/>
                <Baseline points="2046,1665 2096,1666 2147,1666 2198,1666 2248,1667 2299,1667 2350,1667 2400,1667 2451,1667 2502,1667 2553,1667 2603,1667 2654,1667 2705,1667 2755,1668 2806,1668 2857,1669 2907,1669 2958,1670 3009,1671 3060,1672"/>
                <TextEquiv>
                    <Unicode>kauft er sich das schöne Urbild des Gemäldes. Der</Unicode>
                </TextEquiv>
            </TextLine>
            <TextLine id="r1l50" custom="readingOrder {index:49;}">
                <Coords points="1050,1655 1964,1693 2029,1683 2031,1618 1751,1642 1486,1594 1380,1636 1290,1594 1181,1636 1050,1623"/>
                <Baseline points="1069,1654 1116,1660 1163,1664 1210,1668 1257,1671 1305,1674 1352,1676 1399,1677 1446,1678 1493,1679 1541,1679 1588,1679 1635,1679 1682,1679 1729,1678 1777,1678 1824,1678 1871,1678 1918,1678 1965,1678 2013,1679"/>
                <TextEquiv>
                    <Unicode>* Der „Puppenspieler“ stammt aus Schnitz¬</Unicode>
                </TextEquiv>
            </TextLine>
            <TextLine id="r1l51" custom="readingOrder {index:50;}">
                <Coords points="172,1717 985,1722 1007,1657 172,1663"/>
                <Baseline points="189,1709 229,1709 269,1709 309,1710 349,1710 389,1710 429,1711 469,1711 509,1711 549,1712 589,1712 629,1712 669,1712 709,1712 749,1712 789,1712 829,1711 869,1711 909,1710 949,1709 989,1708"/>
                <TextEquiv>
                    <Unicode>Einakterabend begann mit günstigen</Unicode>
                </TextEquiv>
            </TextLine>
            <TextLine id="r1l52" custom="readingOrder {index:51;}">
                <Coords points="1014,1710 2038,1726 2038,1682 1014,1652"/>
                <Baseline points="1032,1705 1081,1708 1130,1710 1180,1712 1229,1713 1279,1714 1328,1715 1378,1715 1427,1716 1477,1716 1526,1716 1575,1717 1625,1717 1674,1717 1724,1716 1773,1716 1823,1716 1872,1716 1922,1716 1971,1717 2021,1717"/>
                <TextEquiv>
                    <Unicode>lers Einakter=Zyklus „Marionetten“, die alle als</Unicode>
                </TextEquiv>
            </TextLine>
            <TextLine id="r1l53" custom="readingOrder {index:52;}">
                <Coords points="2040,1721 3056,1732 3079,1677 2040,1677"/>
                <Baseline points="2057,1712 2107,1712 2157,1712 2207,1713 2257,1713 2307,1713 2357,1713 2408,1714 2458,1714 2508,1714 2558,1715 2608,1715 2658,1716 2708,1717 2759,1717 2809,1718 2859,1719 2909,1720 2959,1721 3009,1722 3060,1723"/>
                <TextEquiv>
                    <Unicode>verratene junge Mann muß es sich gefallen lassen,</Unicode>
                </TextEquiv>
            </TextLine>
            <TextLine id="r1l54" custom="readingOrder {index:53;}">
                <Coords points="1008,1753 1970,1764 2032,1761 2033,1717 1009,1692"/>
                <Baseline points="1028,1745 1077,1747 1126,1749 1175,1751 1225,1753 1274,1754 1323,1755 1372,1756 1422,1757 1471,1758 1520,1759 1569,1759 1619,1759 1668,1759 1717,1759 1766,1759 1816,1759 1865,1758 1914,1758 1963,1757 2013,1756"/>
                <TextEquiv>
                    <Unicode>leitenden Gedanken die Anschauung verfechten, daß wir</Unicode>
                </TextEquiv>
            </TextLine>
            <TextLine id="r1l55" custom="readingOrder {index:54;}">
                <Coords points="149,1767 1006,1775 1009,1713 486,1700 149,1731"/>
                <Baseline points="166,1762 207,1762 248,1762 289,1762 330,1762 372,1762 413,1762 454,1762 495,1762 536,1762 578,1762 619,1762 660,1762 701,1762 742,1761 784,1761 825,1760 866,1760 907,1759 948,1758 990,1758"/>
                <TextEquiv>
                    <Unicode>und endete unter gelindem Pfeifen. Der</Unicode>
                </TextEquiv>
            </TextLine>
            <TextLine id="r1l56" custom="readingOrder {index:55;}">
                <Coords points="2034,1776 3076,1775 3076,1728 2917,1716 2035,1718"/>
                <Baseline points="2052,1763 2102,1763 2152,1762 2202,1762 2253,1762 2303,1762 2353,1763 2404,1763 2454,1764 2504,1764 2555,1765 2605,1765 2655,1766 2705,1767 2756,1768 2806,1768 2856,1769 2907,1769 2957,1770 3007,1770 3058,1770"/>
                <TextEquiv>
                    <Unicode>daß seine „Braut“ (eine Braut, für die man nicht</Unicode>
                </TextEquiv>
            </TextLine>
            <TextLine id="r1l57" custom="readingOrder {index:56;}">
                <Coords points="1006,1789 1906,1809 2029,1803 2030,1756 1006,1749"/>
                <Baseline points="1025,1784 1074,1786 1123,1788 1172,1790 1222,1791 1271,1793 1320,1794 1370,1795 1419,1796 1468,1797 1518,1797 1567,1798 1616,1798 1665,1798 1715,1798 1764,1798 1813,1797 1863,1797 1912,1796 1961,1795 2011,1794"/>
                <TextEquiv>
                    <Unicode>nur armselige Drahtpuppen in der Hand des Geschickes</Unicode>
                </TextEquiv>
            </TextLine>
            <TextLine id="r1l58" custom="readingOrder {index:57;}">
                <Coords points="142,1821 1017,1816 1016,1758 903,1748 141,1766"/>
                <Baseline points="161,1816 205,1815 249,1814 293,1813 337,1812 381,1812 425,1812 470,1812 514,1812 558,1812 602,1812 646,1812 690,1812 735,1811 779,1811 823,1810 867,1808 911,1807 955,1805 1000,1802"/>
                <TextEquiv>
                    <Unicode>galt den Stücken von Schnitzler und Dör¬</Unicode>
                </TextEquiv>
            </TextLine>
            <TextLine id="r1l59" custom="readingOrder {index:58;}">
                <Coords points="2035,1825 3033,1832 3073,1828 3074,1774 2035,1774"/>
                <Baseline points="2054,1814 2104,1813 2154,1813 2204,1812 2254,1812 2304,1812 2354,1812 2404,1812 2454,1812 2504,1812 2555,1813 2605,1813 2655,1814 2705,1815 2755,1815 2805,1816 2855,1816 2905,1817 2955,1818 3005,1819 3056,1819"/>
                <TextEquiv>
                    <Unicode>genug dicke Anführungszeichen finden kann) ihm</Unicode>
                </TextEquiv>
            </TextLine>
            <TextLine id="r1l60" custom="readingOrder {index:59;}">
                <Coords points="1002,1847 1100,1812 1154,1845 1463,1823 2036,1850 2037,1792 1002,1785"/>
                <Baseline points="1020,1824 1072,1825 1125,1827 1177,1828 1230,1829 1282,1831 1335,1831 1388,1832 1440,1833 1493,1834 1545,1835 1598,1835 1650,1836 1703,1836 1756,1836 1808,1835 1861,1835 1913,1834 1966,1834 2019,1833"/>
                <TextEquiv>
                    <Unicode>sind keinen Augenblick über unserem Schicksal stehen.</Unicode>
                </TextEquiv>
            </TextLine>
            <TextLine id="r1l61" custom="readingOrder {index:60;}">
                <Coords points="145,1868 918,1888 1012,1873 1012,1815 144,1825"/>
                <Baseline points="161,1863 202,1862 244,1861 286,1861 327,1861 369,1860 411,1860 452,1860 494,1860 536,1860 578,1860 619,1860 661,1860 703,1860 744,1859 786,1859 828,1858 869,1857 911,1856 953,1855 995,1853"/>
                <TextEquiv>
                    <Unicode>die Ausdrücke des Mißfallens der Satire</Unicode>
                </TextEquiv>
            </TextLine>
            <TextLine id="r1l62" custom="readingOrder {index:61;}">
                <Coords points="2031,1876 3084,1887 3062,1821 2493,1796 2031,1822"/>
                <Baseline points="2050,1864 2100,1863 2151,1862 2202,1861 2252,1861 2303,1860 2354,1860 2404,1860 2455,1860 2506,1861 2557,1861 2607,1862 2658,1862 2709,1863 2759,1864 2810,1865 2861,1866 2911,1866 2962,1867 3013,1868 3064,1869"/>
                <TextEquiv>
                    <Unicode>gegenüber noch die Wohltäterin spielt, die sich nur,</Unicode>
                </TextEquiv>
            </TextLine>
            <TextLine id="r1l63" custom="readingOrder {index:62;}">
                <Coords points="1059,1867 2032,1883 2032,1821 1666,1843 1060,1816"/>
                <Baseline points="1078,1865 1124,1866 1171,1867 1218,1868 1265,1868 1312,1869 1359,1870 1405,1871 1452,1871 1499,1872 1546,1873 1593,1873 1640,1873 1687,1874 1733,1874 1780,1874 1827,1874 1874,1873 1921,1873 1968,1872 2015,1871"/>
                <TextEquiv>
                    <Unicode>In dem Einakter, der in den „Marionetten“ der</Unicode>
                </TextEquiv>
            </TextLine>
            <TextLine id="r1l64" custom="readingOrder {index:63;}">
                <Coords points="1006,1909 2033,1921 2034,1881 1007,1844"/>
                <Baseline points="1026,1901 1075,1904 1124,1905 1174,1906 1223,1907 1273,1909 1322,1909 1371,1910 1421,1911 1470,1911 1520,1911 1569,1911 1618,1911 1668,1911 1717,1911 1767,1911 1816,1911 1865,1911 1915,1911 1964,1911 2014,1911"/>
                <TextEquiv>
                    <Unicode>„Puppenspieler“ folgt, im „Tapferen Cassian,</Unicode>
                </TextEquiv>
            </TextLine>
            <TextLine id="r1l65" custom="readingOrder {index:64;}">
                <Coords points="134,1921 348,1927 381,1916 406,1927 417,1916 461,1917 461,1877 243,1868 229,1857 218,1868 134,1860"/>
                <Baseline points="151,1910 177,1910 203,1910 230,1911 256,1911 282,1911 309,1912 335,1912 361,1912 388,1912 414,1912 441,1911"/>
                <TextEquiv>
                    <Unicode>ktave Mirbeau.</Unicode>
                </TextEquiv>
            </TextLine>
            <TextLine id="r1l66" custom="readingOrder {index:65;}">
                <Coords points="2038,1916 3076,1925 3076,1885 2956,1870 2038,1869"/>
                <Baseline points="2055,1911 2105,1911 2155,1911 2205,1910 2255,1910 2305,1910 2355,1911 2405,1911 2455,1911 2505,1911 2555,1912 2605,1912 2655,1912 2705,1913 2755,1913 2805,1914 2855,1914 2905,1914 2955,1914 3005,1915 3056,1915"/>
                <TextEquiv>
                    <Unicode>um ihn in seiner künstlerischen Laufbahn nicht zu</Unicode>
                </TextEquiv>
            </TextLine>
            <TextLine id="r1l67" custom="readingOrder {index:66;}">
                <Coords points="1012,1950 1988,1962 2035,1955 2036,1882 1778,1913 1012,1888"/>
                <Baseline points="1031,1944 1080,1944 1129,1944 1179,1945 1228,1945 1278,1946 1327,1946 1376,1947 1426,1948 1475,1948 1525,1949 1574,1949 1623,1950 1673,1950 1722,1951 1772,1951 1821,1951 1870,1951 1920,1950 1969,1950 2019,1949"/>
                <TextEquiv>
                    <Unicode>wird uns ein junger Fant vorgeführt, der im Vollgefühle</Unicode>
                </TextEquiv>
            </TextLine>
            <TextLine id="r1l68" custom="readingOrder {index:67;}">
                <Coords points="2039,1965 3030,1981 3074,1926 2039,1915"/>
                <Baseline points="2058,1961 2107,1960 2157,1960 2207,1960 2257,1960 2307,1960 2357,1960 2407,1961 2457,1961 2507,1962 2557,1962 2606,1963 2656,1963 2706,1963 2756,1963 2806,1964 2856,1964 2906,1963 2956,1963 3006,1963 3056,1962"/>
                <TextEquiv>
                    <Unicode>stören, von ihm zurückzieht. Nach einer Reihe köst¬</Unicode>
                </TextEquiv>
            </TextLine>
            <TextLine id="r1l69" custom="readingOrder {index:68;}">
                <Coords points="156,1961 382,1989 970,1970 1006,1966 1005,1907 706,1881 406,1927 155,1921"/>
                <Baseline points="173,1962 213,1965 254,1968 295,1969 336,1970 376,1971 417,1970 458,1969 499,1969 539,1967 580,1965 621,1963 662,1962 702,1960 743,1958 784,1957 825,1956 865,1955 906,1955 947,1956 988,1957"/>
                <TextEquiv>
                    <Unicode>„Kupnenspieler“ Artur Schnitzlers</Unicode>
                </TextEquiv>
            </TextLine>
            <TextLine id="r1l70" custom="readingOrder {index:69;}">
                <Coords points="1006,1994 2030,1996 2031,1945 1007,1947"/>
                <Baseline points="1024,1982 1073,1983 1122,1983 1172,1984 1221,1984 1271,1985 1320,1985 1370,1986 1419,1986 1469,1987 1518,1987 1567,1988 1617,1988 1666,1989 1716,1989 1765,1989 1815,1990 1864,1990 1914,1990 1963,1990 2013,1990"/>
                <TextEquiv>
                    <Unicode>des Besitzes von Weib und Gut schwelgt. Aber während</Unicode>
                </TextEquiv>
            </TextLine>
            <TextLine id="r1l71" custom="readingOrder {index:70;}">
                <Coords points="135,2032 1017,2016 1017,1965 135,1949"/>
                <Baseline points="154,2008 196,2009 238,2009 280,2009 322,2010 365,2010 407,2010 449,2010 491,2009 533,2009 576,2009 618,2009 660,2008 702,2008 744,2007 787,2007 829,2006 871,2006 913,2005 955,2005 998,2005"/>
                <TextEquiv>
                    <Unicode>Meusch, der in dem Wahn lebt, er vermöge</Unicode>
                </TextEquiv>
            </TextLine>
            <TextLine id="r1l72" custom="readingOrder {index:71;}">
                <Coords points="2030,2017 3072,2041 3073,1964 2031,1963"/>
                <Baseline points="2050,2006 2100,2007 2150,2007 2200,2008 2251,2008 2301,2009 2351,2010 2401,2010 2452,2011 2502,2011 2552,2012 2602,2012 2653,2013 2703,2013 2753,2013 2803,2013 2854,2014 2904,2014 2954,2014 3004,2014 3055,2014"/>
                <TextEquiv>
                    <Unicode>licher Szenen gießt der Mäzen über sein Opfer</Unicode>
                </TextEquiv>
            </TextLine>
            <TextLine id="r1l73" custom="readingOrder {index:72;}">
                <Coords points="1012,2030 2039,2038 2039,1994 1756,1977 1012,1986"/>
                <Baseline points="1031,2024 1080,2023 1129,2023 1179,2023 1228,2023 1278,2023 1327,2024 1377,2024 1426,2025 1476,2026 1525,2026 1574,2027 1624,2028 1673,2028 1723,2029 1772,2029 1822,2029 1871,2029 1921,2029 1970,2028 2020,2027"/>
                <TextEquiv>
                    <Unicode>er sich tecklich dessen brüstet, hat er Liebe und Glück,</Unicode>
                </TextEquiv>
            </TextLine>
            <TextLine id="r1l74" custom="readingOrder {index:73;}">
                <Coords points="143,2062 430,2079 684,2053 814,2078 1010,2067 1010,2016 143,2022"/>
                <Baseline points="161,2057 202,2058 244,2058 285,2058 327,2058 368,2058 410,2059 451,2059 493,2059 534,2059 576,2059 618,2059 659,2059 701,2059 742,2059 784,2058 825,2058 867,2057 908,2056 950,2055 992,2054"/>
                <TextEquiv>
                    <Unicode>die Coulissen zu blicken, zwischen denen</Unicode>
                </TextEquiv>
            </TextLine>
            <TextLine id="r1l75" custom="readingOrder {index:74;}">
                <Coords points="2038,2063 3026,2069 3080,2095 3080,2019 2039,2016"/>
                <Baseline points="2058,2057 2108,2058 2158,2058 2208,2058 2258,2058 2308,2059 2358,2059 2409,2059 2459,2059 2509,2059 2559,2059 2609,2060 2659,2060 2709,2060 2760,2061 2810,2061 2860,2062 2910,2062 2960,2063 3010,2064 3061,2064"/>
                <TextEquiv>
                    <Unicode>noch eine Hand voll praktischer Lebensregeln aus,</Unicode>
                </TextEquiv>
            </TextLine>
            <TextLine id="r1l76" custom="readingOrder {index:75;}">
                <Coords points="1006,2064 2029,2073 2000,2032 1819,2017 1006,2031"/>
                <Baseline points="1025,2059 1074,2061 1123,2062 1172,2064 1222,2064 1271,2065 1320,2065 1370,2066 1419,2066 1468,2066 1518,2066 1567,2066 1616,2066 1665,2066 1715,2066 1764,2066 1813,2066 1863,2066 1912,2067 1961,2067 2011,2068"/>
                <TextEquiv>
                    <Unicode>Geld und Gut schon an einen andern verloren. Wäh¬</Unicode>
                </TextEquiv>
            </TextLine>
            <TextLine id="r1l77" custom="readingOrder {index:76;}">
                <Coords points="1013,2107 2033,2116 2033,2039 1939,2068 1013,2060"/>
                <Baseline points="1032,2099 1081,2100 1130,2102 1179,2103 1228,2104 1278,2105 1327,2105 1376,2105 1425,2106 1474,2106 1524,2106 1573,2106 1622,2106 1671,2106 1720,2106 1770,2106 1819,2106 1868,2106 1917,2106 1966,2106 2016,2106"/>
                <TextEquiv>
                    <Unicode>rend er in stolzem Kraftbewußtsein seine Glieder streckt</Unicode>
                </TextEquiv>
            </TextLine>
            <TextLine id="r1l78" custom="readingOrder {index:77;}">
                <Coords points="136,2133 219,2107 945,2120 1017,2112 1017,2058 135,2065"/>
                <Baseline points="153,2107 195,2107 237,2108 279,2108 322,2108 364,2108 406,2108 448,2107 491,2107 533,2107 575,2106 617,2106 660,2105 702,2105 744,2104 786,2104 829,2103 871,2103 913,2103 955,2103 998,2103"/>
                <TextEquiv>
                    <Unicode>er Schicksal, die Tragödie oder Komödie</Unicode>
                </TextEquiv>
            </TextLine>
            <TextLine id="r1l79" custom="readingOrder {index:78;}">
                <Coords points="2029,2113 3038,2127 3081,2124 3082,2084 2029,2058"/>
                <Baseline points="2048,2106 2098,2106 2149,2106 2200,2107 2250,2107 2301,2107 2352,2107 2402,2108 2453,2108 2504,2108 2555,2108 2605,2109 2656,2109 2707,2109 2757,2110 2808,2110 2859,2111 2909,2112 2960,2112 3011,2113 3062,2114"/>
                <TextEquiv>
                    <Unicode>die den Mann so taktlos erscheinen lassen, daß</Unicode>
                </TextEquiv>
            </TextLine>
            <TextLine id="r1l80" custom="readingOrder {index:79;}">
                <Coords points="145,2173 1858,2164 2032,2107 144,2119"/>
                <Baseline points="164,2158 256,2158 349,2158 441,2158 534,2157 626,2156 719,2154 811,2153 904,2152 996,2150 1089,2148 1181,2147 1274,2146 1366,2145 1459,2144 1551,2143 1644,2143 1736,2143 1829,2144 1921,2146 2014,2148"/>
                <TextEquiv>
                    <Unicode>Lebens abspielt. Er traut sich die Macht und dehnt, muß er erkennen, daß sie an unsichtbaren</Unicode>
                </TextEquiv>
            </TextLine>
            <TextLine id="r1l81" custom="readingOrder {index:80;}">
                <Coords points="2039,2161 3084,2176 3084,2110 2039,2113"/>
                <Baseline points="2056,2155 2106,2155 2157,2156 2207,2156 2258,2156 2308,2157 2359,2157 2409,2158 2460,2158 2510,2158 2561,2159 2611,2159 2662,2159 2712,2160 2763,2160 2813,2161 2864,2161 2914,2161 2965,2162 3015,2162 3066,2162"/>
                <TextEquiv>
                    <Unicode>man der Wahrheit und des Witzes, die in seinen</Unicode>
                </TextEquiv>
            </TextLine>
            <TextLine id="r1l82" custom="readingOrder {index:81;}">
                <Coords points="1007,2188 2038,2194 2038,2140 1007,2144"/>
                <Baseline points="1024,2179 1073,2180 1123,2181 1173,2182 1223,2182 1273,2183 1323,2183 1372,2183 1422,2184 1472,2184 1522,2184 1572,2184 1622,2183 1672,2183 1721,2183 1771,2183 1821,2183 1871,2183 1921,2183 1971,2184 2021,2184"/>
                <TextEquiv>
                    <Unicode>Drähten hängen, daß er wie die Geliebte und sein</Unicode>
                </TextEquiv>
            </TextLine>
            <TextLine id="r1l83" custom="readingOrder {index:82;}">
                <Coords points="148,2221 1019,2219 1019,2168 994,2161 148,2163"/>
                <Baseline points="168,2204 209,2205 251,2206 293,2206 334,2206 376,2206 418,2206 459,2206 501,2206 543,2205 585,2205 626,2204 668,2204 710,2204 751,2203 793,2203 835,2203 876,2203 918,2204 960,2205 1002,2206"/>
                <TextEquiv>
                    <Unicode>e Daseinswege seiner Mitmenschen nach</Unicode>
                </TextEquiv>
            </TextLine>
            <TextLine id="r1l84" custom="readingOrder {index:83;}">
                <Coords points="2027,2197 2147,2227 3084,2214 3084,2163 2757,2145 2568,2176 2028,2160"/>
                <Baseline points="2046,2201 2099,2202 2153,2203 2206,2204 2260,2205 2314,2205 2367,2206 2421,2206 2475,2206 2528,2207 2582,2207 2635,2207 2689,2208 2743,2208 2796,2209 2850,2209 2904,2210 2957,2211 3011,2211 3065,2212"/>
                <TextEquiv>
                    <Unicode>Worten zweifellos stecken, nicht recht froh werden</Unicode>
                </TextEquiv>
            </TextLine>
            <TextLine id="r1l85" custom="readingOrder {index:84;}">
                <Coords points="1000,2235 2038,2227 2038,2190 1857,2175 1000,2170"/>
                <Baseline points="1019,2218 1069,2219 1119,2219 1169,2220 1219,2221 1269,2221 1319,2222 1369,2222 1419,2222 1469,2223 1519,2223 1569,2223 1619,2223 1669,2223 1719,2223 1769,2223 1819,2222 1869,2222 1919,2221 1969,2221 2019,2220"/>
                <TextEquiv>
                    <Unicode>Freund, der rohe Landsknecht Cassian, nur eine Ham¬</Unicode>
                </TextEquiv>
            </TextLine>
            <TextLine id="r1l86" custom="readingOrder {index:85;}">
                <Coords points="2029,2252 3074,2270 3075,2219 2894,2206 2030,2202"/>
                <Baseline points="2048,2252 2098,2253 2148,2253 2199,2253 2249,2253 2300,2254 2350,2254 2401,2254 2451,2255 2502,2255 2552,2255 2602,2256 2653,2256 2703,2257 2754,2257 2804,2258 2855,2259 2905,2260 2956,2261 3006,2262 3057,2263"/>
                <TextEquiv>
                    <Unicode>kann. Auch daß die zynischen Betrachtungen des</Unicode>
                </TextEquiv>
            </TextLine>
            <TextLine id="r1l87" custom="readingOrder {index:86;}">
                <Coords points="140,2266 2042,2269 1995,2214 140,2215"/>
                <Baseline points="157,2255 250,2254 343,2254 436,2254 530,2255 623,2255 716,2256 810,2256 903,2257 996,2258 1090,2259 1183,2259 1276,2260 1369,2261 1463,2261 1556,2262 1649,2262 1743,2262 1836,2262 1929,2262 2023,2261"/>
                <TextEquiv>
                    <Unicode>Willen zu leiten. So hat er einmal im pelmannfigur ist. Klingt dieses Stück schon mit lecker</Unicode>
                </TextEquiv>
            </TextLine>
            <TextLine id="r1l88" custom="readingOrder {index:87;}">
                <Coords points="132,2327 2038,2304 1791,2250 132,2243"/>
                <Baseline points="151,2305 244,2304 337,2304 431,2303 524,2303 618,2303 711,2302 805,2302 898,2302 992,2302 1085,2302 1178,2301 1272,2301 1365,2301 1459,2301 1552,2301 1646,2301 1739,2301 1833,2300 1926,2300 2020,2300"/>
                <TextEquiv>
                    <Unicode>en in das Schicksal eines Freundes, der Absicht an die echte Puppenkomödie an, so verläuft das</Unicode>
                </TextEquiv>
            </TextLine>
            <TextLine id="r1l89" custom="readingOrder {index:88;}">
                <Coords points="2028,2308 3077,2318 3063,2256 2028,2250"/>
                <Baseline points="2047,2302 2097,2302 2148,2301 2198,2301 2249,2301 2299,2302 2350,2302 2400,2302 2451,2303 2501,2303 2552,2304 2603,2305 2653,2306 2704,2306 2754,2307 2805,2308 2855,2308 2906,2309 2956,2309 3007,2310 3058,2310"/>
                <TextEquiv>
                    <Unicode>lüsternen Alten, den die Maske väterlichen Wohl¬</Unicode>
                </TextEquiv>
            </TextLine>
            <TextLine id="r1l90" custom="readingOrder {index:89;}">
                <Coords points="1000,2348 2031,2340 2031,2300 1948,2289 1000,2293"/>
                <Baseline points="1019,2339 1068,2339 1118,2340 1168,2340 1217,2340 1267,2340 1317,2341 1366,2341 1416,2341 1466,2341 1516,2341 1565,2341 1615,2341 1665,2341 1714,2341 1764,2340 1814,2340 1863,2339 1913,2339 1963,2338 2013,2338"/>
                <TextEquiv>
                    <Unicode>letzte Stück der Reihe „Zum großen Wurstl“</Unicode>
                </TextEquiv>
            </TextLine>
            <TextLine id="r1l91" custom="readingOrder {index:90;}">
                <Coords points="2028,2362 3078,2358 3078,2300 2029,2307"/>
                <Baseline points="2046,2351 2096,2351 2147,2351 2197,2352 2248,2352 2299,2353 2349,2353 2400,2354 2451,2355 2501,2355 2552,2356 2603,2356 2653,2357 2704,2357 2755,2357 2805,2357 2856,2357 2907,2357 2957,2356 3008,2356 3059,2355"/>
                <TextEquiv>
                    <Unicode>wollens herzlich schlecht kleidet, auf den jungen</Unicode>
                </TextEquiv>
            </TextLine>
            <TextLine id="r1l92" custom="readingOrder {index:91;}">
                <Coords points="145,2367 969,2369 1016,2358 1016,2311 144,2316"/>
                <Baseline points="161,2354 202,2355 244,2355 286,2355 328,2355 369,2355 411,2354 453,2354 495,2354 536,2354 578,2354 620,2354 662,2354 703,2354 745,2354 787,2354 829,2354 870,2354 912,2354 954,2354 996,2354"/>
                <TextEquiv>
                    <Unicode>schüchtern schien, selbständig ein Glück zu</Unicode>
                </TextEquiv>
            </TextLine>
            <TextLine id="r1l93" custom="readingOrder {index:92;}">
                <Coords points="1009,2383 2044,2388 2044,2337 2004,2326 1009,2339"/>
                <Baseline points="1026,2378 1075,2378 1125,2378 1175,2379 1225,2379 1275,2379 1325,2379 1375,2380 1425,2380 1475,2380 1525,2380 1574,2380 1624,2380 1674,2380 1724,2380 1774,2380 1824,2380 1874,2380 1924,2380 1974,2379 2024,2379"/>
                <TextEquiv>
                    <Unicode>ebenso beabsichtigt in grotesken Scherzen. Die Grenzen</Unicode>
                </TextEquiv>
            </TextLine>
            <TextLine id="r1l94" custom="readingOrder {index:93;}">
                <Coords points="2030,2410 3076,2396 3076,2359 2031,2363"/>
                <Baseline points="2050,2399 2100,2400 2150,2400 2201,2400 2251,2401 2302,2401 2352,2401 2403,2402 2453,2402 2504,2403 2554,2403 2604,2404 2655,2404 2705,2404 2756,2405 2806,2405 2857,2405 2907,2405 2958,2406 3008,2406 3059,2405"/>
                <TextEquiv>
                    <Unicode>Mann im Augenblicke des Schmerzes so viel Wir¬</Unicode>
                </TextEquiv>
            </TextLine>
            <TextLine id="r1l95" custom="readingOrder {index:94;}">
                <Coords points="135,2425 1013,2414 1013,2359 135,2363"/>
                <Baseline points="152,2403 194,2403 236,2403 278,2403 320,2403 362,2403 404,2403 446,2403 488,2403 530,2403 573,2403 615,2403 657,2403 699,2403 741,2403 783,2403 825,2403 867,2403 909,2403 951,2403 994,2402"/>
                <TextEquiv>
                    <Unicode>n, wohlwollend eingegriffen. Aber in dem</Unicode>
                </TextEquiv>
            </TextLine>
            <TextLine id="r1l96" custom="readingOrder {index:95;}">
                <Coords points="1009,2430 2040,2431 2040,2380 1009,2383"/>
                <Baseline points="1029,2419 1078,2418 1128,2418 1178,2418 1228,2417 1277,2417 1327,2417 1377,2417 1427,2418 1476,2418 1526,2418 1576,2418 1626,2418 1675,2419 1725,2419 1775,2419 1825,2419 1874,2419 1924,2419 1974,2418 2024,2418"/>
                <TextEquiv>
                    <Unicode>zwischen den Puvpen des Marionettentheaters, das hier</Unicode>
                </TextEquiv>
            </TextLine>
            <TextLine id="r1l97" custom="readingOrder {index:96;}">
                <Coords points="134,2482 1005,2458 1004,2411 921,2400 133,2409"/>
                <Baseline points="151,2452 192,2453 234,2453 276,2454 318,2454 360,2453 401,2453 443,2453 485,2452 527,2452 569,2451 610,2451 652,2450 694,2449 736,2449 778,2449 819,2449 861,2449 903,2449 945,2449 987,2450"/>
                <TextEquiv>
                    <Unicode>das er zu Gunsten des anderen veranstaltete,</Unicode>
                </TextEquiv>
            </TextLine>
            <TextLine id="r1l98" custom="readingOrder {index:97;}">
                <Coords points="2032,2452 3044,2466 3077,2459 3078,2397 2032,2409"/>
                <Baseline points="2049,2449 2099,2450 2149,2450 2200,2451 2250,2452 2301,2452 2351,2453 2402,2453 2452,2454 2503,2454 2553,2455 2603,2455 2654,2456 2704,2456 2755,2456 2805,2456 2856,2456 2906,2456 2957,2455 3007,2455 3058,2454"/>
                <TextEquiv>
                    <Unicode>kung tun, daß er sie mit Worten heißen Dankes</Unicode>
                </TextEquiv>
            </TextLine>
            <TextLine id="r1l99" custom="readingOrder {index:98;}">
                <Coords points="1016,2459 2039,2461 2039,2425 1778,2406 1016,2419"/>
                <Baseline points="1032,2456 1081,2456 1130,2456 1180,2456 1229,2456 1279,2456 1328,2456 1377,2457 1427,2457 1476,2457 1526,2457 1575,2457 1624,2458 1674,2458 1723,2458 1773,2458 1822,2458 1871,2457 1921,2457 1970,2457 2020,2456"/>
                <TextEquiv>
                    <Unicode>aufgeschlagen ist, und den Vertretern des Publi¬</Unicode>
                </TextEquiv>
            </TextLine>
            <TextLine id="r1l100" custom="readingOrder {index:99;}">
                <Coords points="1008,2498 2039,2506 2013,2451 1008,2458"/>
                <Baseline points="1025,2497 1074,2497 1124,2497 1174,2496 1223,2496 1273,2496 1323,2496 1372,2497 1422,2497 1472,2497 1522,2497 1571,2497 1621,2497 1671,2498 1720,2498 1770,2498 1820,2497 1869,2497 1919,2497 1969,2496 2019,2496"/>
                <TextEquiv>
                    <Unicode>kunms verwischen sich ganz; „Wurstel“ sind alle:</Unicode>
                </TextEquiv>
            </TextLine>
            <TextLine id="r1l101" custom="readingOrder {index:100;}">
                <Coords points="192,2504 958,2514 1008,2506 1008,2459 191,2464"/>
                <Baseline points="208,2502 247,2502 286,2502 325,2502 364,2502 403,2502 442,2502 481,2502 520,2502 559,2501 599,2501 638,2501 677,2500 716,2500 755,2500 794,2499 833,2499 872,2499 911,2499 950,2499 990,2498"/>
                <TextEquiv>
                    <Unicode>ohne es zu ahnen — das eigene Glück</Unicode>
                </TextEquiv>
            </TextLine>
            <TextLine id="r1l102" custom="readingOrder {index:101;}">
                <Coords points="2036,2507 2994,2522 3089,2508 3089,2453 2036,2456"/>
                <Baseline points="2054,2500 2104,2501 2155,2502 2206,2503 2257,2503 2308,2504 2358,2504 2409,2504 2460,2504 2511,2504 2562,2504 2612,2504 2663,2504 2714,2504 2765,2504 2816,2504 2866,2505 2917,2505 2968,2506 3019,2507 3070,2508"/>
                <TextEquiv>
                    <Unicode>erwidert, scheint ein wenig befremdlich. Wird sich</Unicode>
                </TextEquiv>
            </TextLine>
            <TextLine id="r1l103" custom="readingOrder {index:102;}">
                <Coords points="1009,2540 1721,2553 1801,2524 1899,2554 2047,2540 2048,2489 1009,2497"/>
                <Baseline points="1026,2535 1076,2535 1126,2535 1176,2535 1226,2536 1276,2536 1326,2536 1376,2536 1426,2536 1476,2536 1527,2536 1577,2536 1627,2536 1677,2536 1727,2537 1777,2537 1827,2537 1877,2537 1927,2538 1977,2538 2028,2538"/>
                <TextEquiv>
                    <Unicode>Marionetten, Dichter und Zuschauer.] Ja, die Puppen,</Unicode>
                </TextEquiv>
            </TextLine>
            <TextLine id="r1l104" custom="readingOrder {index:103;}">
                <Coords points="119,2573 1019,2566 1019,2508 119,2504"/>
                <Baseline points="138,2553 181,2552 224,2552 267,2551 310,2551 354,2550 397,2550 440,2550 483,2550 526,2550 570,2549 613,2549 656,2549 699,2549 742,2549 786,2549 829,2549 872,2549 915,2549 958,2549 1002,2549"/>
                <TextEquiv>
                    <Unicode>t. Um dieses Streiches willen steht er als</Unicode>
                </TextEquiv>
            </TextLine>
            <TextLine id="r1l105" custom="readingOrder {index:104;}">
                <Coords points="2036,2559 2327,2539 2472,2570 2534,2538 2940,2577 3074,2564 3075,2502 2037,2504"/>
                <Baseline points="2056,2546 2106,2547 2156,2548 2206,2549 2256,2550 2306,2551 2356,2551 2406,2552 2456,2552 2506,2553 2556,2553 2606,2554 2656,2554 2706,2555 2756,2555 2806,2555 2856,2555 2906,2555 2956,2555 3006,2555 3056,2554"/>
                <TextEquiv>
                    <Unicode>unverdorbene Jugend wirklich nach einem</Unicode>
                </TextEquiv>
            </TextLine>
            <TextLine id="r1l106" custom="readingOrder {index:105;}">
                <Coords points="1013,2579 2036,2580 2036,2537 1964,2526 1013,2524"/>
                <Baseline points="1032,2574 1081,2574 1130,2575 1179,2575 1229,2575 1278,2575 1327,2575 1377,2575 1426,2576 1475,2576 1525,2576 1574,2576 1623,2576 1672,2576 1722,2576 1771,2576 1820,2576 1870,2576 1919,2576 1968,2575 2018,2575"/>
                <TextEquiv>
                    <Unicode>die nach dem Willen eines Dichters handeln, führen</Unicode>
                </TextEquiv>
            </TextLine>
            <TextLine id="r1l107" custom="readingOrder {index:106;}">
                <Coords points="2032,2607 3056,2621 3078,2567 2032,2556"/>
                <Baseline points="2050,2596 2100,2597 2151,2598 2201,2599 2252,2599 2302,2600 2353,2600 2403,2600 2454,2601 2504,2601 2555,2601 2605,2601 2656,2601 2706,2602 2757,2602 2807,2602 2858,2603 2908,2603 2959,2604 3009,2605 3060,2606"/>
                <TextEquiv>
                    <Unicode>bitteren Erlebnis den herzlosen Erwägungen eines</Unicode>
                </TextEquiv>
            </TextLine>
            <TextLine id="r1l108" custom="readingOrder {index:107;}">
                <Coords points="126,2611 2017,2628 2043,2574 126,2564"/>
                <Baseline points="143,2605 237,2603 331,2602 425,2601 519,2601 613,2601 707,2602 801,2604 895,2605 989,2607 1083,2608 1177,2610 1271,2612 1365,2613 1459,2614 1553,2615 1647,2615 1741,2615 1835,2614 1929,2613 2024,2610"/>
                <TextEquiv>
                    <Unicode>Mann, als ein Schiffbrüchiger, als Heim= sogar ein sinnigeres Leben als die Menschen, die ihre</Unicode>
                </TextEquiv>
            </TextLine>
            <TextLine id="r1l109" custom="readingOrder {index:108;}">
                <Coords points="2042,2655 3077,2672 3077,2617 3019,2609 2043,2604"/>
                <Baseline points="2060,2646 2110,2646 2160,2646 2210,2646 2260,2646 2310,2647 2360,2647 2410,2647 2460,2648 2510,2648 2560,2649 2610,2649 2660,2650 2710,2651 2760,2652 2810,2653 2860,2654 2910,2655 2960,2656 3010,2658 3060,2659"/>
                <TextEquiv>
                    <Unicode>so verächtlichen Lehrmeisters so rasch und demütig</Unicode>
                </TextEquiv>
            </TextLine>
            <TextLine id="r1l110" custom="readingOrder {index:109;}">
                <Coords points="129,2658 2038,2657 1867,2606 129,2610"/>
                <Baseline points="146,2650 239,2649 333,2649 427,2649 520,2649 614,2649 708,2650 801,2650 895,2651 989,2652 1083,2652 1176,2653 1270,2654 1364,2654 1457,2654 1551,2655 1645,2655 1738,2654 1832,2654 1926,2653 2020,2652"/>
                <TextEquiv>
                    <Unicode>keimatloser neben seinem Schützling, der in Rollen, abhängig von Meister Tod, selten gleich harmo¬</Unicode>
                </TextEquiv>
            </TextLine>
            <TextLine id="r1l111" custom="readingOrder {index:110;}">
                <Coords points="2032,2716 2087,2716 2123,2705 2181,2709 2236,2695 2236,2655 2145,2655 2123,2665 2102,2651 2094,2658 2033,2654"/>
                <Baseline points="2050,2693 2078,2694 2106,2694 2134,2694 2162,2694 2190,2694 2218,2695"/>
                <TextEquiv>
                    <Unicode>beugen?</Unicode>
                </TextEquiv>
            </TextLine>
            <TextLine id="r1l112" custom="readingOrder {index:111;}">
                <Coords points="123,2729 2033,2696 123,2646"/>
                <Baseline points="143,2699 236,2699 330,2699 423,2698 517,2698 611,2698 704,2698 798,2697 892,2697 985,2697 1079,2696 1173,2696 1266,2695 1360,2695 1454,2695 1547,2694 1641,2694 1735,2693 1828,2693 1922,2692 2016,2692"/>
                <TextEquiv>
                    <Unicode>chem Frieden ein Glück genießt, das eigent=nisch zu Ende führen können, die gar oft mitten in</Unicode>
                </TextEquiv>
            </TextLine>
            <TextLine id="r1l113" custom="readingOrder {index:112;}">
                <Coords points="125,2757 1958,2744 2041,2692 124,2703"/>
                <Baseline points="143,2749 241,2751 340,2752 439,2752 538,2751 637,2750 736,2749 835,2747 934,2744 1033,2742 1131,2740 1230,2737 1329,2735 1428,2733 1527,2732 1626,2731 1725,2730 1824,2730 1923,2731 2022,2732"/>
                <TextEquiv>
                    <Unicode>n bestimmt war. Zu stolz, seinen Vorwitz den besten Szenen plötzlich abbrechen müssen. Es ist</Unicode>
                </TextEquiv>
            </TextLine>
            <TextLine id="r1l114" custom="readingOrder {index:113;}">
                <Coords points="2102,2752 3086,2760 3086,2702 2901,2679 2102,2702"/>
                <Baseline points="2121,2744 2168,2746 2215,2747 2263,2748 2310,2749 2357,2750 2405,2750 2452,2750 2499,2750 2547,2750 2594,2749 2641,2749 2689,2749 2736,2749 2783,2749 2831,2749 2878,2749 2925,2750 2973,2750 3020,2752 3068,2753"/>
                <TextEquiv>
                    <Unicode>Diesem immerhin lustigen und sehr wirksamen</Unicode>
                </TextEquiv>
            </TextLine>
            <TextLine id="r1l115" custom="readingOrder {index:114;}">
                <Coords points="1011,2781 1904,2789 2046,2780 2046,2733 1011,2737"/>
                <Baseline points="1029,2774 1078,2774 1128,2775 1178,2775 1228,2775 1278,2775 1328,2775 1377,2774 1427,2774 1477,2773 1527,2772 1577,2772 1627,2771 1677,2771 1726,2770 1776,2770 1826,2769 1876,2769 1926,2769 1976,2770 2026,2770"/>
                <TextEquiv>
                    <Unicode>schade, daß man uns nicht an Stelle des Einakters von</Unicode>
                </TextEquiv>
            </TextLine>
            <TextLine id="r1l116" custom="readingOrder {index:115;}">
                <Coords points="2035,2816 3081,2812 3081,2754 2515,2766 2036,2729"/>
                <Baseline points="2053,2792 2103,2795 2153,2796 2204,2798 2254,2799 2305,2800 2355,2800 2405,2800 2456,2800 2506,2800 2557,2800 2607,2799 2657,2799 2708,2799 2758,2798 2809,2798 2859,2799 2909,2799 2960,2799 3010,2800 3061,2802"/>
                <TextEquiv>
                    <Unicode>Stück folgte als drittes Octave Mirbeaus Einakter</Unicode>
                </TextEquiv>
            </TextLine>
            <TextLine id="r1l117" custom="readingOrder {index:116;}">
                <Coords points="125,2804 2045,2816 2045,2757 125,2757"/>
                <Baseline points="144,2803 238,2800 332,2799 426,2798 520,2798 614,2799 708,2800 802,2802 896,2804 990,2806 1085,2808 1179,2810 1273,2812 1367,2813 1461,2815 1555,2815 1649,2815 1743,2814 1837,2813 1931,2810 2026,2806"/>
                <TextEquiv>
                    <Unicode>st zu bereuen, redet er sich auch angesichts Mirbeau den „Tepferen Cassian“ geboten hat. Trotz</Unicode>
                </TextEquiv>
            </TextLine>
            <TextLine id="r1l118" custom="readingOrder {index:117;}">
                <Coords points="2033,2861 3086,2864 3086,2810 2033,2799"/>
                <Baseline points="2053,2846 2103,2846 2154,2846 2205,2846 2255,2846 2306,2846 2357,2846 2407,2847 2458,2847 2509,2848 2560,2848 2610,2849 2661,2849 2712,2849 2762,2849 2813,2849 2864,2849 2914,2849 2965,2849 3016,2848 3067,2847"/>
                <TextEquiv>
                    <Unicode>„Die Brieftasche“. Er ist trotz eines nicht</Unicode>
                </TextEquiv>
            </TextLine>
            <TextLine id="r1l119" custom="readingOrder {index:118;}">
                <Coords points="135,2860 1014,2857 1013,2809 988,2806 135,2817"/>
                <Baseline points="154,2847 196,2847 238,2848 280,2848 322,2849 364,2849 406,2849 449,2849 491,2849 533,2849 575,2849 617,2848 659,2848 701,2848 744,2848 786,2848 828,2848 870,2848 912,2848 954,2848 997,2848"/>
                <TextEquiv>
                    <Unicode>Bildes ein, nichts zu entbehren und sein</Unicode>
                </TextEquiv>
            </TextLine>
            <TextLine id="r1l120" custom="readingOrder {index:119;}">
                <Coords points="1019,2856 2021,2862 2042,2811 1018,2820"/>
                <Baseline points="1036,2854 1085,2853 1134,2853 1184,2852 1233,2852 1282,2852 1332,2851 1381,2851 1430,2851 1480,2851 1529,2851 1578,2850 1628,2850 1677,2850 1726,2850 1776,2850 1825,2850 1874,2849 1924,2849 1973,2849 2023,2848"/>
                <TextEquiv>
                    <Unicode>des marionettenhaften Schlusses ist ihm wegen der</Unicode>
                </TextEquiv>
            </TextLine>
            <TextLine id="r1l121" custom="readingOrder {index:120;}">
                <Coords points="1002,2893 2040,2896 2040,2845 2004,2842 1002,2842"/>
                <Baseline points="1021,2891 1071,2891 1121,2891 1171,2891 1221,2891 1271,2891 1321,2890 1371,2890 1421,2890 1471,2890 1521,2890 1571,2890 1621,2890 1671,2889 1721,2889 1771,2889 1821,2889 1871,2888 1921,2888 1971,2887 2021,2887"/>
                <TextEquiv>
                    <Unicode>sicheren Betonung der Grundidee und wegen des kräf¬</Unicode>
                </TextEquiv>
            </TextLine>
            <TextLine id="r1l122" custom="readingOrder {index:121;}">
                <Coords points="2035,2904 3080,2917 3081,2866 2035,2853"/>
                <Baseline points="2054,2893 2104,2893 2154,2894 2205,2894 2255,2894 2306,2895 2356,2895 2406,2895 2457,2896 2507,2896 2558,2897 2608,2897 2658,2897 2709,2897 2759,2898 2810,2898 2860,2898 2910,2898 2961,2898 3011,2898 3062,2897"/>
                <TextEquiv>
                    <Unicode>üblen Grundgedankens ziemlich mißlungen. Octave</Unicode>
                </TextEquiv>
            </TextLine>
            <TextLine id="r1l123" custom="readingOrder {index:122;}">
                <Coords points="128,2915 1007,2908 1007,2858 909,2847 851,2872 815,2847 535,2835 470,2864 128,2857"/>
                <Baseline points="147,2896 189,2896 231,2896 273,2897 315,2897 357,2897 399,2897 442,2897 484,2897 526,2897 568,2897 610,2897 652,2897 694,2897 737,2897 779,2897 821,2897 863,2897 905,2897 947,2897 990,2897"/>
                <TextEquiv>
                    <Unicode>l doch nur zu seinem Besten „gelenkt“</Unicode>
                </TextEquiv>
            </TextLine>
            <TextLine id="r1l124" custom="readingOrder {index:123;}">
                <Coords points="1012,2940 2043,2941 2043,2893 1974,2879 1012,2893"/>
                <Baseline points="1029,2930 1078,2930 1128,2929 1178,2929 1228,2929 1277,2928 1327,2928 1377,2927 1427,2927 1476,2926 1526,2926 1576,2926 1626,2926 1675,2926 1725,2926 1775,2926 1825,2926 1874,2926 1924,2927 1974,2927 2024,2928"/>
                <TextEquiv>
                    <Unicode>tigen Ganges der Handlung eine höhere Bühnenwirkung</Unicode>
                </TextEquiv>
            </TextLine>
            <TextLine id="r1l125" custom="readingOrder {index:124;}">
                <Coords points="2037,2951 3079,2962 3079,2908 2883,2896 2037,2901"/>
                <Baseline points="2054,2940 2104,2942 2154,2943 2205,2944 2255,2944 2306,2945 2356,2945 2406,2945 2457,2946 2507,2946 2558,2946 2608,2946 2658,2946 2709,2946 2759,2947 2810,2947 2860,2947 2910,2948 2961,2949 3011,2950 3062,2951"/>
                <TextEquiv>
                    <Unicode>Mirbeau erwies sich nur einmal als ein Dichter:</Unicode>
                </TextEquiv>
            </TextLine>
            <TextLine id="r1l126" custom="readingOrder {index:125;}">
                <Coords points="126,2965 224,2940 272,2965 1019,2960 1019,2905 126,2896"/>
                <Baseline points="144,2950 186,2950 229,2949 272,2949 315,2949 358,2949 401,2949 443,2948 486,2948 529,2949 572,2949 615,2949 658,2949 701,2949 743,2949 786,2948 829,2948 872,2948 915,2948 958,2947 1001,2947"/>
                <TextEquiv>
                    <Unicode>en. Seine „Puppen“ lassen ihm mitleidig</Unicode>
                </TextEquiv>
            </TextLine>
            <TextLine id="r1l127" custom="readingOrder {index:126;}">
                <Coords points="1012,2982 2013,2980 2042,2976 2042,2925 1011,2935"/>
                <Baseline points="1029,2970 1078,2969 1128,2968 1178,2967 1228,2966 1278,2966 1327,2966 1377,2966 1427,2966 1477,2966 1527,2966 1576,2966 1626,2965 1676,2965 1726,2965 1776,2965 1825,2965 1875,2964 1925,2963 1975,2962 2025,2961"/>
                <TextEquiv>
                    <Unicode>zuguerkennen als dem prächtigen „Puppenspieler“, der</Unicode>
                </TextEquiv>
            </TextLine>
            <TextLine id="r1l128" custom="readingOrder {index:127;}">
                <Coords points="2032,3000 3081,3017 3060,2941 2032,2946"/>
                <Baseline points="2052,2994 2102,2995 2153,2995 2203,2996 2254,2996 2305,2996 2355,2996 2406,2996 2457,2996 2507,2995 2558,2995 2609,2995 2659,2995 2710,2995 2761,2995 2811,2996 2862,2996 2913,2997 2963,2998 3014,2999 3065,3000"/>
                <TextEquiv>
                    <Unicode>in seinem furchtbaren, von sadistischen Phantasien</Unicode>
                </TextEquiv>
            </TextLine>
            <TextLine id="r1l129" custom="readingOrder {index:128;}">
                <Coords points="137,3011 2036,3016 1946,2950 138,2960"/>
                <Baseline points="155,3000 248,2998 341,2997 434,2997 527,2997 620,2997 713,2998 806,3000 899,3001 992,3003 1086,3005 1179,3006 1272,3008 1365,3009 1458,3010 1551,3011 1644,3011 1737,3010 1830,3009 1923,3007 2017,3005"/>
                <TextEquiv>
                    <Unicode>Einzige, das ihm bleibt, diesen armseligen zarter, vornehmer, verhaltener, gewissermaßen nur an¬</Unicode>
                </TextEquiv>
            </TextLine>
            <TextLine id="r1l130" custom="readingOrder {index:129;}">
                <Coords points="180,3082 3084,3058 180,3006"/>
                <Baseline points="198,3052 341,3052 484,3051 628,3051 771,3051 915,3050 1058,3050 1201,3050 1345,3050 1488,3049 1632,3049 1775,3049 1918,3050 2062,3050 2205,3050 2349,3050 2492,3051 2635,3052 2779,3052 2922,3053 3066,3054"/>
                <TextEquiv>
                    <Unicode>ein tiefblickender Reister seines deutungsweise das Thema des ganzen Zyklus anschlägt. überfüllten, in Österreich verbotenen Roman „Der</Unicode>
                </TextEquiv>
            </TextLine>
            <TextLine id="r1l131" custom="readingOrder {index:130;}">
                <Coords points="155,3260 225,3278 271,3254 290,3268 311,3249 348,3265 383,3249 468,3271 496,3244 604,3228 685,3247 680,3141 644,3143 616,3173 467,3169 404,3227 270,3160 151,3165"/>
                <Baseline points="173,3245 198,3245 224,3246 250,3246 276,3246 302,3247 328,3248 354,3248 380,3249 406,3249 431,3248 457,3247 483,3246 509,3244 535,3241 561,3238 587,3233 613,3227 639,3221 665,3214"/>
                <TextEquiv>
                    <Unicode>20 NE</Unicode>
                </TextEquiv>
            </TextLine>
            <TextLine id="r1l132" custom="readingOrder {index:131;}">
                <Coords points="288,3332 372,3370 448,3344 597,3374 655,3344 753,3365 785,3331 836,3341 835,3254 766,3266 690,3238 628,3239 596,3269 497,3241 472,3264 396,3243 349,3266 287,3259"/>
                <Baseline points="307,3348 332,3348 358,3348 383,3348 409,3347 434,3347 460,3345 485,3345 511,3344 536,3344 562,3342 588,3342 613,3341 639,3341 664,3341 690,3340 715,3341 741,3341 766,3342 792,3343 818,3344"/>
                <TextEquiv>
                    <Unicode>107#000</Unicode>
                </TextEquiv>
            </TextLine>
            <TextEquiv>
                <Unicode>box 22/6
17.1. Der Puppensnieler
in dr irbatisch=serdischen
#1
— Achitangenawpartei, und Dr. v. Ernkovich machte einen
Koalition. Dr. Potocnjak ist erst kürzlich
Die Forderung des Ministers Praschek,
Anschluß an die neue Banuspartei unmöglich.
aus der Koalition, zu deren hervorragendsten Mit¬
ügend viele tschechische Beamte auch in den
gliedern er zählte, ausgetreten und zur Starcevic¬
Die neue Rauch=Gruppe.
en Stellen zu finden sein müssen,
Partei übergetreten, ein Schritt, der in politischen
Agram, 19. Jänner. Banus Baron Rauch wird
ich ganz am Platze. Wir müssen ver¬
Kreisen viel besprochen wurde. Dr. Potocnjak er¬
bereits in den nächsten Tagen die Organisation
daß nicht nur bei den Zentralstellen in
klärt nun, daß sein Verhalten durch die politische
seiner neuen Partei, die den Namen Unions¬
sondern auch bei den hohen Landesstellen
Propaganda der Serben veranlaßt worden sei,
gund in Brünn dar tschechische Element
partei führt, beginnen. Einige Schwierigkeiten deren großserbische Bestrebungen mit seinen politi¬
hend vertreten ist. — Was die geplanten
ergeben sich jetzt bereits aus dem Umstande, daß die schen Überzeugungen im Widerspruche stehen. Die
schechischen Ausgleichsverhandlun= Serben in scharfe Opposition zu Baron Propaganda der Serben, dahin zu wirken, daß
  
MRERMNN
Glückes, ein großer Puppenspieler gewesen zu
Außen= und verwahrloster Innenseite. Ein reicher
sein.“
Mann kauft das Bild. „Meine Kunst hat ihn ent¬
Einakter=Abend.
Felix Dörmanns Sittenbild „Der Mäzen“ gückt,“ denkt der naive Maler. Der Käufer aber
[Puppenspieler“ Studie von Ariu¬
zeigt uns einen jungen unverdorbenen Menschen,
ist Geschäftsmann, er sucht praktischen Sinnes
ar.
„Der Mäzen“ Sittenbild von
„Die Brieftasche“.
Hörmann.
einen Maler, verliebt in ein Mädchen von hübscher
hinter der Kunst das Leben, und mit Gelo, das in
von Oktave Mirbeau. Zur Aufführung im
diesem Falle gute Worte fast überflüssig macht,
ter am Franzensplatz am 18. Jänner 1908.
kauft er sich das schöne Urbild des Gemäldes. Der
* Der „Puppenspieler“ stammt aus Schnitz¬
Einakterabend begann mit günstigen
lers Einakter=Zyklus „Marionetten“, die alle als
verratene junge Mann muß es sich gefallen lassen,
leitenden Gedanken die Anschauung verfechten, daß wir
und endete unter gelindem Pfeifen. Der
daß seine „Braut“ (eine Braut, für die man nicht
nur armselige Drahtpuppen in der Hand des Geschickes
galt den Stücken von Schnitzler und Dör¬
genug dicke Anführungszeichen finden kann) ihm
sind keinen Augenblick über unserem Schicksal stehen.
die Ausdrücke des Mißfallens der Satire
gegenüber noch die Wohltäterin spielt, die sich nur,
In dem Einakter, der in den „Marionetten“ der
„Puppenspieler“ folgt, im „Tapferen Cassian,
ktave Mirbeau.
um ihn in seiner künstlerischen Laufbahn nicht zu
wird uns ein junger Fant vorgeführt, der im Vollgefühle
stören, von ihm zurückzieht. Nach einer Reihe köst¬
„Kupnenspieler“ Artur Schnitzlers
des Besitzes von Weib und Gut schwelgt. Aber während
Meusch, der in dem Wahn lebt, er vermöge
licher Szenen gießt der Mäzen über sein Opfer
er sich tecklich dessen brüstet, hat er Liebe und Glück,
die Coulissen zu blicken, zwischen denen
noch eine Hand voll praktischer Lebensregeln aus,
Geld und Gut schon an einen andern verloren. Wäh¬
rend er in stolzem Kraftbewußtsein seine Glieder streckt
er Schicksal, die Tragödie oder Komödie
die den Mann so taktlos erscheinen lassen, daß
Lebens abspielt. Er traut sich die Macht und dehnt, muß er erkennen, daß sie an unsichtbaren
man der Wahrheit und des Witzes, die in seinen
Drähten hängen, daß er wie die Geliebte und sein
e Daseinswege seiner Mitmenschen nach
Worten zweifellos stecken, nicht recht froh werden
Freund, der rohe Landsknecht Cassian, nur eine Ham¬
kann. Auch daß die zynischen Betrachtungen des
Willen zu leiten. So hat er einmal im pelmannfigur ist. Klingt dieses Stück schon mit lecker
en in das Schicksal eines Freundes, der Absicht an die echte Puppenkomödie an, so verläuft das
lüsternen Alten, den die Maske väterlichen Wohl¬
letzte Stück der Reihe „Zum großen Wurstl“
wollens herzlich schlecht kleidet, auf den jungen
schüchtern schien, selbständig ein Glück zu
ebenso beabsichtigt in grotesken Scherzen. Die Grenzen
Mann im Augenblicke des Schmerzes so viel Wir¬
n, wohlwollend eingegriffen. Aber in dem
zwischen den Puvpen des Marionettentheaters, das hier
das er zu Gunsten des anderen veranstaltete,
kung tun, daß er sie mit Worten heißen Dankes
aufgeschlagen ist, und den Vertretern des Publi¬
kunms verwischen sich ganz; „Wurstel“ sind alle:
ohne es zu ahnen — das eigene Glück
erwidert, scheint ein wenig befremdlich. Wird sich
Marionetten, Dichter und Zuschauer.] Ja, die Puppen,
t. Um dieses Streiches willen steht er als
unverdorbene Jugend wirklich nach einem
die nach dem Willen eines Dichters handeln, führen
bitteren Erlebnis den herzlosen Erwägungen eines
Mann, als ein Schiffbrüchiger, als Heim= sogar ein sinnigeres Leben als die Menschen, die ihre
so verächtlichen Lehrmeisters so rasch und demütig
keimatloser neben seinem Schützling, der in Rollen, abhängig von Meister Tod, selten gleich harmo¬
beugen?
chem Frieden ein Glück genießt, das eigent=nisch zu Ende führen können, die gar oft mitten in
n bestimmt war. Zu stolz, seinen Vorwitz den besten Szenen plötzlich abbrechen müssen. Es ist
Diesem immerhin lustigen und sehr wirksamen
schade, daß man uns nicht an Stelle des Einakters von
Stück folgte als drittes Octave Mirbeaus Einakter
st zu bereuen, redet er sich auch angesichts Mirbeau den „Tepferen Cassian“ geboten hat. Trotz
„Die Brieftasche“. Er ist trotz eines nicht
Bildes ein, nichts zu entbehren und sein
des marionettenhaften Schlusses ist ihm wegen der
sicheren Betonung der Grundidee und wegen des kräf¬
üblen Grundgedankens ziemlich mißlungen. Octave
l doch nur zu seinem Besten „gelenkt“
tigen Ganges der Handlung eine höhere Bühnenwirkung
Mirbeau erwies sich nur einmal als ein Dichter:
en. Seine „Puppen“ lassen ihm mitleidig
zuguerkennen als dem prächtigen „Puppenspieler“, der
in seinem furchtbaren, von sadistischen Phantasien
Einzige, das ihm bleibt, diesen armseligen zarter, vornehmer, verhaltener, gewissermaßen nur an¬
ein tiefblickender Reister seines deutungsweise das Thema des ganzen Zyklus anschlägt. überfüllten, in Österreich verbotenen Roman „Der
20 NE
107#000</Unicode>
            </TextEquiv>
        </TextRegion>
    </Page>
</PcGts>
