3484 4320
-26 3547 55 3611 ie
1586 210 2088 331 box 22/6
286 206 1507 331 17.1. Der Punpenspieler
207 783 494 887 chmidt
249 886 367 954 * *
205 959 357 1036 nitte
194 1003 594 1099 chtendienst durch
211 1078 357 1147 nien.
209 1116 547 1201 ephon: III, 3051.
243 1161 620 1243 B
255 1841 480 1910 S
710 1870 3206 1940 Straßenbild des nächtigen Brügge nach Entwürfen des großen bel= Klub der Sturmgesellen nahr das Verhängnis. Der Landrat, der
205 1793 717 1988 Wissenschaft.
1936 1931 3204 1994 alte Todfeind der Revolutionäre, ist in eine der geheimen Sitzungen
700 1922 1342 1999 gischen Malers Fernand Khnopff.
1944 1947 3191 2023 eingedrungen und hat den Hochverrätern eine fürchterliche Angst eu¬
811 1972 1954 2027 Das Lessingtheater eröffnete seine Premierensaison
184 1990 362 2077 Eleben.
1941 1998 3198 2059 gejagt. Die bösen Klub=Protokolle werden zwar in Eile unter dem
708 2012 1965 2075 mit einem vieraktigen Volksstück: Geschwister Lemke
1948 2030 3205 2096 Bett der Kellnerin verborgen, aber die Gefahr ist noch lange nicht be¬
703 2047 1956 2116 von Richard Skowronnck und Leo Walther Stein.
1948 2089 3202 2148 seitigt. Man sieht vielmehr der Auflösung des Vereins und der Be¬
715 2083 1961 2150 Das Drama schildert die bemerkenswerten Schicksale dreier
197 2087 731 2157 fall hat das Deutsche
1952 2120 3195 2174 strafung der Mitglieder wegen Geheimbündelei entgegen. Zur letzten¬
182 2131 1955 2195 bende begonnen. Arthe; Berliner Vollwaisen. Zwei davon, die Schwestern Mathilde
182 2170 3168 2247 enspieler und d Eva, sind glänzende Musterbeispiele von Tugend, Fleiß, Herzens= Sitzung erscheint der greise Präses, ein demokratischer Freiherr, den
1949 2194 3191 2255 den verdutzten Sturmgesellen ein Bekenntnis des neuen Glaubens
200 2204 1952 2272 [Georges Rodenbach, güte, Edelsinn und Opferfreudigkeit, während die dritte, der Bruder
1948 2236 3190 2293 ablegt: Die politischen Ideale von 48 seien tot, Bismarck habe sie mit
713 2248 1948 2309 Alfred Lemke, als typische Verkörperung menschlicher Sündhaftigkeit
205 2263 733 2309 en Dichter, wurden ziemlich
1938 2271 3184 2334 Königgrätz und Sedan über den Haufen gerannt, so daß sie heute
724 2274 1948 2338 gelten darf. Die Schwestern haben sich nicht nur das Brot, sondern
213 2301 733 2347 t. Schnitzlers Stück, das der
1950 2328 3185 2372 nichts weiter wert seien, als den Dung abzugeben für die nächste
722 2324 1953 2372 sogar einen Bräutigam vom Leibe abgespart, um mit dem kargen Er¬
186 2326 721 2388 t, ist eine flüchtige und wir¬
1952 2357 3205 2412 Generation. Der Sturmgeselle Sokrates widerspricht solch ketzerischen
728 2366 1956 2424 löse ihres Putzgeschäfts den Bruder studieren zu lassen. Bald aber
191 2370 737 2432 Helden, eines Sonderlings,
1943 2396 3193 2458 Reden und es kommt beinahe zu einer Prügelei. Die Genossen gehen
725 2392 1956 2463 #ellt sich heraus, daß der junge Lemke solcher Opfer nicht würdig ist.
177 2403 730 2465 und sein Glück in dem Wahr
1953 2435 3195 2487 auseinander, der Klub löst sich auf. Nur Sokrates bleibt als letzte
725 2437 1953 2489 Um Karriere zu machen, verlobt sich das Scheusal mit einer Mini¬
186 2450 728 2511 genschicksalen wie mit Puppen
1947 2471 3200 2532 Säule übrig. Er beschließt, allen Gefahren zu trotzen, sieht sich bereits
727 2485 1955 2533 sterialratstochter. Die Schwestern sagen sich blurenden Herzens von
179 2483 725 2545 en und plastischen Gestaltung.
1950 2514 3207 2569 im Zuchthause und erwartet stündlich die Häscher Denn die kompro¬
729 2514 1953 2574 ihm los. Und schon naht die Vergeltung: Mathilde und Eva kommen
187 2522 733 2588 war, besorgte Albert Basser¬
1945 2549 3213 2609 mittierenden Protokolle sind aus dem Schlafzimmer der Kellnerin
728 2561 1959 2609 unter die Haube und ernten Wohlstand und Eheglück, während der
189 2559 724 2625 Flüssigem virtuosen Kleinkram
724 2591 3205 2652 böse Alfred an der Seite einer hochnäsigen und kaltherzigen Gatti#entwendet und dem Landrat übergeben worden. Und schon erscheine
177 2608 731 2665 ms vollends verwirrte, der die
1945 2616 3235 2686 — es ist gerade Sedantag — der Landrat in der Behausung des alten
735 2646 1952 2695 ein freudeloses Dasein führen muß. Es ist eine wahre Herzensfreude,
184 2640 729 2708 begreifen die löbliche Absicht
1945 2658 3202 2716 Sturmgesellen. Er bringt ein Kästchen, das in sein eigenes, von
730 2666 1957 2725 in den gegenwärtigen herben Zeitläuften zwei so vortrefflichen
186 2677 728 2748 om Dichter selbst herrührende
1950 2698 3207 2759 Sokrates unterschriebenes Todesurteil eingewickelt ist. Der Sturm¬
727 2713 1958 2768 Menschenkindern zu begegnen, wie den Herren Richard Skowronnek
189 2720 727 2783 tote Brügge, der seiner Zeit
3113 2747 3210 2800 en.
1944 2735 2995 2804 geselle öffnet angstschlotternd das Kästchen und findet — ein
723 2740 1951 2811 und Leo Walther Stein. Zwei Wackere, die aus der Ueberfülle ihres
188 2757 726 2815 gefunden hat. Das Drama
1948 2789 2980 2837 den der dankbare Prinz dem Vater seines Hundedoktors ver
723 2777 1951 2852 goldigen Gemüts, ihrer weltfremden Naivetät und kindlich heiteren
195 2796 734 2856 zustände eines Witwers, der
1956 2828 2970 2882 Und der Hochverräter heftet das glitzernde Sternlein an
726 2830 1957 2882 Lebensauffassung der in Pessimismus versauernden Menschheit köst¬
175 2823 728 2897 die verstorbene Gattin geweiht
3125 2853 3212 2920 eit
1945 2865 2978 2910 und tritt vor den Spiegel. Eitelkeit und Gesinnung
727 2867 1955 2929 liche Gaben spenden. Es wäre gemein, den beiden Edelnaturen
185 2871 730 2934 annten Trauerkultus lernt er
3083 2898 3217 2954 sinkb
1957 2890 3022 2957 kämpfen eine Weile in seiner Seele, dann reißt er den Orden
711 2909 1961 2968 durch nörgelnde Kritik das fein ausgeknobelte Geschäft zu verderben.
180 2917 733 2975 m als ein vollkommenes Eben¬
1954 2947 3219 2999 auf einen Stuhl und bricht in Thränen aus. Was Herr Sudermann
729 2948 1953 3003 Denn von allen Spekulationen auf die Urteilslosigkeit des Theater¬
188 2953 738 3024 ng, die er bisher den leblosen
1945 2971 3202 3038 mit seiner Farce beabsichtigt hat? Er wollte den Niedergang der
727 2988 1948 3048 publikums ist diejenige, die in der Branche: Deutsches Gemüt arbeitet,
209 2987 736 3048 Haarlocken usw., gewidmet
1945 3019 3195 3079 bürgerlichen Demokratie in Deutschland darstellen. Als Vertreter
724 3010 1960 3096 zur Zeit noch immer die einträglichste — freilich auch die wider¬
1944 3039 3191 3113 dieser Demokratie stellt er einen Haufen von närrischen Trotteln,
727 3073 935 3135 wärtigste.
173 2971 730 3140 ure eteher  1
1955 3090 3208 3150 Lumpen und Possenhanswürsten auf die Bühne und versucht uns
831 3097 1955 3168 Als zweite Novität servierte uns das Lessingtheater ein neues
180 3104 741 3176 che Verworfenheit des Wesens,
1946 3111 3262 3196 einzureden, daß zur Niederwerfung dieser Kretins Bismarck König¬
725 3147 1952 3194 Stück Sudermanns: Der Sturmgeselle Sokrates,
182 3145 738 3215 ten ihn umgiebt, zerstört seine
1600 3174 1710 3214 Skrant
1949 3179 3232 3245 grät und Sedan heraufbeschwören mußte! Die Handlung soll sich in ##
735 3191 1951 3245 Komödie in vier Akten. Die Handlung soll sich während der siebziger
183 3185 736 3243 s Mädchen, eine kleine, auf
1956 3216 3199 3271 Ostpreußen zutragen. Aber sie könnte ebensogut im Westen oder
728 3217 1960 3284 Jahre in einem ostpreußischen Krähwinkel zutragen. Hier existiert
185 3232 742 3295 ielerin, in einer frech=über¬
1955 3254 3194 3306 Süden des Vaterlandes spielen, sie wäre überall in gleicher Weise
732 3249 1956 3315 ein politischer Geheimklub alter achtundvierziger Revolutionäre, die
199 3272 733 3326 Spott treibt, erwürgt er es
1955 3291 3194 3346 unmöglich, denn ihre Träger sind nichts weiter als internationale
729 3298 1961 3359 sich Sturmgesellen nennen. Die Vereinsthätigkeit dieser Sturm¬
179 3293 735 3359 on den poetischen Reizen und
1945 3325 3195 3383 Kulissenschemen, deren Heimat die Possenbühne ist. Es wird in dem
727 3325 1962 3401 gesellen besteht in allerhand hochverräterischen Unternehmungen, Auf¬
181 3342 741 3405 g konnte, wie das bei solchen
1955 3374 3201 3425 Stück über allerhand aktuelle Themata gesprochen und debattiert, über
727 3375 1963 3431 rufen zum Barrikadenbau, Erlaß von Todesurteilen gegen mißliebige
181 3380 730 3443 npflegt, nur ein kleinwinziger
1957 3408 3200 3471 die Judenfrage, über modernes Studententum, über alte und neue
726 3419 1951 3467 Staatsstützen usw. Die Mitglieder haben sich die Namen von be¬
189 3423 742 3475 Akte hindurch wird uns in end¬
1949 3435 3192 3499 Zahnheilmethoden usw., aber was Herr Sudermann uns hören läßt,
736 3446 1963 3514 rühmten Philosophen beigelegt und ihr Wortführer, der Zahnarzt
185 3457 738 3527 feelische Zerrüttung des armen
1957 3471 3196 3537 ist trivialste Binsenweisheit, in der knotigen Form dialogisierten
725 3502 1960 3561 Hartmeyer, heißt z. B. Sokrates. Dieser Sturmgeselle Sokrates besitzt
193 3493 746 3561 st ein schönes und kluges Wort
1956 3527 3198 3576 Feuilletons vorgetragen. Man langweilte sich herzlich während der
739 3530 1952 3591 zwei Söhne, die er zur Auffrischung des revolutionären Blutes dem
233 3536 742 3606 mungen werden erzeugt, um
1950 3551 3193 3615 beiden ersten Akte, amüsierte sich im dritten ein weniges über ein
729 3567 1949 3626 Geheimbund als neue Mitglieder zuführt. Aber es stellt sich heraus,
273 3583 734 3640 kommen dann ein paar
1956 3601 3206 3664 paar derbe Possenszenen und bewunderte zum Schluß den Mut des
733 3606 1957 3671 daß alle beide einer solchen Ehre unwürdig sind. Der ältere, der das
332 3611 738 3675 ten wie Peitschenhiebe
1950 3643 3196 3710 Autors, der trotz einer sehr hörbaren Opposition imme, wieder,
734 3648 1962 3708 Gewerbe des Vaters betreibt, kompromittiert sich dadurch, daß er einen
401 3666 741 3709 cen. Einige nerven¬
1950 3683 2736 3750 freundlich dankend, auf der Bühne erschien.
728 3690 1956 3750 prinzlichen Jagdhund von einem Zahngeschwür befreit, und der
430 3699 747 3755 es Vorhangs und
2636 3719 3171 3794 John Schikowskt.
726 3715 1968 3779 jüngere, ein schneidiger Studiosus, muß gestehen, daß er nicht, wie der
436 3739 742 3794 ickte Arbeit eines
420 3752 1972 3825 Strückes brachte Vater wünschte, Burschenschafter geworden, sondern in ein Korps ein¬
188 3796 1983 3894 furs und ein stimmungsvolles getreten ist. Der Alte jagt sie beide aus dem Hause. Aber auch dem
3191 4130 3350 4191 E
