3436 4320
-24 1424 49 1502 54
1548 196 2056 299 box 22/6
262 193 1489 323 17.1. Der Punnenspieler
2059 1190 3240 1276 zwischen je zwei Bildern einen Knoten schlingt. Ein
912 1214 2063 1278 Gerhart Hauptmann hat sie durch einen guten Bildner¬
2059 1258 2392 1338 G. H.-Collir.
920 1256 2062 1320 einfall vergrößert. Er hat ihre Leidenschaften, ihre see¬
187 1217 537 1339 euilleton.
907 1288 2068 1383 lische Art wie eine Lichtquelle über ihre Häupter gestellt;
2149 1282 3224 1371 Rittner als Graf Starschenski ist prachtvoll. Er
905 1355 2063 1420 so gestellt, daß die Menschen des Spiels ungeheure Schat¬
2067 1345 3233 1417 hat eine Art stilisierte Worte zu sagen, die alles Theatra¬
167 1363 818 1464 1 des Lessing-Theaters.
905 1409 2063 1474 ten werfen. Ich möchte sagen: den Schatten ihres Prin¬
2071 1406 3229 1470 lische abstreift. Man spürt da eine Erhöhung und Be¬
906 1454 2057 1516 zipiellen. Der gespenstische Flackertanz dieser großen
172 1449 846 1535 nder Wien. — Erster Abend.)
2062 1456 3227 1527 flügelung der seelischen Kräfte des Sprechers, die ein
914 1496 2065 1564 Schatten gibt dem Drama seine eigentümliche Plastik.
2071 1513 3229 1563 Aufsteigen aus der prosaischen Diktion natürlich macht.
168 1505 736 1592 Werhaxt Hauptmann.
908 1548 2063 1616 Das konkrete Spiel rollt ab wie ein Exemplum für die
2070 1553 3221 1623 Und er hat umgekehrt eine Manier, die einfachen Worte
172 1549 898 1634 B#ll#de. Prosazzwar, aber es hängt
900 1590 2066 1666 unermeßliche Macht der Abstrakta: der Liebe, der Schön¬
2065 1588 3226 1662 so tief aus dem Herzen zu holen, daß sie wie eine
177 1612 903 1684 Verfend üllep diesem Spiel, in dem
904 1628 2065 1711 heit, des Zwanges im menschlichen Blut. Man merkt die
2062 1644 3216 1731 inbrünstige Konfession wirken. Ein Schauspieler, dem man
165 1649 903 1724 Ehäschent Wert einer abgeschlossenen,
907 1693 2068 1765 Dürftigkeit der Anekdote nicht, weil sie eingefügt ist in
2072 1696 3226 1769 gleich alles glaubt: das ganze Schicksal, das er darstellt
174 1717 905 1784 n Rand gefüllten Strophe hat. Das
909 1728 2059 1804 einem Mechanismus ewiger Kräfte, deren geheimnisvolles
2066 1755 3216 1813 und die Herkunft dieses Schicksals aus einer menschlichen
172 1753 910 1828 Dramas liegt in seiner stummen
907 1798 2061 1851 Brausen den kleinen Lärm des faktischen Ereignisses über¬
2070 1799 3221 1860 Art. Einer, dessen bildnerische Macht groß genug ist, um
168 1789 903 1883 en Rauschen von Naturgewalten:
912 1842 2063 1921 tönt. Man könnte vor die einzelnen Szenen als Regie¬
2068 1844 3230 1908 die unmöglichst verkrümmten Figuren ins glaubhast
161 1846 903 1917 eit, die Leidenschaft, der Stolz. Sie
910 1890 2064 1946 Bemerkung stellen: Es ist Liebe; es ist Schönheit; es
2061 1894 3238 1958 Gerade zu biegen. Welch eine Hilfe für den Dramatiker
172 1903 910 1975 hen des Dramas wie Stürme, alles
905 1933 2071 2012 ist tiefste Trauer. Wie man schreiben würde: es ist heller
2062 1945 3224 2009 solch ein Schauspieler, der das knappe Leben, das der
157 1950 911 2026 etternd. Es ist, als ob die Leute
906 1988 1970 2049 Tag; oder: Mittagssonne; oder: schwärzeste Nacht.
2067 1993 3221 2050 Dichter einer Figur eingeblasen, bis in die Fuß= und
164 2003 906 2084 edes Versuches, sich zu wehren, ein¬
2068 2034 3222 2106 Fingerspitzen weiterleitet! Frau Triesch (Elga) ist
182 2049 908 2126 der leisesten Berührung, die sie
995 2044 2069 2123 Die schöne gerade Linie des Dramas biegt nur im
2067 2084 3206 2145 sehr gut. Ihre Leistung bleibt aber immer „Leistung".
170 2085 908 2153 die Hand des Schicksals an ihrer
906 2106 2071 2178 vorletzten Bild in ein theatralisches Schnörkel um. Der
2060 2134 3222 2197 Vortreffliche Erledigung eines Pensums. Sie überzeugt
171 2147 909 2208 acht wird im Augenblick Gewißheit,
911 2165 2058 2222 Graf inszeniert seine Rache. Das wirkt nicht groß.
2067 2187 3217 2255 nie, überredet manchmal. Man hat keinen Einwand,
163 2193 905 2272 nungsloses Entsetzen, leise Angst
911 2207 2065 2271 Ein Mann wird erdrosselt, ein Vorhang vor seinem
2072 2228 3226 2299 aber auch keine Zustimmung. Es ist ein Sieg
919 2256 2062 2328 Sterbelager zugezogen, ein Wächter mit riesigem Schwert
2062 2261 3228 2359 schauspielerischer Argumente. Keine Spur einer Berückung,
916 2305 2062 2363 davorgestellt, Lichter angezündet und als Prologus eine
165 2291 907 2385 henski liebt sein Weib abgöttisch,
2070 2337 3228 2398 einer geheimnisvollen persönlichen Macht. Ihre trefflichen
899 2345 2076 2420 ortsübliche Sage erzählt. Dann, förmlich beim „Stich¬
165 2367 910 2435 treue und tötet den Nebenbuhler,
2054 2386 3224 2447 darstellerischen Mittel fliegen wie ein sicheres Netz über
912 2412 2059 2471 wort“ wird das Bett enthüllt und Elga sieht das Opfer.
155 2391 912 2470 diese einfache Tatsachenmelodie des
2065 2429 3219 2495 den Kopf des Zuhörers. Unwillig gibt man sich ge¬
910 2455 2060 2525 Die Umrahmung des Spieles — einem Ritter träumt im
164 2445 902 2529 des Dichters Harfe sehr voll und
2072 2473 3223 2549 fangen, ist es eigentlich nie. Herr Reicher hat seinen
914 2494 2068 2558 Klosterturm die ganze traurige Affäre — ist sehr
166 2507 908 2577 Aktorde, aber der Spieler greift
2055 2523 3210 2585 gröhlenden heiseren Ton aus dem „Nachtasyl“. Der
907 2545 2069 2606 schön. Man sieht das Drama wie durch den Bogen eines
166 2537 904 2624 daß ihr Nachhall lange nicht ver¬
2062 2567 3224 2631 Organismus dieses polnischen Schloßverwalters scheint
904 2605 2055 2666 dunklen Gewölkes vorüberziehen. Ich glaube übrigens
162 2599 907 2667 Absturz vom Gipfel; ein letzter
2053 2620 3223 2689 mit Alkohol vergiftet. Prächtig Herr Marr; von solcher
898 2645 2060 2701 nicht, daß der Ritter wahrhaftig die böse Geschichte
170 2660 912 2725 von Schicksalssternen nach ihrem
2055 2672 3217 2736 Frische in Ton und Gebärde, so angenehm muskulös in
907 2686 2065 2761 des Grafen Starschenski und seiner Elga träumt. So
167 2702 901 2765 Erfüllung von Blut=Notwendigkeiten.
2059 2719 3225 2783 seiner ganzen Art, daß er förmlich (neben der grauen
911 2748 2058 2808 billig=operettenhaft wird es nicht gemeint sein. Ueber
165 2740 914 2824 eist nicht gezeichnet, das Werden
2053 2752 3227 2822 Theorie des empirisch verdüsterten Alters) die goldene
905 2787 2055 2866 seinen Schlaf senkt sich nur das vage Grauen des Ortes,
192 2789 915 2872 aus dem Blut und der Art der
2063 2823 3210 2884 Praxis der unbedenklichen Jugend darzustellen scheint.
903 2840 2057 2904 an dessen Wänden für alle Zeiten der Geruch des
160 2844 906 2917 then nicht dargestellt. Der Graf ist,
2059 2866 3213 2930 Ueber das, unseres Neides werte, Ensemble des
902 2885 2064 2964 dereinstigen schauerlichen Ereignisses hängt. Was wir dann
147 2881 912 2959 nt, auf dem steilsten Gipfel seines
2056 2917 3222 2990 Dr. Brahm wird ja noch ausführlich zu sprechen sein.
908 2936 2062 3004 sehen, ist nur eine Materialisierung dieses vagen Grauens,
152 2943 910 3018 endendsten Licht ihrer Schönheit, die
908 2996 2058 3052 das des Ritters Schlaf schwer und unerquicklich macht,
165 2980 907 3054 äußersten mit Ahnungen gesättigt,
2094 3010 3192 3082 „Der Puppenspieler“ von Arthur Schnitzler.
905 3040 2063 3104 ein Heraufbeschwören verklungener Klänge, deren indefi¬
146 3022 907 3102 t die Faust bereits zum Zuschlagen
2047 3068 3216 3148 Ein Thema, das dem Dichter sehr gut liegt: der Mensch
900 3086 2058 3147 nites Echo nur in des schlafenden Ritters Herz
175 3080 902 3165 es gibt kein Weiter mehr und auch
2046 3117 3227 3204 und seine Grenzen. Seine Versuche, darüber hinauszu¬
897 3124 2059 3211 dringt. Der mönchische Gesang füllt schön die Verwand¬
152 3145 906 3194 r ein Abwärts=, ein Zu=ende=gehen.
905 3178 3232 3242 lungspausen aus. Die Bilder des Dramas sind wie auf streben, und sein scheues, stolzes, klagloses Zurückkriechen
162 3189 908 3257 des Dramas, die der Dichter aus der
168 3226 3229 3321 geholt, sind ziemlich klein. Aber schwarzem Faden aneinandergereiht, in den die Musik in ihre, endlich!, erkannten Markungen. Der Puppen¬
