3436 4320
217 204 1988 315 17.1. Der Punpenspieler box 22/6
1045 1466 2112 1532 den Scherz nur eingegangen sei, weil sie ihn selbst,
111 1468 981 1584 heater am Franzensplatz.
1065 1512 2117 1564 Georg, liebte und durch die ihr aufgenötigte Zärtlichkeit
200 1541 1046 1639 1 0 Rovitätenabend. 177 Ly4l #
1050 1554 2112 1618 für Eduard seine Eifersucht und Liebe erregen wollte.
1047 1610 2112 1677 Aber Georg ist nicht wiedergekommen und sie hat sich
122 1615 1042 1686 ter den Einaktern, die uns am verganzenen
1046 1656 2110 1727 getröstet und den braven Eduard geheiratet. Nun sieht
138 1662 1048 1732 g als Novitäten vorgeführt wurden, ist Artur
1052 1709 2117 1763 er an fremdem Glücke, wie sich sein eigenes Leben
136 1714 1039 1782 itzlers Studie „Der Puppenspieler“ literarisch
1048 1756 2105 1820 hätte glücklich und behaglich gestalten können, und sein
129 1767 1046 1824 schrerisch woohl der bedeutendste, dramatisch aber
1052 1814 2114 1879 Glaube wankt, als er, seine innere Rührung bemei¬
144 1820 1047 1888 h der am wenigsten wirksame. Eine Milieustudie,
1054 1867 2106 1923 sternd, den kleinen Knaben küßt und dabei seiner eigenen
115 1873 1042 1945 in rechtes Theaterstück, feine Seelenmalerei, aber
1046 1915 2115 1980 treulosen Geliebten und seines gestorbenen Kindes ge¬
121 1912 1041 1994 Handlung! Ja das Ganze ist für ein größeres
1051 1955 2110 2024 denkt. Aber „Menschen meiner Art müssen frei sein,
127 1962 1049 2043 im kaum recht verständ ich, wenn man nicht einen
1056 2014 2118 2078 wenn sie sich ausleben sollen“ überredet er sich trotzig
128 2022 1047 2090 gsgedanken Schnitzlers kennt, den er namentlich
1060 2060 2110 2132 und entfernt sich aus dem traulichen Kreise. Aber man
145 2074 1047 2142 Einakter „Der große Wurstel“ deutlich aus¬
1068 2113 2105 2171 fühlt doch aus seinem Trotze das bittere Gefühl heraus,
158 2112 1041 2181 Wir sind alle Marionetten. Wir sind stolz
1062 2168 2100 2228 daß er, der Puppenspieler, sein Spiel an die Wirklich¬
118 2180 1047 2245 sere Freiheit, auf unser Wollen und wir hängen
1059 2210 2111 2274 keit verloren, und während er übermütig ein fremdes
128 2218 629 2288 nzen doch alle an Fäden.
1055 2258 2117 2322 Glück geschaffen hat, gedankenlos an seinem eigenen
124 2256 1057 2332 in Beispiel davon gibt uns Schnitzler im vor¬
1052 2314 2112 2381 vorübergegangen ist. Die Idee ist allerdings etwas
129 2322 1053 2386 en Stücke. Hier ist es der vermeintliche Puppen¬
1054 2356 2111 2416 subtil, aber nicht ohne ein großes psychologisches In¬
133 2375 1057 2424 Georg Merklin, der die Drähte zu ziehen glaubt
1064 2405 2106 2475 teresse; sie wird auch dem Zuschauer nicht gleich ein¬
115 2420 1047 2497 bst wie die Puppen gelenkt wird. Er hat seinem
1059 2469 2113 2526 leuchtend und erfordert ein feines und wohldurchdachtes
128 2469 1053 2531 Frnen und unbeholfenen Freunde Eduard Jagisch
1047 2512 2105 2581 Spiel, dessen sich unsere Darstellung eben nicht rühmen
123 2510 1052 2578 fahren einen Scherz gespielt und ihm einen jun¬
1062 2563 2114 2621 konnte. Fräulein May und Herr Ehmann waren
120 2557 1045 2642 ibschen Blondkopf zugeführt, der ihm aus seiner
1063 2608 2120 2681 gut, aber etwas trocken und im Tone gedämpfter, als
125 2615 1047 2692 ternheit heraushelfen sollte. Und Eduard fängt
1065 2663 2112 2720 erforderlich war. Herr Marlitz trug zwar mit Ge¬
137 2665 1054 2735 heiratet den Blondkopf, wird glücklicher Gatte
1055 2698 2113 2759 schick die Maske des Weltenbummlers und falschen Philo¬
129 2711 1058 2792 ater eines prächtigen Knaben. Nach Jahren
1053 2757 2113 2821 sophen, aber er blieb zu ständig in dieser Maske stecken.
145 2764 1045 2836 Georg äußerlich ziemlich verkommen und im
1061 2818 2113 2873 Das Aufleuchten von Gefühl und innerer Erregung, das
139 2809 1051 2875 nschiffbrüchig in das gemütliche Heim seines
1063 2857 2115 2924 namentlich in dem Augenblicke, wo er den Knaben
126 2863 1053 2940 des und wird Zeuge seines häuslichen Glücks,
1063 2906 2107 2963 Georg auf die Stirne küßt und sich entfernt, zum Vor¬
142 2920 1049 2986 selbst am Glücke vorbeigegangen ist, weil er
1055 2955 2110 3026 schein kommen sollte, trat nicht merkbar hervor. Wir
141 2962 1051 3029 ,die Not und das Entbehren von Weib und Kind
1057 3007 2115 3073 wollen dem strebsamen und verständigen Schauspieler
127 3004 1049 3081 für ihn die immer gewünschte und ersehnte Frei¬
126 3056 2120 3150 Nun erfährt er, daß Eduards Frau damals auf deshalb auch keinen Vorwurf machen. Aufdämmernde
2116 1465 3173 1524 Empfindung, die vom Dichter nur leise angedeutet wird
2119 1510 3186 1581 und die wir mehr erraten müssen, Tränen, die man im
2120 1561 3180 1618 Innern weint und die nicht sichtbar ins Auge treten,
2119 1608 3181 1675 sind auf der Bühne nicht so leicht deutlich zu markieren.
2129 1669 3189 1732 Schnitzler liebt diese Dämmerung, dieses Halbdunkel im
2124 1709 3186 1781 Ausdruck der Empfindung; sie verleihen seinen Stücken
2124 1760 3191 1831 mitunter ihren eigentümlichen Reiz, aber sie erschwe¬
2121 1813 3183 1882 ren dem Schauspieler seine Aufgabe. Die Aufnahme
2113 1853 2919 1917 des Stückes war darum auch etwas kühl
2909 1852 3201 1934 — ich glaube
2126 1912 3183 1976 kaum, daß sein Grundgedanke auch von allen Zu¬
2127 1956 2763 2035 schauern deutlich erfaßt wurde.
2200 1985 3196 2082 Einen vollen Erfolg hatte Felix Dörmanns Ein¬
2115 2057 3196 2124 akter Mäcen“, von den Damen Schweikhardt,
2119 2107 3194 2184 Braun den Herren Staud und Beraun trefflich
2120 2159 3190 2236 dargestellt. Besonders waren es Herr Staud und Fräu¬
2113 2205 3188 2281 lein Braun, die durch vorzügliche Charakterisierung ihrer
2128 2252 3190 2327 Rollen den lebhaftesten Beifall ernteten. Das Stück selbst
2125 2304 3187 2385 ist ein Wiener Lebensbild, und zwar aus den sumpfigen
2125 2362 3194 2422 Niederungen des Lebens, worin der Verfasser der „Ledige
2126 2418 3183 2484 Leute“ und „Krannerbuben“ sich mit Vorliebe bewegt.
2207 2470 3196 2527 Dagegen wurde Mirbe aus Komödie „Die Brief¬
2120 2502 3187 2576 tasche“ vollständig und unter Zeichen des Mißfallens
2129 2565 3196 2639 abgelehnt. Es soll eine Satire auf die Polizei sein.
2122 2612 3195 2675 Ein Polizeigewaltiger, der seine Geliebte, eine hübsche
2128 2658 3190 2727 Kokotte, auf originelle Weise, um keinen Verdacht zu
2120 2716 3200 2778 erregen, in sein Bureau zu Schäferstunden schmuggelt,
2124 2762 3187 2818 indem sie nämlich auf sein Geheiß vor der Türe des
2129 2806 3198 2871 Kommissariats Personen anrempelt, dann pflichtgemäß
2125 2856 3194 2928 von den wachhabenden Schutzmännern verhaftet wird, sich
2121 2904 3197 2973 äußerst renitent gebärdet und deshalb vor den Polizei¬
2126 2963 3198 3022 kommissär gebracht wird, der sie dann, angeblich zur
2127 3008 3191 3057 Feststellung der Personalien, im Bureauzimmer behält;
2112 3048 3248 3132 der ferner einen armen, kranken, alten Bettler, welcher #
