3436 4320
1558 206 2017 297 box 22/6
241 209 1555 322 17.1. Der Bunnenspieler
705 1297 2424 1385 N9 Verfasselsf rih Wridinger (Wiener Eislanfbelain) dritter.
2575 1292 3340 1399 Trachtenkränzchen des Steirischen
1527 1358 2496 1445 Internationales Schnellaufen über
2501 1365 3339 1447 vereinfs!-Wie in den Voriehrei, so hatte
1450 1408 2492 1475 1500 Meter. Hans Pichler 2:542 — Thomas
2507 1399 3331 1500 tag das Fra### des Steirischen
387 1418 1452 1486 eine Brieftasche mit 10.000 Franken findet und sie
1446 1464 2490 1547 Bohrer 2:40½, Franz Sattler 3:08 — Franz Schil¬
2497 1464 3320 1550 eines i# de# len einen überaus
380 1461 1436 1534 zur Polizei trägt, wegen eingestandener Obdachlosig¬
1453 1511 2500 1575 ling 2:52, Anton Paternioner 3:05 — Heinrich Wei¬
2502 1500 3321 1599 Besuch haufaubeisen. Die Räume erwiesen
377 1518 1438 1577 keit in Untersuchungshaft bringen, und zuletzt seine
2505 1560 3340 1641 zu klein“ Kunstgärtner Baumgartner
1450 1560 2492 1633 dinger 3:03½. Wertung: Thomas Bohrer (Kla¬
381 1564 1442 1637 eigene Geliebte, die empört über seine Behandlung des
1447 1608 2493 1680 genfurter Eislaufverein) erster, Franz Schilling (Wie¬
2507 1603 3346 1674 Lokalitäten durch Reisiggewinde förmlich zu
384 1623 1442 1673 ehrlichen Bettlers ihn einen gemeinen Menschen und
1459 1662 2503 1726 ner Eislaufverein) zweiter, Hans Pichler (Wiener
2517 1660 3345 1735 duftenden Wald verwandelt. Auf der N#
384 1670 1440 1733 Scheusal nennt, in Arrest führen läßt. Ich weiß nicht,
2524 1713 3337 1777 Hauptsaales befand sich ein Jägerheim, in
1459 1721 1898 1797 Eislaufverein) dritter.
377 1718 1449 1783 wem es eingefallen ist, diese unglaubliche und plumpe
2516 1754 3335 1841 Ehrengäste, Landesausschuß v. Feyrer,
384 1769 1447 1847 Komödie auf unsere Repertoire setzen zu wollen. Den
1527 1745 2504 1840 Verbands=Neulingsschnellaufen über
2522 1810 3340 1882 Dr. Graf, Gemeinderat Habisch (Ober
394 1810 1447 1880 einzigen Erklärungs= und Entschuldigungsgrund kann
1455 1825 2508 1903 1000 Meter. Dr. A. Otto (Klagenfurter Eis¬
2515 1847 3345 1927 andere Persönlichkeiten sowie der Ausschu
395 1870 1446 1941 ich nur darin finden, daß sie im Trianontheater in
1452 1876 2517 1939 laufverein Wörthersee) in 2:00½ erßer, Alfred Hell
2526 1905 3343 1973 eines mit dem Obmann Herrn Handelskau
382 1920 1440 1986 Berlin mit Erfolg aufgeführt worden ist. Über Ge¬
1466 1917 2512 2003 (Wiener Eislaufverein) in 2:07½ zweiter, August
2524 1961 3337 2039 Jäger platzgenommen hatten. Die Südst
392 1971 1439 2037 schmack läßt sich schwer streiten! Ich bedauere nur das
1471 1964 2512 2038 Scheichenberger (Wiener Eislaufverein „Eis¬
2525 2010 3338 2078 getreuer Nachbildung die Eingangsfvont des
393 2024 1453 2095 gute Spiel der Herren Schroth und Großmann
1467 2031 2114 2110 blume“) dritter. Diese starteten.
2524 2059 3335 2139 Hauses, ein Meisterwerk des Herrn Zi
386 2066 1455 2145 und des Fräuleins Fernau, das für derlei undankbare
1539 2065 2506 2152 Internationales Junior=Schnellau¬
2529 2111 3344 2187 Schlögl und des Malers Herrn Lohm
400 2124 1403 2192 Aufgaben mißbraucht wurde. Dr. Ernst Gnad.
1449 2124 2507 2191 fenzüber 1500 Meter. Franz Appe (Klagen¬
2524 2158 3317 2227 Orchesterraum, wo die Kapelle des 7. I
1465 2183 2514 2272 farter Eislaufverein Wörthersee) in 3:07 erster,
2527 2211 3333 2290 ments flott zum Tanze aufspielte, glich
1462 2231 2516 2304 Franko Gregoritsch (Klagensurter Eislaufverein
698 2222 1153 2320 Stadttheater.
2522 2258 3337 2336 Markierungen führten zur Schilcherhütte
1463 2277 2516 2357 Wörthersee) in 3:08 zweiter, Ignaz Proksch (Trai¬
468 2286 1446 2365 Das musikalisch wohl wertvollste und geistvollste
2530 2309 3328 2386 „G'müatlichen“. Der Tanzsaal bot ein
1461 2324 2521 2404 ning Eisklub, Wien) in 3:16 dritter. Deplaciert: Dr.
402 2346 1460 2424 Werk Offenbachs bot gestern dem Fräulein Noxding
2529 2352 3328 2424 Bild frischen, echt alpinen Humors. Di
1462 2379 2520 2452 A. Otto (Klagenfurt) 3:23, Alfred Hell (Wien) 3:24,
400 2399 1458 2469 Gelegenheit, sich von der Mehrzahl der Vertreterinnen
2531 2408 3334 2490 reizenden Diandlan gaben sich mit den str
1469 2442 2130 2519 Josef Brunner (Wien) in 3:28.
401 2441 1460 2515 der Helena, die uns im Laufe der Jahre die Macht
2525 2461 3333 2536 unermüdlich dem Tanzvergnügen hin. Ei
1547 2467 2517 2546 Internationales Junior=Kunst¬
394 2510 1463 2573 des Verhängnisses zuführte, gesanglich günstig zu unter¬
2524 2502 3345 2584 schmackvoller alpiner Trachten erhöhle den
1465 2527 2518 2611 laufen. Karl Mejstrik (Wiener Eislaufverein)
404 2559 1455 2614 scheiden. Diese Helena entfaltete nicht nur den vollen
2531 2552 3337 2635 Gesamtbildes. Je mehr die Zeiger der Ul
1470 2575 2532 2652 Platzziffer 5, Punktzahl 104,4 erster, Hans May¬
405 2598 1466 2686 Wohllaut ihrer gut geschulten Stimme, sie sang auch
2534 2614 3342 2686 umso lebhafter gestaltete sich das bunte Ti
1463 2624 2526 2692 ringer (Training Eisklub, Wien) Platzziffer 10,
406 2659 1462 2722 geschmackvoll. Die größere Anzahl der Solisten paro¬
2531 2661 3339 2738 sich die Stimmung. Mit gewohnter Umsicht
1468 2676 2521 2743 Punktzahl 90,8 zweiter, Gustav Sommer (Wiener
402 2693 1469 2777 dierte noch die Parodie und verwischte dadurch manche
2535 2711 3340 2778 Seyfried d. A. seines Amtes als T#
1468 2728 2528 2803 Eislaufverein) Platzziffer 15, Punktzahl 79,9 dritter.
408 2746 1459 2818 Feinheit, der eine bewußt, der andere unbewußt; unbe¬
2539 2758 3342 2829 Besondere Erwähnung verdienen die origin
1467 2779 2519 2860 Der Sieger ist, wie die Platzziffer zeigt, seinen Kon¬
409 2797 1464 2865 wußt vielleicht auch Herr Grave, dessen gesangliche und
2538 2807 3344 2881 spenden, welche die Empfängerinnen gen
1483 2829 2525 2898 kurrenten weit überlegen, sein Laufen erinnert lebhaft an
404 2846 1467 2909 schauspielerische Qualitäten für den Paris doch noch
2531 2864 3332 2936 überraschten und eine bleibende schöne Er
1465 2892 2123 2950 die Arbeit des Exmeisters Hügel.
404 2891 1467 2970 nicht ausgereift sind. Der Orestes ließ Fräulein Kar¬
2539 2910 3294 2988 das heurige Gebirgsvereins=Kränzchen
1565 2918 2527 2997 Internatioonales Kunstlaufen um den
402 2947 1476 3012 tousch vermissen. Im ganzen entbehrte die Vorstellung
2542 2954 3344 3031 Sie stellen einen in voller Fahrt talwä
1470 2976 2528 3045 Dr. Karl voon Korper=Preis. Max Rend¬
414 2997 1477 3069 nicht eines faschingslustigen Zuges und wirkte in diesem
1465 3013 3324 3118 schmidt (Berliner Schlittschuhklub) Platzziffer 7, Punkt= Rodler dar, den Hut in der erhobenen
406 3059 1019 3136 Sinne auch auf die Zuschauer.
