3392 4320
1500 172 1982 286 box 22/6
207 178 1428 305 17.1. Der Punnenspieler
2921 904 3300 1002 n be. Frod
1300 943 2685 1047 S Acgierunge nalpartei, und Dr. v. Ernkovich machte einen
2666 956 3305 1048 [Koalition. Dr. Potocn
605 984 1659 1070 politik. Die Forderung des Ministers Praschek,
1646 1023 2596 1101 Anschluß an die neue Banuspartei unmöglich.
2674 1035 3313 1103 aus der Hoalition, zu deren he
612 1053 1660 1133 daß genügend viele tschechische Beamte auch in den
2671 1079 3317 1153 gliedern er zählte, ausgetreten
1883 1082 2439 1177 Die neue Rauch=Gruppe.
619 1108 1670 1187 höchsten Stellen zu finden sein müssen,
2659 1114 3316 1195 Partei übergetreten, ein Schri#
609 1146 1657 1224 finde ich ganz am Platze. Wir müssen ver¬
1699 1171 3299 1242 Agram, 19. Jänner. Banus Baron Rauch wird Kreisen viel besprochen wurde.
618 1213 1655 1270 langen, daß nicht nur bei den Zentralstellen in
1646 1209 3299 1299 bereits in den nächsten Tagen die Organisation klärt nun, daß sein Verhalten
608 1255 1658 1314 Wien, sondern auch bei den hohen Landesstellen
1648 1264 2682 1321 seiner neuen Partei, die den Namen Unions¬
2671 1270 3306 1344 Propaganda der Serben verc
618 1305 1641 1368 in Prag und in Brünn das tschechische Element
1643 1308 3309 1391 partei führt, beginnen. Einige Schwierigkeiten deren großserbische Bestrebunge
608 1353 1661 1414 entsprechend vertreten ist. — Was die geplanten
1647 1366 2678 1433 ergeben sich jetzt bereits aus dem Umstande, daß die
2666 1368 3309 1445 schen überzeugungen im Wide
599 1414 3309 1460 deutsch=tschechischen Ausgleichsverhandlun= Serben in scharfe Opposition zu Baron Propaganda der Serben, dah
2324 1461 2452 1529 S
1643 1500 3299 1596 Glückes, ein großer Puppenspieler gewesen zu Außen= und verwahrloster Im
1659 1553 1791 1621 sein.“
853 1535 1432 1648 Einanter=Abend.
2654 1564 3307 1631 Mann kauft das Bild. „Meine
1698 1584 2668 1678 Felix Dörmanns Sittenbild „Der Mäzen“
2670 1615 3299 1692 zückt,“ denkt der naive Maler
611 1604 1658 1681 Der Puppenspieler“ Studie von Artur
1646 1648 2664 1725 zeigt uns einen jungen unverdorbenen Menschen,
609 1659 924 1727 Schnü#ler.
990 1651 1642 1729 „Der Mäzen“ Sittenbild von
2663 1663 3293 1730 ist Geschäftsmann, er sucht
614 1710 1036 1761 Felix Dörmann.
1135 1695 1654 1765 „Die Brieftasche“.
1646 1712 2670 1800 einen Maler, verliebt in ein Mädchen von hübscher
2664 1705 3303 1788 hinter der Kunst das Leben, un
604 1736 1665 1817 Komödic von Oktave Mirbeau. Zur Aufführung im
2663 1763 3299 1839 diesem Falle gute Worte fast
692 1770 1593 1848 Theater am Franzensplatz am 18. Jänner 1908.
2663 1813 3289 1888 kauft er sich das schöne Urbild
1735 1800 2659 1886 Der „Puppenspieler“ stammt aus Schnitz¬
664 1832 1638 1906 Der Einakterabend begann mit günstigen
1639 1846 2669 1917 lers Einakter=Zyllus „Marionetten“, die alle als
2659 1868 3305 1918 verratene junge Mann muß es
614 1894 1641 1967 Zeichen und endete unter gelindem Pfeifen. Der
1638 1889 2662 1963 leitenden Gedanken die Anschauung verfechten, daß wir
2663 1914 3306 1984 daß seine „Braut“ (eine Braut
1639 1938 2667 1998 nur armselige Drahtpuppen in der Hand des Geschickes
610 1948 1643 2012 Beifall galt den Stücken von Schnitzler und Dör¬
2658 1961 3300 2028 genug dicke Anführungszeichen
1635 1975 2666 2035 sind, keinen Augenblick über unserem Schicksal stehen.
612 1995 1652 2075 mann, die Ausdrück des Mißfallens der Satire
2668 2016 3304 2070 gegenüber noch die Wohltäterin
1671 2009 2665 2080 — In dem Einakter, der in den „Marionetten“ dem
610 2048 1098 2125 von Octave Mirbeau.
1642 2039 2660 2114 „Puppenspieler“ folgt, im „Tapferen Cassian“.
2668 2062 3297 2132 um ihn in seiner künstlerischen
1644 2083 2668 2154 wird uns ein junger Fant vorgeführt, der im Vollgefühle
674 2065 1637 2176 Der „Puppenspieler“ Artur Schnitzlers
2669 2106 3305 2182 stören, von ihm zurückzieht. N#
1642 2138 2666 2200 des Besitzes von Weib und Gut schwelgt. Aber während
612 2131 1646 2215 ist ein Meusch, der in dem Wahn lebt, er vermöge
2659 2157 3315 2228 licher Szenen gießt der Mäg
1638 2174 2655 2232 er sich tecklich dessen brüstet, hat er Liebe und Glück,
609 2193 1656 2244 hinter die Coulissen zu blicken, zwischen denen
2657 2204 3306 2284 noch eine Hand voll praktischen
1641 2212 2661 2264 Geld und Gut schon an einen andern verloren. Wäh¬
612 2236 1642 2318 sich unser Schicksal, die Tragödie oder Komödie
1644 2250 2668 2310 rend er in stolzem Krafibewußtsein seine Glieder streckt
2660 2254 3310 2324 die den Mann so taktlos er
1639 2290 2670 2351 und dehnt, muß er erkennen, daß sie an unsichtbaren
615 2293 1642 2360 unseres Lebens abspielt. Er traut sich die Macht
2667 2307 3300 2383 man der Wahrheit und des A
1644 2335 2668 2393 Drähten hängen, daß er wie die Geliebte und sein
611 2347 1648 2400 zu, die Daseinswege seiner Mitmenschen nach
2669 2354 3302 2428 Worten zweifellos stecken, nich
1646 2357 2667 2427 Freund, der rohe Landsknecht Cassian, nur eine Ham¬
615 2383 1639 2450 seinem Willen zu leiten. So hat er einmal im
1641 2411 2665 2471 pelmannfigur ist. Klingt dieses Stück schon mit lecker
2672 2405 3307 2474 kann. Auch daß die zynischen
609 2443 1642 2503 Geheimen in das Schicksal eines Freundes, der
1646 2437 2660 2506 Absicht an die echte Puppenkomödie an, so verläuft das
2660 2450 3296 2513 lüsternen Alten, den die Mask
1644 2487 2668 2544 letzte Stück der Reihe „Zum großen Wurstl“
613 2497 1646 2561 ihm zu schüchtern schien, selbständig ein Glück zu
2655 2496 3307 2563 wollens herzlich schlecht kleide
1644 2529 2662 2588 ebenso beabsichtigt in grotesken Scherzen. Die Grenzen
601 2545 1638 2598 erringen, wohlwollend eingegriffen. Aber in dem
2658 2554 3298 2619 Mann im Augenblicke des Sch
1640 2571 2667 2629 zwischen den Puppen des Marionettentheaters, das hier
613 2590 1643 2648 Spiel, das er zu Gunsten des anderen veranstaltete,
1645 2609 2009 2664 aufgeschlagen ist,
2669 2603 3298 2660 kung tun, daß er sie mit Wo
1992 2600 2671 2670 und den Vertretern des Publi¬
614 2638 1635 2705 hat er — ohne es zu ahnen — das eigene Glück
1644 2647 2671 2704 kunms verwischen sich ganz; „Wurstel“ sind alle:
2671 2651 3300 2709 erwidert, scheint ein wenig be
1637 2681 2668 2750 Marionetten, Dichter und Zuschauer.] Ja, die Puppen,
618 2696 1642 2750 verspielt. Um dieses Streiches willen steht er als
2668 2695 3300 2768 unverdorbene Jugend wirkl
1635 2714 2656 2785 die nach dem Willen eines Dichters handeln, führen
597 2747 1644 2812 alter Mann, als ein Schiffbrüchiger, als Heim¬
2669 2738 3295 2812 bitteren Erlebnis den herzlosen
1640 2757 2667 2825 sogar ein sinnigeres Leben als die Menschen, die ihre
605 2788 1649 2844 und Heimatloser neben seinem Schützling, der in
2669 2798 3305 2884 so verächtlichen Lehrmeisters s#
1647 2808 2661 2864 Rollen, abhängig von Meister Tod, selten gleich harmo¬
1639 2835 2673 2889 nisch zu Ende führen können, die gar oft mitten in
608 2836 1645 2905 behaglichem Frieden ein Glück genießt, das eigent¬
2661 2850 2869 2922 beugen?
1644 2872 2671 2945 den besten Szenen plötzlich abbrechen müssen. Es ist
611 2888 1638 2955 lich ihm bestimmt war. Zu stolz, seinen Vorwitz
2726 2872 3275 2964 Diesem immerhin lustigen
1642 2917 2665 2978 schade, daß man uns nicht an Stelle des Einakters von
611 2943 1648 2993 von einst zu berenen, redet er sich auch angesichts
2668 2927 3301 3021 Stück folgte als drittes Octave
1635 2965 2659 3019 Mirbeau den „Tapferen Cassian“ geboten hat. Trotz
603 2988 1640 3044 dieses Bildes ein, nichts zu entbehren und sein
1640 2989 2660 3055 des marionettenhaften Schlusses ist ihm wegen der
2662 2997 3291 3059 „Die Brieftasche" Er i
1640 3040 2654 3090 sicheren Betonung der Grundidee und wegen des kräf¬
598 3031 1635 3088 Schicksal doch nur zu seinem Besten „gelenkt“
2655 3029 3298 3111 üblen Grundgedankens ziemlich
1645 3076 2662 3137 tigen Ganges der Handlung eine höhere Bühnenwirkung
611 3093 1641 3150 zu haben. Seine „Puppen“ lassen ihm mitleidig
2659 3098 3298 3152 Mirbeau erwies sich nur einm
1643 3111 2660 3179 zuguerkennen als dem prächtigen „Puppenspieler“, der
2653 3142 3299 3211 in seinem furchtbaren, von sah
614 3147 2659 3217 dieses Einzige, das ihm bleibt, diesen armseligen zarter, vornehmer, verhaltener, gewissermaßen nur an¬
2754 3193 2869 3237 Füllte
613 3190 3306 3267 Trost, ein tiefblickender Meister seines deutungsweise das Thema des ganzen Zyklus anschlägt. überfullten, in Österreich verbog
683 3289 1333 3461 be 1.6#
917 3448 1446 3565 10100
