3392 4352
1589 216 2060 314 box 22/5
230 191 1451 321 17.1. Der Punbensnieler
2749 1062 3311 1153 sein Charespeate=Haus, desi
374 1064 1566 1165 Philemon und Baucis waren arm und der höchsten Ehren
1632 1075 3301 1198 Lollius hätte den Scherz noch lange fortgesetzt, wäre der Kunst geheiligten Gedä
375 1148 2420 1207 würdig. Die Götter weigerten sich nicht, an ihrem be= er nicht von Gallio unterbrochen worden.
2742 1171 3312 1260 der Wallfahrer einen neuen
372 1245 1558 1309 Merlet, der Schneeweiße, saß da — dort Habicht, der junge
1644 1255 2739 1333 Georg: Ich weiß es ja. Wie oft hab' ich dich
2826 1276 3295 1341 Eduard: Wie? Ist
363 1283 1233 1352 Schauspieler mit den glühenden Augen
1303 1299 1548 1361 dort jene
1569 1299 2725 1384 seufzen gehört, daß du zum Glück nicht geschaffen, daß du
2837 1321 3300 1413 Georg: Das Ganze
383 1337 1546 1400 Geigenspielerin, die noch im selben Jahre starb. Und deine
1560 1355 2724 1427 bestimmt seist, deine Jugend einsam und ungeliebt zu ver¬
2731 1365 3165 1444 ich ausgedacht hatte.
367 1380 1547 1439 Geliebte von damals war ganz in Weiß gekleidet, hatte
1558 1399 2733 1476 bringen, weil du ein so verschüchterter und ängstlicher
2819 1410 3311 1494 Ehuard (in verstellter
377 1428 1548 1504 dunkelrothe Rosen im Haar — und später, als außer uns
1556 1439 1864 1515 Bursch' warst.
2827 1466 3301 1535 Georg: Ja. Es wa
368 1488 1548 1548 gar keine Leute mehr im Garten waren, lag sie zu deinen
1643 1481 2728 1570 Eduard: Nun ja, meine Jugend war freilich recht
2735 1485 3292 1583 Kleine, die so zärtlich mit
369 1524 1545 1605 Füßen, den Kopf an dein Knie gelehnt. Sie hieß Irene.
1561 1546 2166 1612 armselig in mancher Hinsicht.
2742 1559 3297 1627 wollte. Ihr war't die Pupp
469 1578 1554 1648 Georg: Ja. Sie hieß Irene. — Uebrigens erinnere
1654 1570 2727 1674 Georg: Bis zu jenem Frühlingsabend, da man
2734 1606 3306 1683 die Drähte. Es war ahgem
368 1606 1547 1697 ich mich sehr wohl, daß du dich an jenem Abend auch nicht
1557 1636 2505 1703 dir zum erstenmale glühende Worte zuflüsterte.
2730 1648 3302 1726 liebt stellen sollte. Denn di
368 1668 887 1742 eben zu beklagen hattest.
1653 1678 2731 1778 Eduard (mit listigen Augen): Daß du dich daran
2738 1701 3305 1774 Eduard. Ich wollte in dir
478 1718 1543 1789 Eduard: O nein, durchaus nicht. Hab' ich's denn
1551 1714 1886 1797 noch erinnerst!
2741 1753 3296 1820 wecken, damit dich das wah
365 1750 1339 1843 gethan? Ich hatte mich keineswegs zu beklagen.
1654 1781 2701 1859 Georg: Es hat seinen Grund, Eduard. Und ich
2741 1795 3300 1883 einmal erschiene. Und so hag
471 1816 1538 1885 Georg: Hast du sie wiedergesehen? Ich meine, ob
1545 1815 1679 1883 halte
1678 1830 2725 1887 es für sehr wahrscheinlich, daß uns das Schicksal
2735 1843 3302 1920 Art wol gegeben sein mag
360 1854 1541 1935 du sie nach jenem Abend überhaupt noch einmal wieder¬
1546 1872 2722 1959 nur deßhalv noch einmal zusammengeführt hat, damit du
2724 1893 3311 1962 wirkt, als ich wollte. Ich
373 1904 665 1984 gesehen hast?
1557 1916 2016 1993 die Wahrheit erfährst.
2728 1939 3297 2019 Menschen gemacht. Wahrhaf
468 1932 1305 2010 Eduard (als verstünde er nicht): Irene?
1647 1974 2728 2067 Eduard (wie oben): Was willst du mir sagen,
2733 1989 3283 2060 gnügen, mit Lebendigen zu
461 1998 1543 2064 Georg: Nein, nein, die Andere. Die an deiner Seite
1552 1993 1729 2080 Georg?
2738 2044 3308 2108 poetischen Tanze herumwirbe
368 2052 1543 2122 saß; die Blonde mit dem Kindergesicht. Hast du die nicht
1647 2041 2722 2142 Georg: Ich vermuthe, daß dieser Abend bedeutungs¬
2836 2089 3302 2157 Eduard: Höre, Geo
366 2096 692 2162 wiedergesehen?
1555 2107 2734 2188 voller für dich war, als du ahnst. Ich glaube, daß du an
2723 2118 2851 2200 finde
2844 2130 3292 2213 ich, du höttest mir da
466 2125 1541 2213 Eduard: Diese Blonde? Nein. Ich hatte doch
1553 2155 2724 2229 diesem Abend den Lebensmuth in dich getrunken hast, von
2829 2171 3252 2249 Georg: Warum?
360 2187 1543 2246 meinen Contract in der Tasche, für Boston. Nach ein paar
1550 2205 2718 2281 dem du auch heute noch erfüllt bist. Denn damals, gesteh'
2820 2227 3304 2302 Eduard: Denke nur
364 2227 1535 2311 Wochen mußt' ich jedenfalls fort. Das hatt' ich ja unter¬
1539 2259 2723 2329 es, hast du zum erstenmale empfunden, daß auch du im
2728 2259 3295 2343 eingebildet; es wäre doch ei
360 2287 1548 2369 schrieben. Was sollte mir da irgend eine Blonde mit einem
1550 2299 2557 2381 Stande bist, Glück zu geben, Glück zu empfangen.
2815 2320 3247 2395 Georg: Warum?
354 2330 675 2399 Kindergesicht?
1644 2350 2421 2420 Eduard: Da hast du nicht Unrecht.
2809 2364 3297 2436 Eduard (am Fenster):
456 2375 1237 2447 Georg: Es war ein schönes Wesen.
1635 2378 2724 2465 Georg: Wäre jene Stunde nicht gewesen, du wärst
2725 2390 3292 2493 Ah, wie wird sie sich freuen
464 2424 1539 2503 Eduard: O ja, schön war sie wol. Eine Freundin
1542 2447 2720 2499 wol dein Lebtag der verschüchterte, ängstliche Bursch ge¬
2822 2465 3297 2536 Georg: Nun, ich wi
358 2482 1200 2530 von Irene, wenn ich mich recht entsinne.
1547 2492 2710 2568 blieben, als den ich dich kannte. Vielleicht hättest du nicht
2723 2494 3292 2579 nicht vorbereitet war. Du ##
469 2525 1548 2604 Georg: Ja, ich denke, daß sie befreundet waren,
1552 2538 2635 2609 einmal den Muth gefunden, um ein Weib zu werben.
2730 2558 3280 2627 ihr wegen meiner Toilette z
366 2565 1549 2653 soweit Frauen das eben sein können. (Sieht vor sich hin.
1631 2585 2623 2660 Eduard (wie überzeugt): Du hast Recht, Georg.
2824 2610 3293 2673 Eduard: Aber keine
366 2615 827 2689 Dann:) Eduard.
1628 2637 2721 2704 Georg: Und wie kam dies Alles? Wodurch ward
2726 2657 3300 2722 Frau gewiß willkommen sein
458 2661 861 2725 Eduard: Nun?
1547 2654 2718 2743 diese außerordentliche Veränderung deines Wesens hervor¬
2720 2707 3280 2763 Anna (kaum 30 Jahre, sehr hüb
453 2698 1536 2787 Georg: Es war wol der erste berauschte, sozusagen
1549 2734 2719 2781 gerufen? Indem du glaubtest, das schöne Mädchen, das
2864 2750 3300 2809 kleidet, und der achtjähr
353 2751 1127 2811 glühende Abend, den du erlebt hast?
1546 2772 2722 2861 dich damals doch zum erstenmale sah, hätte sich auf den
2812 2780 3295 2855 Eduard: Nun end
460 2813 1535 2881 Eduard: Es war ein seltsamer Abend, ganz gewiß.
1538 2822 2154 2887 ersten Blick in dich verliebt.
2720 2803 3300 2912 Anna, wen ich dir da mitge
449 2854 1537 2941 Georg: Es waren wol auch die ersten zärtlichen
1645 2860 2465 2941 Eduard: Ich hatte doch alle Ursache.
2822 2891 3290 2955 Georg (verbeugt sich).
361 2867 1358 2963 Worte, die du zu hören bekamst an jenem Abend?
1645 2912 2718 3007 Georg: Du hattest Ursache, es zu glauben; aber
2818 2931 3304 3002 Anna (sieht ihn, erkenut
448 2955 1060 3028 Eduard: Du glaubst —?
1501 2937 1963 3047 du hast dich geirrt.
2712 2974 3246 3064 herzlich): Sie leben alsol
