3484 4320
1604 200 2054 297 box 22/6
288 206 1487 316 17.1. Der Punnenspieler
1206 521 2147 666 #Dr. Max Goldschmie
1429 628 2093 725 ##### Burcau für & # #
1508 698 2012 778 Zeitungsausschnitte
1248 754 2277 855 verbunden mit direktem Nachrichtendienst durch
1490 811 2012 886 eigene Korrespondenten.
1255 862 1650 942 Berlin N. 24.
1775 900 2163 979 Telephon: III, 3051.
1487 983 1982 1089 Ausschnitt aus
1372 1224 2022 1332 Weser-Zeitung, Bremen
1680 1364 1763 1446 4.
1673 1387 2011 1493 061. 1803
1169 1526 2251 1641 nAst
1184 1619 2167 1702 Mehr Glück hatte das „Deutsche Theater“ mit einem
1106 1662 2171 1758 Einakter von Arthur Schnitzler. Wie in seinen!
1108 1731 2166 1808 „Lebendigen Stunden“, so läßt uns der Wiener Dichter
1119 1782 2171 1831 auch in seiner Studie „Der Puppenspieler“ mit Hilfe
1122 1834 2163 1890 eines psychologischen Röntgenstrahlenapparates, möchte
1118 1870 2158 1927 man sagen, in die innersten Geheimnisse eines Menschen¬
1121 1922 2168 1978 herzens blicken. Georg Merklin, der einst so viel zu
1123 1952 2166 2027 versprechen schien, ist im Leben tatsächlich völlig ge¬
1117 2010 2161 2080 scheitert, weil es ihm nicht nur an aller Genialität,
1131 2055 2162 2115 sondern auch an aller Tüchtigkeit fehlte. Um
1120 2087 1499 2154 sich aufrecht zu
1542 2094 1726 2157 erhalten,
1928 2094 2053 2152 er
1764 2094 1929 2148 erfindet
2066 2099 2164 2155 sich
1117 2125 1523 2197 eine „Lebenslüge",
1544 2142 2170 2202 spielt er Komödie von sich
1124 2175 2158 2238 selbst. Er redet sich ein, trotz aller Misère immer
1127 2224 2165 2284 noch der wahre König zu sein, der „Puppenspieler“, der
1122 2273 2159 2320 alle anderen an den Drähten seines Willens tanzen lasse.
1126 2313 2166 2362 Nun muß er aber in einem Gespräch plötzlich erfahren,
1114 2356 2156 2410 daß er selber an einem entscheidenden Wendepunkt seines
1113 2396 2162 2455 Lebens nichts anderes war, als die Puppe eines kleinen
1114 2450 2157 2499 Mädchens, das ihn durchschaute und ihn rechtzeitig
1127 2489 2161 2552 fallen ließ. In diesem kurzen Moment — und das ist
1117 2531 2114 2581 das Reizvolle und Künstlerische an dem Einakter —
1124 2563 2170 2643 sehen wir, wie auf Zauberschlag sein wahres Inneres
1109 2625 2153 2681 ehne Maske und Schleier sich enthüllen. Aber eine
1124 2666 2155 2725 Sekunde nur — dann nimmt der „Puppenspieler“ seine
1118 2702 2167 2763 Rolle wieder auf, spielt den Überlegenen, den Alleskönner,
1122 2753 2171 2801 und Allesbeherrscher und verbirgt seine schmerzliche Tragik
1125 2798 2160 2851 hinter der lächelnden Miene des Weisen. Bassermann
1123 2843 2158 2910 als „Puppenspieler“ machte aus diesem Virtuosenstückleih
1118 2888 2149 2934 durch die mitdichtende Kraft seiner glänzenden Dau¬
1126 2930 2139 2988 stellung fast ein ergreifendes menschliches Charakterbild
1189 2972 2156 3041 Etwas von dem weltmännisch feinen Geiste
1126 3006 2154 3066 Schnitzlexs—lebt auch in dem Einakter Sphinx“ seiner
1115 3045 2159 3117 Wiener Landsmännin Marie Eugenie delle Grazie, den
1120 3100 2157 3154 das „Residenztheater“ als lever de rideau seinem
1117 3156 2151 3204 neuesten Pariser Schwank vorausschickt. Zu spät, als
1113 3186 2163 3250 schon die Hochzeitskarosse der heimlich Geliebten vorge¬
1113 3236 2159 3282 fahren ist, wird sich ein gefühlserstarrter Stubengelehrter
1118 3283 2157 3330 darüber klar, wohin ihn eigentlich die Stimme seines
1399 3319 2159 3385 Taub und dumpf geworden in seiner
1107 3321 1393 3380 Herzens zog.
1106 3365 2157 3423 Einsamkeit, hat er ihren Ruf nicht einmal
1119 3405 2159 3464 recht gehört, geschweige denn verstanden. Die Nichte
1121 3464 2164 3512 war es, die er liebte, um die Tante hat er angehalten!
1114 3500 2160 3571 Ihm graut vor der Zukunft, er entflieht nach Agypten,
1108 3538 2153 3591 dem Paradies seiner gelehrten Forschungen: dort allein
1108 3580 2163 3646 gehört hin, wer so sein Herz verkennen und sein Glück
1108 3629 2167 3692 verscherzen konnte. Ein Hauch weicher Tragik geht
1122 3677 2171 3721 von der Szene aus, wo der alternde Gelehrte sich über
1123 3715 2174 3779 sich und über sein Schicksal selbst klar wird — das
1123 3765 2166 3833 allein schon hebt die Studie der österreichischen Dichterin
1114 3806 2172 3890 über den Durchschnitt unserer dramatischen Unter¬
1102 3844 1581 3925 haltungsliteratur empor.
