3436 4320
1566 203 2038 312 box 22/6
263 203 1477 313 17.1. Der Punnenspieler
343 1212 549 1296 —
329 1278 3358 1359 schen Syndikatsgesetzes vom Tage an verlustig gehen] Wind, unter einer grauen Wolkendecke, welche den schönsten mouth erwartet wurde, aber doch
327 1329 3348 1405 werden, wo der Senat das von der Kammer bereits an= Himmel der Welt verhüllt und jenes perl= und gold= arger Friedensstörer gegenüber.
320 1373 3345 1457 genommene Gesetz über die Arbeiterpensionen votieren wird 3 schimmernde Licht, das ein Jahrhundert lang das Auge patriarchalischen Zuständen, wie
338 1485 2678 1563 nachträglich wurde sie mit einer Art Untertitel belehnt. ein, der Westen mit seinem Luxus, seiner feineren Lebens¬
2667 1497 3353 1577 Grunde geht? Bei Hauptmann
326 1522 2673 1599 Auf dem Theaterzettel liest man über dem Personen= kunst, seinen durchgeistigten Genüssen. Die Schlachzizen
2674 1537 3349 1617 dem er seine Schuld gestanden. „
331 1578 1511 1645 verzeichnis das geheimnisvolle Wort „Nocturnus“,
1502 1582 2678 1660 tragen Pelz und Zobelmütze, sind Menschen, welche der
2673 1588 2890 1660 geruht?“
2865 1599 3359 1668 fragt Starschenski, un
325 1612 1505 1691 und wer es liest, den schaudert doch ein wenig. Ein
1509 1630 2677 1699 Natur noch ziemlich nahe stehen, Menschen mit unge¬
2671 1633 3357 1711 „unverhohlenem Triumph“ ant
335 1662 1504 1743 nächtiges Spiel erwartet ihn somit, ein Nachtstück, dunkle
1502 1682 2670 1753 schminkten Gefühlen und ungebändigten Leidenschaften,
2675 1686 3346 1762 Dritte: „Ich habe gelebt.“ Er v
329 1718 1509 1787 Schatten wird er sehen, unbefriedete Seelen, böse Geister,
1503 1733 2671 1793 und zwischendurch schlängelt sich diese schon etwas raffi¬
2664 1740 3346 1797 besondere Nötigung, er ist ein w#
330 1758 1505 1833 böse Tiere lupus nocturnus obambulat, böse Träume
1505 1779 2674 1847 nierte Elga, der Pariser Mode huldigend und nach allem
2667 1786 3361 1856 Strick wohlverdiente. Dagegen wir
322 1793 1509 1881 vielleicht. Das letztere trifft zu. Hauptmann hat die Hand¬
1501 1831 2674 1891 greifend, was da blinkt und funkelt. Ihr gehört die ganze
2673 1828 3358 1902 begnadigt. Der alte Griuparzere#
319 1862 1506 1931 lung in den umflorten Rahmen eines dramatischen Traum¬
1505 1876 2673 1952 Liebe des Dichters. Eigentlich ist auch sie noch ein halbes
2671 1878 3289 1948 ungleich kühnere Dichter, er
319 1904 1510 1976 bildes gefaßt. Grillparzer läßt den Grafen Starschenski
1496 1917 2665 1985 Naturkind, eine schöne Bestie mit schwarzem Haar und
2670 1925 3367 2002 tiefsten Abgrund der Schlechtigte#
321 1953 1508 2022 einfach seine Geschichte erzählen, bei Hauptmann wird sie
1497 1957 2670 2042 blauen Augen, doch schon bezieht sie aus Paris mit ihren
2673 1967 3344 2040 Medea aus ihr, schildert sie als
330 2001 1506 2078 von einem Ritter, der in dem Kloster von Sendomir
1501 2011 2677 2078 Toiletten auch ihre Sehnsüchte. Sie spricht manchmal, als
2666 2022 3367 2094 wäre, ihr Kind zu töten, das K
324 2050 1500 2114 nächtigt, geträumt. Also geträumt von einem Menschen,
1497 2061 2676 2119 ob sie, ein leibhaftiger Anachronismus, Zola und Maeter¬
2666 2073 3360 2132 das eigene Leben zu retten. Dor##
334 2099 1502 2159 der sie gar nicht kennt, den sie gar nichts angeht, der in
1496 2098 2676 2186 linck gelesen hätte; sie kennt sich nach allen Richtungen
2661 2119 3347 2184 Dichter nicht mitzugehen. Die kü
332 2133 1504 2209 der ersten Szene hereingeschneit wird, um sich in der
1504 2135 2669 2229 aus, wie ja auch ihr Meister und Herr von jeher ein
2665 2155 3343 2227 durch ein kräftig Wörtlein. Nach
330 2183 1506 2266 letzten als etwas durchaus Ueberflüssiges zu empfehlen.
1497 2196 2661 2273 Dichter war, der sich nicht im Naturalismus einkapselte,
2667 2207 3349 2279 Starschenski Töne der Versöhnun
327 2229 1510 2306 Nie zuvor ist diese dramatische Form so widersinnig ge¬
1511 2250 2672 2327 sondern mit flinkem Tanzbein zwischen den verschiedensten
2663 2252 3318 2328 ihn zurück. „Ich speie dich an,“
328 2279 1511 2343 braucht worden. Im Leben, in der Wirklichkeit hat der
1505 2298 2666 2373 Gattungen zu chassieren verstand. Das bleibt schließlich
2661 2299 3358 2386 fällt, und der Traum ist ausget
334 2342 1506 2396 Traum keiner Regel zu folgen, aber auf der Bühne, im
2662 2338 3340 2418 Ritter erwacht und reitet wieder
1502 2347 2630 2426 sein autes Recht. Wenn seine Elga auftritt, hat sich jus
337 2377 1510 2450 logisch erdachten Kunstwerk, versichtbart er selbstverständlich
1501 2382 2666 2473 ein Schmetterling auf ihre Brust niedergelassen, und dieser
2655 2387 3344 2468 kommen, als ein Ueberzähliger,
324 2432 1511 2491 das Seelenleben des Träumers, ist er immer die Ver¬
1497 2449 2677 2508 Schmetterling ist natürlich ein symbolisches Tierchen. Sie
2659 2444 3349 2526 Stückes auch nicht mit dem kleine
330 2473 1506 2534 bildlichung eines vergangenen oder vorderhand nur ge¬
1500 2483 2036 2555 fürchtet die Langweile -
2038 2501 2678 2554 — eine aristokratische Kultur¬
2731 2500 3337 2584 Ein wunderlicher Zwiespalt
321 2511 1496 2586 dachten, erhofften, befürchteten Schicksals und kann nichts
1500 2539 2665 2604 pflanze, welche dazumal kaum die ersten schüchternen Keime
2661 2534 3354 2620 der Dichtung und dem Stil der ##
328 2570 1500 2630 anderes sein. „Die Träume — sie erschaffen nicht die
1500 2580 2661 2658 trieb — und als ganz modernes literarisches Präparat
2654 2615 3347 2681 Die Dichtung ist ein verflogenes
325 2616 1509 2677 Wünsche, die vorhand'nen wecken sie; und was jetzt
1499 2625 2656 2706 enthüllt sie sich, indem sie nicht bloß das Leben bejaht,
2666 2648 3343 2724 man aber auf der Bühne voll
334 2660 1499 2742 verscheucht der Morgen, lag als Keim in dir verborgen.“
1498 2681 2662 2748 sondern auch mit dem Tode sehr gut zu stehen behauptet.
2651 2677 3344 2773 Realismus einzuhauchen sich bem
323 2705 1511 2789 So spricht der alte Massud i „Der Traum ein Leven“,
1493 2714 2448 2781 Von ihm will sie das Lachen gelernt haben.
2651 2739 3306 2823 der sich verteidigen läßt. Herr
325 2758 1512 2813 denn wir brauchen ja nicht weit zu suchen, um für die
1584 2763 2659 2839 Sie hat auch böse Träume, denn in dem Stück, das
2656 2797 3346 2866 trägt in der Kehle eine helle T
326 2807 1506 2880 besagte Form ein klassisches Vorbild zu finden. Jener
1498 2800 2659 2890 ein Traumbild ist, wird überdies sehr viel geträu t. Der
2656 2851 3311 2912 mit plastischer Deutlichkeit zu
338 2855 1499 2923 Ritter aber träumt aus einem ihm ganz fremden Vor¬
1493 2875 2661 2936 Traum im Traume. Es träumt die Frau, es trä nt der
2652 2880 3345 2958 oder weniger fehlen nur die D
328 2904 1504 2968 stellungskreise heraus, aus einer Seele, die ihm gar nicht
1499 2914 2660 2984 Mann. Dieser natürlich von seiner Frau, und er erzählt
2652 2936 3342 3003 Klangfarben, die Uebergänge, das
334 2943 1507 3021 gelürt, und was in der Hand des Künstlers ein Mittel
1495 2972 2664 3040 seinen Traum wie ein Ringelgedicht, mit Wortwieder¬
2654 2979 3347 3054 liche Mann mit der weittragende
320 2999 1492 3061 tiefster Menschenerforschung gewesen, wird hier zum gewöhn¬
1486 3014 2651 3080 holungen à la Heine. Es war Nacht, der Mond kalk¬
2654 3029 3347 3092 Leiblichkeit ist auch im Sobieski¬
333 3028 963 3114 lichen Theaterkniff erniedrigt.
1493 3053 2658 3128 bleich, und der kalkbleiche Mond schien über ein weites
2656 3055 3345 3142 was ihn nicht hindert, die Rolle
416 3092 1502 3163 Man fragt sich, wodurch Gerhart Hauptmann zu
1502 3110 2664 3186 gebirgiges Land, und in dem weiten gebirgigen Land
2649 3118 3331 3184 Ihren schwierigsten Teil, das
330 3131 1499 3214 dieser Beasbeitung sich bestimmen ließ. An dem Sioffe
1502 3162 2662 3221 waren die Täler mit Menschenschädeln gefüllt, und dar¬
2655 3164 3348 3235 das Schwanken zwischen Gewißhe
332 3195 1490 3256 reizte ihn zunächst wohl der malerische Kontrast, den er
1488 3206 2656 3279 über tanzte ein junges Weib, und das junge Weib war
2655 3219 3348 3293 woütende Eifersucht, die furchtbare
334 3239 1491 3304 dem Auge versprach. Der Schauplatz ist Polen in nach¬
1494 3249 2670 3321 nackt, und das nackte Weib war Elga. Der Traum tut
2660 3268 3342 3339 heit zuletzt, dies alles, was in
321 3272 1497 3355 jagellonischer Zeit, Polen, von König Sobieski regiert.
1493 3300 3343 3370 ihr aber unrecht. Wo sollen die vielen Menschenschädel Schauspieler erfordert bewältigt
339 3341 3334 3445 In dem noch halb wilden Lande dringt schon der Westen herkommen, da doch nur der einzige Oginski an ihr zu l Meisterschaft. Ein Rest bleibt glei
