3344 4224
108 272 841 365 2. Benerkungen
984 259 1451 348 box 35/2
819 1135 2376 1231 genossen überlegen zu fühlen — wenn er sich einbilden darf. dali
812 1199 2379 1266 #er dessen Schicksal für eine Weile in der Hand hält, oder daß er
811 1251 2377 1347 ihm wenigstens durch ein bißchen Spott und Verachtung für eine
822 1304 2393 1405 Stunde die Laune verderben kann: — darf man sich wundern, daß
820 1386 2385 1452 #er eine solche Gelegenheit nicht ungenützt verstreichen lassen
890 1468 2387 1571 Es wäre töricht, den Seelenzustand dieser Unglücklichen mit
824 1542 2388 1621 dem Worte Neid abzutun. Sie benützen einfach, ohne böse Ab¬
827 1603 2394 1696 sicht. automatisch gewissermaßen, den Anlaß — ach. er kommt so
830 1669 2386 1742 selten! = sich für ihr eigenes, in gewissem Sinn oft genug unge¬
829 1717 2402 1802 rechtes Schicksal, so gut es geht, eine Weile hindurch schadlos zu
826 1778 2408 1893 halten, indem sie ihre Erbitterung abzureagieren versuchen. Und
840 1847 2404 1929 da es in der Kunst. wie in allen menschlichen Dingen nichts absolut
839 1910 2401 1979 Vollendetes gibt, und jedes, auch das gelungene, das bedeutende.
839 1949 2405 2042 das große Werk der Kritik von irgend einem Treigewählten Stand
842 2011 2404 2106 aus genügend viel Angriffspunkte bietet, da ferner das Ver¬
840 2067 2409 2146 schweigen von Vorzügen als durchaus erlaubt. aber auch Entstel¬
834 2128 2402 2207 lungen, Leichtfertigkeiten. Bosheiten auf diesem Gebiete keines¬
849 2180 2424 2270 wegs als unanständig angesehen werden: — ja. da solche Leute in
836 2236 2421 2339 ihrem verdüsterten Gemüt sich auch gegen die guten Seiten eines
848 2301 2420 2404 gehaßtten Autors blind zu machen verstehen — dürfen sie vorsich
860 2356 2366 2456 und vor anderen auch weiterhin als ehrliche Kritiker gelten —
856 2417 2410 2518 auch wenn sie diesen Anspruch in einem höheren Sinn durchaus
866 2495 1274 2582 verwirkt hätten.
927 2572 2416 2680 Manchmal möchte man fast glauben, bedeutende historische
852 2658 2426 2736 Ereignisse erfolgten nur zu dem Zweck, um den Rezensenten
856 2699 2416 2783 immer wieder einen neuen falschen Maßstab für die Betrachtung
857 2765 2425 2840 von Kunstwerken an die Hand zu geben. Hatte man die Bedeutung
863 2838 2429 2906 Cer Werke durch eine Reihe von Jahren mit Vorliebe an der
866 2876 2434 2972 „großen Zeit“ gemessen — (ein Schlagwort, das nun vielfach von
868 2952 2421 3035 denselben Individuen verspottet wird, die es damals für ihre
869 2995 2430 3100 Zwecke mißbraucht und zu Tode gehetzt haben) —. so ist nun das
860 3055 2436 3143 Schlagwort von der „versunkenen Welt“ aufgekommen, für die
876 3112 2434 3212 sich in Wirklichkeit kein anständiger Mensch mehr zu interessie¬
867 3168 2440 3253 ren vermöge, und die daher künstlerischer Behandlung überhaupt
869 3260 1317 3334 nicht würdig sei.
960 3303 2432 3376 Waraber der Phrase von der „großen Zeit“ immerhin noch eine
874 3344 2442 3435 Spur von Vernunft zuzubilligen, zum mindesten, wenn man sie in
870 3406 2438 3490 quantitativer Hinsicht zu verstehen suchte, so ist die von der „ver¬
878 3455 2444 3552 sunkenen Welt“ — mag sie auch von manchen sonst gescheiten
876 3528 2444 3611 Menschen gedankenlos nachgeplappert werden —, so völlig sinn¬
872 3594 2473 3679 los und verrät eine so naive Auffassung vom Wesen politischer.
2934 2485 2982 2549 80
3071 1927 3122 2026 0
