3392 4224
125 320 854 420 2. Benerkungen
997 303 1461 396 box 35/2
1573 962 1746 1131 4
1495 1071 1535 1155 2
931 1123 2330 1218 Es ist eine Verschwörung, die nicht heute ausbrechen braucht
870 1193 2327 1259 und nicht morgen. Auch kann sie, gerade weil die materiellen
869 1235 2335 1314 Hintergründe wahrscheinlch eine so große Rolle spielen, durch
867 1282 2329 1348 eine energische Haltung des Volkes und der gesetzmäßtigen Auto¬
882 1343 2336 1413 ritäten, wenn sie vor dem Ausbruch an den Tag gelegt werden
883 1385 2347 1464 wird, vermutlich sogar Jetzt noch gesprengt werden. Denn wenn
875 1447 2338 1508 das Risiko groß wird. ist eine Majorsstellung in der Hand wahr¬
887 1478 2339 1558 scheinlich doch noch lockender als ein Oberstenpatent auf dem
876 1558 2339 1618 Dach. Aber niemand möge glauben, daß nach dem Ausbruch
881 1579 2337 1659 noch etwas getan werden kann! In dem Kampf zwischen hundert¬
890 1627 2344 1720 tausend Gewehren, Maschinengewehren und Tanks (nebst dem
888 1687 2341 1757 Sukkurs durch Trreguläre) mit dem Generalstreik, den man wie
879 1722 2344 1809 im Falle Kapp wieder anzuwenden versuchen wird, werden die
887 1771 2341 1864 Gewehre siegen, sofern man sie nur brutal anwendet! Im Falle
881 1823 2335 1907 Kapp ist das unterlassen worden, diesmal sind die Pläne sicher
883 1863 2351 1959 ausgearbeitet und unkompliziert drastisch. Auch das wird kein
892 1936 2343 1999 Sieg auf die Ewigkeit sein, aber es wird Jahrzehnte dauern. bis
897 1971 2340 2047 das Rad der Geschichte wieder rückwärts gerollt ist. Und der
892 2036 2345 2099 allmächtige Gott bewahre Deutschland und Europa vor dem
895 2070 2360 2151 Strom von Blut und Leid, der in diesen Jahrzehnten fließten
905 2144 1097 2214 würde!
1872 2274 2307 2358 BEMERKUNGEN
894 2286 1424 2373 ARTHUR SCHNITZLER
887 2364 1006 2438 FN
985 2360 2358 2462 Eine als Irrtum erkannte Meinung ohne falsche Scham auf¬
903 2426 2348 2507 zugeben, das ist vielleicht die wunderbarste Kraftersparnis, die
908 2477 2361 2574 unserem Geist gegönnt ist: und zugleich die, von der wir am
899 2547 1552 2638 seltensten Gebrauch machen.
993 2620 2364 2713 Was uns als Größenwahn erscheint, ist nicht immer eine
908 2674 2364 2749 Geisteskrankheit; — oft genug ist es nur die bequeme Maske eines
912 2741 1692 2822 Menchen, der an sich verzweifelt.
1001 2841 2362 2929 Das sind unangenehme Leute, die, statt dem Führer dankbar
914 2888 2368 2953 zu sein, der sie an einen schönen Aussichtspunkt geleitete, sich
910 2925 2376 3017 gebärden, als hätten sie diesen Punkt soeben erst selbt entdeckt,
923 2981 2371 3062 und ihrem Führer, wenn er nicht laut genug in ihre Begeisterung
911 3035 2207 3131 einstimmt, seinen Mangel an Naturempfindung vorwerfen.
1011 3124 2373 3211 Sich einer begangeren Torheit völlig bewußt werden, das
913 3185 2368 3270 hebt sie noch nicht auf, es kann unter Umständen sogar die größere
918 3257 1335 3337 Torheit bedeuten.
1011 3320 2383 3411 Nur Richtung ist Realität, das Ziel ist immer eine Fiktion, auch
930 3393 1951 3483 das erreichte — und das oft ganz besonders.
2264 3506 2393 3581 747
