3436 4224
2404 210 2917 284 Friedrich Kayßler,
1986 292 2696 381 Mensch sei ernst: das heißt wisse, daß
557 291 1022 393 Ausschnitt aus:
1102 269 1525 397 Viner Jeurnal, Vir¬
1988 348 2400 423 Du ein Bajazzo bist!
2436 372 2929 468 Max Pallenberg.
554 352 1039 473 vom: M0/119te
1824 428 2236 519 München, Juli 1915.
1931 524 2769 612 Auf einen gefallenen Dichter.
475 462 1742 658 Aus einer literarischon Kriegs¬
2020 599 2686 673 Er war der Sänger und der Held,
2019 637 2271 702 Er hat sich
2022 653 2433 733 Mit jedernder Klinge
944 658 1280 778 mappe.
2009 707 2429 783 Mit klingender Feder
2014 753 2434 812 Zum Kampf gestellt.
828 752 1762 828 Der Schutzverband deutscher Schriftsteller hat soeben
2018 773 2534 862 Nun schläft er und träumt:
716 811 1750 868 eine mit wertvollen künstlerischen Zeichnungen geschmückte
2025 833 2387 896 „Auf grüner Heid',
715 852 1761 907 faksimilierte Handschriftensammlung herausgegeben, zu der
2023 870 2362 929 Im weiten Feld
728 890 1752 958 gegen hundert deutsche Schriftsteller, Gelehrte und Politiker
2032 902 2403 975 Kein schön'rer Tod
721 932 1766 980 Beiträge geliefert haben. Das Erträgnis ist wohltätigen
2014 948 2422 1021 Ist auf der Welt
722 972 1746 1039 Zwecken gewidmet. Wir geben im folgenden einige Bei¬
2403 972 2954 1061 Felix Poppenberg.
717 1010 1004 1089 träge wieder:
1832 1036 2710 1139 z. Zt. Wiesbaden, Haus Dornblüth, Juni 1915.
602 1056 1691 1160 Wie kindisch=läppisch, wie utopistisch=unreif bist Du,
496 1105 1769 1193 philosophische Menschheit, gleich freudig auf einen Weltkrieg die
1842 1146 2991 1228 Gemeinsamkeit der Gesinnungen knüpft uns mit Bindsäden,
494 1150 1766 1238 Hoffnung zu gründen, es kämen dann radikale Aenderungen zum
499 1216 2990 1293 Besseren!?! Arbeitet lieber kleinlich=emsig-resigniert à la Ameise Gemeinsamkeit der Schicksale schnürt uns mit Stricken, Gemein¬
493 1266 3012 1335 und Biene an der Hygiene des Leibes, der Seele, des Geistes! samkeit der Verantwortungen schmiedet uns mit Ketten an¬
490 1304 1750 1366 Werdet nüchtern, keusch=ernst und sparsam, voraussichtlich in
1751 1320 1941 1399 einander.
2359 1344 2953 1413 Arthur Schnitzler.
503 1354 1748 1447 jeglicher Art Eurer Lebensausgaben und =einnahmen! Erwartet
499 1405 1753 1481 nicht als Folge von Dum=Dum=Geschossen und gelbgrünem
491 1446 1726 1532 Verrat da und dort plötzlich tagende buddistische Lebensreinheit!
1839 1439 3006 1524 Nichts Geschenktes und nichts Ererbtes, nur Erarbeitetes
619 1492 1754 1576 Bettler, und das ist die heutige Menschheit, haben be¬
1752 1500 1989 1587 macht froh!
492 1542 1765 1642 scheiden zu sein und genügsam! Wenig erwarten und viel
1846 1545 2472 1651 Zehlendorf, im Sommer 1915.
507 1608 723 1690 leisten !,
2469 1597 2958 1696 Klara Viebig.
1162 1628 1725 1722 Peter Altenberg.
1967 1703 2670 1807 „Denn die Gesinnung, die beständige“
891 1722 1405 1810 Glanzvoller Tag.
1964 1755 2758 1847 „Sie macht allein den Menschen dauerhaft.“
826 1781 1447 1860 Ballade von Richard Dehmel.
2537 1804 2722 1876 (Goethe.)
681 1823 1421 1894 Steig auf, wieder auf. glanzvoller Tag!
1843 1835 2382 1932 Grunewald, 17. Juli 1915.
692 1886 1432 1956 Granatendonnertanz. Schlag auf Schlag.
2564 1873 2963 1951 Dr. Dernburg,
743 1921 1291 1995 Und Lerchenjubel im Blauen.
2572 1939 2962 2004 Staatssekretär a. D.
676 1964 1367 2034 Auf, auf, hinreißendes Menschenwort.
685 2008 1463 2087 Alles an die Gewehre! Hallt's heiser fort.
1845 2021 2274 2111 Der Wahn ist lang.
742 2054 1299 2127 Und Lerchenjubel im Blauen.
2529 2054 2968 2151 Alfred Kerr.
683 2097 1489 2177 Fertig! Feuer! Und Salve auf Saloe kracht.
679 2161 1389 2217 Und halblaute Flüche. Und einer lacht.
2134 2160 2611 2247 An Deutschland.
736 2194 1300 2262 Und Lerchenjubel im Blauen.
1920 2206 2739 2290 Von allen Völkern weißt du, daß das Leben
689 2219 1611 2293 Sprung! Vorwärts marsch! Heraus aus dem Bau.
1926 2254 2829 2333 Nicht Gut und Glück, nie Glück und Güter sind:
687 2289 1589 2345 Durch! Durch! knirscht's, knattert im Drahtverhau.
1926 2305 2689 2368 Durch seine Gnade hat dir Gott gegeben,
751 2323 1298 2396 Und Lerchenjubel im Blauen.
1936 2339 2752 2403 Daß du durch Arbeit wirst zu seinem Kind.
692 2349 1628 2455 Sprung! Auf! marsch, marsch! Auf. Blutgiergewühl!
1939 2378 2760 2443 So zogst du nicht für dich hinaus ins Feld:
1944 2392 2772 2483 Du schlägst die Schlachten für die ganze Welt
686 2435 1402 2492 Kannibalengebrüll. Stumpfeisengeschrill.
1939 2461 2736 2528 Und lehrst die Menschen, wie sie sich befrein,
748 2472 1305 2532 Und Leichenjubel im Blauen.
1938 2491 2608 2568 In dir erheben sich zu höherm Sein.
693 2494 1471 2574 Was stockt, fremde Kugel. dein Geigenton?
2629 2508 2999 2601 Paul Ernst.
701 2562 1413 2626 Hin stürzt einer Mutter einziger Sohn.
747 2600 1303 2670 Und Lerchenjubel im Blauen.
1856 2623 3028 2696 Ruhmvoller als die volkstümliche Ueberlieferung, daß die
694 2625 1665 2705 Hin stürzt noch mancher; Glut, Schutt. Qualm, Staub.
1754 2666 3011 2738 erste Kriegsmacht der Welt von ihren Feinden umkreist und über¬
688 2688 1634 2755 Nur durch, durch, vorwärts! sei blind, fühllos, taub.
748 2734 1301 2800 Und Lerchenjubel im Blauen.
1758 2720 3012 2798 fallen wurde, steht die Auffassung da, daß die Mehrheit des
1750 2769 3014 2854 Volkes seit seiner Erstarkung einen Krieg ersehnte, durch den ge¬
680 2768 1424 2833 Nur hurra, hurra! schweig. Wehgekreisch!
687 2815 1568 2893 Marsch, marsch, blankes Eisen ins Feindesfleisch!
1754 2802 3012 2876 steigerte Kraft und gesteigerter Lebensgenuß sich in politische
755 2868 1297 2929 Und Lerchenjubel im Blauen.
1748 2862 3009 2953 Macht umwandeln, die von andern Mächten nicht länger mehr
692 2909 1536 2979 Und Raubtiergeröchel aus wutheißem Schlund.
1762 2907 2826 2998 verächtlich übersehen, oder gar übergangen werden kann.
690 2955 1415 3029 Und Gnadegebettel aus Menschenmund.
2417 2947 3012 3053 Frank Wedekind.)
757 3000 1321 3062 Und Lerchenjubel im Blauen.
683 3028 1611 3115 Und Sieg, hurra. Sieg! tobt's emvor, bebt's nach
706 3094 1465 3160 Aus keuchender Brust. O glanzvoller Tag!
759 3128 1269 3203 O Lerchenjubel im Blauen.
643 3225 1782 3320 Große Taten reihen nur an große Forderungen. Und an
532 3286 1795 3366 ihnen entzündet sich wieder der Gedanke des Weisen, die Be¬
525 3323 1794 3403 geisterung des Künstlers. Wem das Menschheitsideal der Zukunft
518 3384 1794 3445 daher nicht eine Herde satter Spießbürger ist, der muß auch den
530 3443 860 3521 Krieg bejahen.
1333 3464 1759 3557 Lily Braun.
933 3559 1392 3646 Reiterliedchen.
839 3613 1405 3688 Wenn unsre Fähnlein flattern,
829 3651 1392 3727 Hoppehopp. in raschem Ritt —
842 3701 1408 3759 Wenn rings Gewehre knattern
834 3748 1369 3809 Und Mörser dröhnen mit —-
842 3778 1486 3853 Dann geht mein Herz im Sprunge
838 3818 1361 3875 Mit meinem Gaul zugleich;
832 3856 1424 3920 Sehnt sich nach Lanzenschwunge
835 3890 1408 3952 Und festem Stoß und Streich.
832 3932 1405 3998 Denn ist die Stunde kommen,
830 3975 1353 4034 Da fühl ich erst den Sinn,
832 4001 1365 4067 Daß ich ein Roß gewonnen
844 4042 1305 4096 Und Reiter worden bin.
840 4083 1372 4145 Was Stalldienst, Exerzieren,
839 4128 1474 4190 Und wie man uns gestaucht — —
818 4167 1260 4229 Das ew'ge Kujonieren
