3344 4224
121 320 492 413 2. Bene
486 315 853 417 rkungen
919 291 1465 387 box 35/2
868 1194 2245 1255 Manche flüchten sich in den Wahnsinn wie andere in den Tod;
839 1246 2080 1301 und beides kann sowohl Mut als Feigheit gewesen sein.
870 1360 2234 1437 Erinnerungsfälschung, das ist die ohnmächtige Rache, die unser
780 1424 2182 1489 Gedächtnis an der Unwiderruflichkeit alles Geschehens nimmt.
873 1544 2246 1604 Mancher pflegt den Abfall von einem Freund, einer Geliebten,
789 1603 2238 1662 einer übernommenen Pflicht mit dem Gebot der Treue gegenüber
782 1655 2233 1702 sich selbst zu entschuldigen — was oft genug nichts anderes be¬
775 1700 2243 1761 deutet als die bequemste und feigste Art der Selbsttäuschung.
775 1749 2243 1798 Denn, wie wenige kennen die Gesetze ihrer eigenen Entwicklung so
783 1793 2253 1847 genau, daß sie entscheiden könnten, ob sie mit solcher Treulosigkeit
772 1847 2237 1905 gegen einen Menschen oder eine Sache nicht zugleich die schlimmste
775 1894 1577 1963 gegen sich selbst begangen haben?
879 2008 2245 2071 Es gibt eine einzige Art von Enttäuschung, die zu erleben uns
783 2071 2242 2122 in jedem Falle erspart bleibt: Das ist die, die uns von der Nachwelt
778 2112 2244 2177 kommen könnte — wenn wir sie erlebten. Aber wer die Anlage
782 2184 2237 2242 dazu hat, ahnt auch die voraus — und so fehlt es nicht an Ver¬
789 2211 1458 2283 bitterten der Unsterblichkeit.
866 2310 2243 2382 Selbsterkenntnis ist fast niemals der erste Schritt zur Besse¬
784 2377 2041 2434 rung, aber oft genug der letzte zur Selbstbespiegelung.
864 2458 2226 2528 Für die meisten Menschen bedeutet eine Wohltat, die sie er¬
785 2533 2237 2585 fahren haben, nicht so sehr eine Gelegenheit, ihre Dankbarkeit,
779 2585 2243 2628 als vielmehr eine, ihre Unbestechlichkeit zu beweisen. Das kommt
777 2633 2251 2676 ihnen nicht nur seelisch beträchtlich billiger zu stehen, sondern
779 2679 2260 2722 erhöht überdies ihr Selbstgefühl manchmal so sehr, daßt sie sich
769 2721 1836 2794 bald über ihren Wohltäter erhaben dünken.
867 2820 2243 2894 Nichts tragen wir einem Menschen unversöhnlicher nach, als
790 2886 2238 2943 wenn er, ob auch absichtslos, uns in die Gelegenheit versetzte,
785 2934 2235 2993 gerade in unserer Beziehung zu ihm die üblen Seiten unserer Natur
788 2983 2241 3032 zu entwickeln — oder uns gar erst Anlaß gab, sie zu entdecken.
886 3081 2242 3142 Was soll mir ein Zeiger, der sich so rasend schnell drcht, daß
780 3133 2249 3193 er tausendmal in einem Tag die richtige Minute und doch niemals
780 3179 1400 3251 die richtige Stunde weist?
863 3279 2239 3338 Ob ein Mensch dich betrogen, bestohlen oder verleumdet habe
850 3350 2243 3397 es könnte immer noch die Möglichkeit einer Versöhnung, ja
787 3397 2272 3441 selbst eines späteren reinen Verhältnisses zwischen dir und ihm
782 3443 2035 3517 bestehen. Ja, wenn es sich praktich durchführen läßtt.
772 3570 899 3641 748
