3296 4224
110 301 858 413 2. Benerkungen
1001 283 1473 381 box 35/2
824 936 952 1020 396
911 1005 2539 1107 Wenn der haß feige ist, geht er maskiert in Gesellschaft und nennt sich Gerechtigkeit.
916 1168 2553 1252 Leute, die immer die Gescheiteren sein wollen, sind genötigt, an diese ununterbrochene
834 1224 2553 1314 Mühe so viel Intensität des Verstandes zu wenden, daß sie am Ende meistens die
841 1308 1349 1385 Dümmeren gewesen sind.
917 1395 2556 1464 Die jämmerlichsten Patrone sind immer die, deren Vornehmheit gerade so weit geht,
836 1465 2555 1553 daß sie ihnen noch keine Kosten verursacht und deren Mut ge##u#e so groß ist, daß ihnen
846 1530 1395 1625 noch nichts geschehen kann.
933 1606 2549 1701 hast du die innere Abgeschlossenheit errungen, in jedem Augenblick zum Tod bereit
852 1684 2560 1778 zu sein, dann bist du auch innerlich so reich geworden, daß du in der Ewigkeit keine
845 1760 1451 1847 leere Stunde zu fürchten hast.
939 1840 2566 1935 Schüttle ein Aphorisma, so fällt eine Lüge heraus und eine Banalität bleibt übrig.
1562 2089 1870 2207 Die Uhr.
1706 2187 2270 2268 Aus dem öden Trauerhaus
837 2197 1449 2291 Über mir dein Pendelschlag,
1788 2247 2169 2329 Ticktack, ticktack —
928 2271 1333 2352 Ticktack, ticktack —
1704 2296 2347 2375 Trug ich dann nur dich hinaus
854 2319 1435 2406 Wieder graut ein Lebenstag
1769 2370 2124 2442 Ticktack, ticktack —
919 2392 1304 2462 Ticktack, ticktack —
1708 2424 2299 2503 hattest lieben mich gelehrt,
860 2433 1589 2528 Schleppend, wie mit schwerem Kran,
1714 2469 2358 2566 Was ein Kind zumeist entbehrt:
854 2504 1426 2568 Reiht er seine Stunden an,
1716 2540 2055 2620 Dater, Mutter!
875 2560 1262 2658 Glücklos, freudlos.
1709 2627 2280 2719 Nächtens in der Stube leis
870 2651 1415 2738 Abendruf der Fröhlichkeit
1783 2702 2128 2774 Ticktack, ticktack —
865 2717 1313 2800 — Ticktack, ticktack —
1721 2751 2321 2837 Sangst du lichter Tage Preis
861 2768 1457 2849 Warst du meiner Unabenzeit
1749 2818 2117 2894 — Ticktack, ticktack
927 2838 1267 2909 Ticktack, ticktack —
1717 2871 2380 2948 Und den Kämpfer, leidvertraut,
857 2892 1450 2973 Lag ich horchend unter dir,
1721 2931 2328 3013 Grüßten mit dem Jugendlaut
865 2949 1544 3019 Wußt' ich jeden Schutz bei mir,
1721 2994 2083 3076 heimat, Frieden.
872 3013 1242 3094 Achtsam, ruhsam.
1338 3083 1939 3176 Uun, du müder Pendelschlag,
1347 3162 1760 3234 — Ticktack, ticktack —
1341 3205 2005 3293 harr' ich wach oft auf den Tag
1401 3276 1737 3350 Ticktack, ticktack
1346 3329 2080 3400 Schleppend, wie mit schwerem Kran,
1332 3396 1906 3467 Reiht er seine Stunden an,
1345 3451 1807 3533 Glücklos, freudlos!
2149 3467 2567 3577 Friedrich Beck.
918 4020 1552 4138 n
2003 4001 2766 4157 S
2808 4119 3036 4212 K
3145 3976 3195 4077 *
