3392 4224
144 269 875 376 2. Benerkungen
1022 246 1477 343 box 35/2
803 1078 2362 1190 sozialer, ethischer Entwicklung, kurz ein solches Miliverstehen der
795 1148 2368 1222 Geschichte (— als wäre jemals im Laufe weniger Jahre eine Weli
811 1207 2364 1302 versunken und — nebenbei als hätte der Dichter das Recht nicht.
802 1272 2358 1360 die Gestalten einer versunkenen, auch einer eben erst versunke¬
813 1323 2369 1417 nen Welt heraufzubeschwören —). daßt es nicht lange dauern wird
810 1391 2368 1477 bis zu dem Augenblick, da wieder dieselben Leute das neue
801 1438 2382 1538 Schlagwort als lächerlich verhöhnen werden, die heute noch ihre
816 1504 2393 1603 geistige Überlegenheit zum großen Teil davon zu bestreiten
822 1592 1026 1664 suchen.
893 1619 2379 1724 Aber wir dürfen ruhig sein: bis dahin wird diesen Wort¬
812 1673 2381 1784 schlägern schon wieder ein anderes, noch dümmeres eingelallen
818 1774 967 1832 seinl.
884 1832 2387 1943 Des Kritikers erste Frage mültte sein: Was hast du mir zu
818 1907 2389 1981 sagen. Werk — Aber das kümmert ihn im allgemeinen wenig.
822 1953 2397 2045 Seine erste Regung ist vielmehr: Nun. Werk. gib acht, was ich dir
828 2042 1214 2127 zu sagen habe!
821 2391 2036 2506 Kundry, die Frauengestalt
938 2494 1987 2641 in Wagners „Parsifal“.
957 2617 2008 2712 Von Dr. Curt Zimmermann, Bremen.
960 2705 2416 2813 In Wagners Bühnenweihfestspiel „Parsifal“ sind es zwei Welten,
841 2778 2420 2879 die sich einander gegenüberstehen, das Reich der Lust, verkörpert
839 2835 2417 2939 durch Klingsor, den Verführer, der den Gralskönig Amfortas zu Fall
850 2896 2408 3011 gebracht hat, — und das Reich der Frömmigkeit, die heilige Gralsburg.
848 2974 2421 3065 Es ist bekannt, das Wagner die Erlösung der Menschheit und der Welt
853 3019 2417 3113 durch die allgewaltige Macht der Liebe sich ermöglicht denkt. Diese
860 3068 2418 3186 beiden Begriffe Erlösung und Liebe sind sozusagen die Eckpfeiler
856 3151 2423 3237 seiner Dramen. Es ist die Erlösung notwendig, gerade so, wie auch
855 3206 2428 3296 in christlicher Auffassung unserer Theologie die Welt sündig ist und
853 3239 2427 3349 der Erlösung bedarf. Von jeher sind es die zwei Mächte, Geist und
866 3322 2429 3421 Fleisch, die miteinander um die Herrschaft ringen, oder sagen wir in
860 3368 2440 3471 philosophischer Form: das Apollinische, Göttlich-Geistige, mit dem
864 3459 1686 3532 Dienysischen, Sinnlich-Körperlichen.
980 3493 2441 3581 Nicht nur die Welt, auch der Mensch birgt diesen Gegensatz in
856 3552 2447 3650 seinem Innern, und er leidet an diesem ewigen Kampfe gerade so
