3484 4256
1370 175 1818 263 box 16/2
164 179 1218 294 10. Das Vernaechtnis
2159 796 2519 897 Telefon 12801.
787 877 1149 966 Teleion 12801.
1912 892 2792 980 Internehmen für Zeitungs-Ausschnitte.
2853 917 3077 984 Ausschnitt
489 962 1436 1037 Unternehmen für Zeitungs-Ausschnitte.
2783 967 3076 1080 Nr. 62
1987 974 2654 1086 „OBSERVER“
260 1013 464 1131 105
1322 1048 1531 1140 M
1608 1079 3076 1157 I. österr. behördl. concess. Bureau für Zeitungsberichte und Personalnachrichten
599 1043 1287 1158 „OBSERVER“
245 1133 1544 1225 I. österr. behördl. concess. Bureau für Zeitungsberichte und Personalne“
1916 1146 2778 1242 Wien, IX/ Türkenstrasse 17.
551 1209 1398 1305 Wien, IX/1 Türkenstrasse 17.
1855 1247 2825 1320 Filia's in Budapest: „Figyelö“, VIII. Josefsring 31 a.
471 1307 1477 1386 — Filiale in Budapest: „Figyelö“, VIII. Josefsring 31 a. —
1608 1370 2802 1482 Ausschnitt aus: Fankfürter Zöltung
236 1455 711 1545 Ausschnitt aus:
748 1443 1424 1549 # esshree I. Deemaeine Zeitung
1634 1475 2069 1610 vom 72. 95
249 1601 406 1665 vom
374 1703 1470 1773 00 Wien, 1. Dez. Das neue, kürzlich im Berliner
1852 1718 2753 1840 Kleines Feuilleton.
283 1773 1467 1826 Deutschen Theater zum erstenmal gegebene Schauspiel von
299 1810 1464 1874 Arthur Schnitzler „Das Vermächtniß“ hat nun auch
2179 1808 2769 1890 Fraltfurt a. M., 2. December.
283 1860 1476 1913 im Burgtheater seinen Einzug gehalten. Dank einer geradezu
1808 1855 2857 1931 = [Wiener Burgtheater.] Man schreibt uns aus Wien
292 1909 1469 1960 glänzenden Aufführung war die Aufnahme des in seinen
1741 1918 2851 1968 v. 1. ds.: Das „Vermächtniß“ von Arthur Schnitzler,
297 1946 1464 2011 Voraussetzungen, wie in der Lösung anfechtbaren, doch durch¬
1753 1961 2861 2014 das gestern zum ersten Mal im Burgtheater aufgeführt
288 1995 1469 2043 weg ehrlich empfundenen und durch meisterhafte Charaktere
1757 1998 2858 2052 wurde, fand nach allen drei Akten starken und einmüthigen Beifall,
289 2029 1459 2089 belebten Stückes außerordentlich warm. Nicht nur die
1751 2047 2860 2087 viel mehr als bei der neulichen Première in Berlin, wie ich mir
1756 2073 2847 2124 sagen ließ. Besonders die oberen Ränge fanden Veranlassung,
283 2087 1477 2137 Triarier (Hartmann, Devrient und Frau Hohenfels), sondern
1745 2116 2853 2153 mit demonstrativem Beifall die Szene zu unterbrechen, während
294 2118 1466 2169 auch die Tironen, die HH. Paulsen und Treßler, thaten
1751 2152 2867 2199 man unten diesen „Gewagtheiten“ gegenüber sich etwas reservirter
296 2159 1459 2221 sich mit bester Kraft und vollem Erfolg hervor. Nächstens
1758 2190 2862 2244 verhielt. Den Inhalt des Stückes darf ich ja als bekannt voraus¬
290 2211 592 2283 eingehenderes.
1762 2227 2857 2282 setzen. Wie bei allen Dramen, die auf einem „Fall“ (und hier
1749 2272 2865 2322 noch dazu auf einem Unglücksfall) aufgebaut sind, tritt die
1757 2308 2855 2351 Charakteristik der Personen, an denen er experimentell gezeigt wird,
1759 2344 2860 2395 erst in zweiter Linie. Nicht etwa aus einem Unvermögen des
1760 2381 2856 2441 Autors heraus der Professor Losatti des Stückes plaidirt laut
1759 2425 2856 2491 genug gegen eine solche Annahme — sondern weil die Charaktere
1759 2470 2849 2515 erst in zweite Linie gesehen und empfunden sind. Zunächst sind
1762 2500 2853 2558 sie „Figuren“ und walten eines gewissen Verfechteramtes, diese
1758 2532 2861 2596 für, jene gegen den Fall. Erst darüber hinaus, gleichsam über der
1758 2577 2861 2626 Atmosphare der Handlung können sie individualisirt werden.
1765 2621 2865 2667 Und es ist für feinere Augen ein stilles und abseitsliegendes Schau¬
1756 2663 2863 2701 spiel, den Kampf des Dichters gegen seinen Stoff zu beobachten.
1759 2705 2860 2749 Es ist, als ob ihn Anderes lockte, wo er Ruhe fände und das Ver¬
1759 2740 2866 2794 trauen, das ein sicherer Besitz verleiht. Das „Vermächtniß" mit
1761 2767 2864 2830 seiner etwas gesuchten Handlungsführung ist auch im intimen
1757 2821 2862 2872 Sinn das Stück eines Suchenden. Was die Aufführung betrifft,
1764 2854 2860 2902 so war der Professor Losatti des Herrn Hartmann eine Meister¬
2907 2890 3088 2949 inclusive
1690 2886 2866 2962 Far leistung; ausgezeichnet war Frau Hohenfels im dritten Akt.
635 2886 1334 2972 Bezugs-Bedingungen.
2921 2938 3063 2973 Porto.
1705 2936 2775 2996 „ Dagegen wurde das Tempo allenthalben allzusehr verschleppt.
2913 2961 3081 3007 Zahlbar
1285 2944 1480 3026 fl. 7.50
257 2959 1219 3036 Für 50 Zeitungsausschnitte (Artikel oder Notizen)
2698 2954 3096 3051 N 00.— im Voraus
1517 2966 1582 3040 in
1342 3001 1467 3062 14.—
1766 3002 1881 3061 500
365 3013 454 3063 100
2707 3026 2893 3089 „ 100.—
1346 3036 1468 3088 25.—
357 3056 457 3101 200
1703 3051 1888 3115 " 1000
1343 3072 1469 3130 55.—
1493 3078 1576 3131 im
1801 3051 3131 3138 Im Gegensatze zu anderen Bureaux für Zeitungsausschnitte ist das
352 3093 459 3140 500
3045 3105 3144 3169 den
2749 3105 3040 3165 — auch steht es
1305 3115 1459 3178 „ 100.—
1688 3124 2722 3183 Abonnement durch keine bestimmte Zeitdauer begrenzt;
333 3133 469 3200 1000
1702 3152 3034 3212 Abonnenten frei die aufgegebenen Themen zu ergänzen odler zu ändern.
400 3159 1569 3221 Im Gegensatze zu anderen Bureaux für Zeitungsausschnitte
1372 3203 1581 3259 auch steh
1318 3208 1366 3252 —
279 3209 1323 3277 Abonnement durch keine bestimmte Zeitdauer begrenzt;
274 3255 1580 3321 Abonnenten frei die aufgegebenen Themen zu ergänzen oder zu ände
