3484 4480
227 266 1300 386 10. Das Vernaechtnis
1407 272 1892 377 box 16/3
668 1117 3408 1247 Kchen sic, von Cofans zuina. Der Pro=] das kleinbürgerliche Publikum dieser Bühne war nicht so unrein, wie ich es von diesem Künstler noch nich
512 1153 1540 1248 fessor vermag das jedoch zu ertragen — er drapirt sich mit
1534 1187 3401 1284 enthusiastisch wie sonst bei Premièren. Man verspürte habe. Schade, daß auch er dafür ein Beleg sein
503 1208 1549 1296 dem Mantel menschlicher Nächstenliebe. Der flattert bald
1537 1237 3393 1314 sogar beim Schluß des zweiten Aktes etwas wie — Oppo= wenig die leider jetzt für Wagner genügend
516 1268 3413 1358 genug davon; nicht allein bei ihm. Am Ende des zweiten sition. Die Fehler des Stückes traten hier weit dentlicher Schulung der Stimme ausreicht, einen nur einig
518 1300 2542 1396 Akts stirbt plötzlich der füße „Bubi“. Wir wissen nicht hervor als bei der Aufführung im Lessingtheuter.
2522 1350 3403 1430 vielseitigen Sänger heranzubilden. Die Aufführn
507 1359 1548 1430 warum, wieso? Jedoch — darum, damit das eigentliche
1526 1371 2547 1464 Der tiefe Gesammteindruck, den der talentvolle
2531 1398 3404 1463 im Uebrigen ausgezeichnet, ganz besonders ragte
511 1387 1541 1459 Stück endlich anfangen kann .. . „Ja, was soll denn jetzt
1535 1421 2548 1506 Dichter durch das Schicksal des meineidig ge¬
2527 1444 3407 1524 Frau Herzog (Elvira) hervor. Fräulein dell
502 1432 1529 1521 die Toni noch im Hause? Jetzt, wo das letzte Band
1535 1467 3417 1563 wordenen Turaser hervorruft, wird durch die öftere Wieder= als „Stumme“ giebt doch noch zu viel balletmäßig
514 1491 1534 1557 zwischen ihr und den Losatis, der Knabe. fehlt?" Die
1527 1509 2532 1582 holunger bereits bekannten Thatsachen und die allzu
2525 1538 3399 1622 und Pas: eine Künstlerin vom Schauspielhause i
505 1534 1536 1615 Frage drängt sich zwischen sie und der beiden Todten
1533 1560 2527 1631 langen und lärmenden Gesammiscenen geschwächt. Noch
2529 1576 3374 1647 dieser Rolle gewiß eindringlicher wirken können.
506 1576 1541 1656 Nächsten. Der Doktor näsonnirt und dozirt d'rauf los,
1533 1605 2539 1680 weinerlicher und schleppender als Herr Klein spielte Herr
2585 1624 3405 1693 P. S. Dem in egyptischen Pharaonengräbe
508 1630 1528 1703 räsonnirt sich zuletzt freilich auch um seine Braut, die
1530 1650 2525 1723 Pategg den Turaser. Trotzdem schuf er eine charakte¬
2523 1653 3407 1738 gefundenen Mumienweizen rühmt man, wie bekan
502 1669 1536 1748 Franzi, aber dozirt die Toni zum Hause hinaus. Die
1531 1694 2526 1779 ristische, lebensvoll wirkende Figur. Recht brav war die
2528 1716 3405 1777 Eigenschaft nach, daß er, in frisches Erdreich versen
502 1715 1522 1794 Liebe und Freundschaft zerbröckeln ringsum, Eines nach
1527 1737 2528 1814 Leistung der Herren Eyben, Heinzel, Olmar,
2522 1762 3399 1831 heute, nach jahrtausendlangem Todesschlaf mit d
505 1759 1528 1843 dem Andern kehrt ihr den Rücken, selbst die kluge,
1532 1785 2523 1864 Weigert und Wehlau; sie stellten wirkliche Arbeiter¬
2523 1801 3407 1879 blühenden Lebenskraft emporsprieße, wie Samen
499 1809 1519 1883 wannherzige Frau Winter, die allzeit für sie ein¬
1526 1829 2521 1908 typen dar. Heir Thurner gab den schurkischen Färber¬
2520 1851 3398 1921 die der Landmann den jüngsten Ernten entnommen.
509 1846 1525 1928 trat und sie sogar ins eigene Haus nehmen wollte,
1523 1873 2529 1952 meister Kleppl mit viel Geschick, ohne in den traditionellen
2522 1899 3410 1978 haben wir es freilich noch nicht, daß es dagegen
500 1890 1523 1969 Unverstand, Porurtheile, Rohheit siegen und — Toni geht
1527 1922 2529 1998 Intrigantenton zu verfallen. Mit viel Temperament gab
2523 1944 3414 2016 theatralibus solchen Mumienweizen giebt, der nur
496 1952 1516 2020 in den Tod. Es hilft ihr nichts mehr, daß die Franzi
1520 1971 2532 2057 Frl. Rosner die Marie Zelber, etwas kalt schaute
2525 1989 3419 2048 harrt, von einem findigen Direktor aus der #
498 1983 1518 2070 der Sippe die Wahrheit sagt. Uns auch nicht: wir haben
1518 2016 2305 2080 Therese Leitner als Weib Turasers aus.
2511 2034 3423 2105 Gruft der Theaterbibliothek hervorgesucht zu werde
493 2036 1534 2112 das selbst schon längst besorgt ... So viel Akte, so viel
1589 2058 2523 2131 E. L. Herr Kraus, unser stolzer Heldentenor und
2513 2071 3415 2153 ihm hundertfältige Frucht zu bringen, bewies uns d
490 2088 1520 2157 Leichen, wenn wir auch nur eine zu sehen bekommen.
1524 2077 2522 2180 Wagnersänger par excellence, versucht sich gelegentlich
2520 2130 3400 2187 stellung von „Robert und Bertram“, n
489 2130 1523 2210 Aber auch wieviel Talent, Empfinden, Können wieder!
1514 2150 2524 2228 auf Bahnen, die von den Wegen des Bayrenther Meisters,
2524 2174 3411 2243 Direktor Carl Weiß gestern in seinem O
496 2168 1520 2244 Welch' reizvolle Stimmungs= und Detailmalerei, welch' seelen¬
1524 2179 2511 2269 geschweige denn von seinen Zielen, ziemlich weit abführen
2511 2224 3402 2286 [Theater ein total ausverkauftes Haus erzielte.
488 2215 1511 2293 kundige Menschenschildeng. Und wie wurde das wieder
1509 2236 2524 2311 Daß er den Max in Webers „Freischütz“ singt, bürfte in
2513 2273 3411 2336 Jahre beinahe sind vergangen, seit wir in Elbflor
485 2270 1526 2346 gespielt. Der bornirte Professor Emanuel Reichers,
1514 2291 2513 2363 diesem Sinne allerdings weniger auffallen, um so mehr
2515 2309 3414 2390 berühmte Posse des dort auf den Händen getr
492 2313 1511 2387 die gutmüthige Mutter Luise von Pöllnitz',
1516 2335 2521 2407 aber, daß er's auch unternimmt, den Masaniello in der
2511 2354 3392 2423 Komikers Gustav Räder zum ersten Male
496 2352 1516 2424 der Sterbende Hugo Rittners, die bejammernswerthe
1508 2388 2507 2455 „Stummen von Portici“, dieser durch und durch fran¬
2509 2400 3418 2471 die damals von dem Verfasser selbst wied
488 2409 1522 2489 Toni der nach langer Krankheit zum ersten Mal wieder
1518 2435 2520 2499 zösischen Oper Aubers darzustellen. Was nun gerade das
2516 2446 3361 2517 beue Rolle hat so manchem unserer
496 2445 1509 2522 auftretenden Else Lehmann — lauter Gestalten von
1511 2464 2530 2531 Darstellen aubetrifft, so hat Herr Krans das Ragniß am
2511 2479 3381 2553 Künstler, nicht am letzten unserm Emil T
497 2484 1514 2569 schärfster Lebenswahrheit, wie der Dichter sie geschaut
1505 2515 2524 2583 vorigen Sonnabend recht gut bestanden. Er ist nicht der
2513 2533 3414 2606 Gelegenheit gegeben, froheste Lanne unter den Zu
491 2541 1504 2620 Auch Lotti Sarrow als die klar denkende, warm fühlende
1501 2562 2507 2634 Mann vielon und heftigen Gestikulirens, wiewohl dies für
2512 2583 3417 2633 zu erwecken. Und heute noch dieselbe Lebenskraft #n
491 2587 1511 2666 Franzi, Marie Elsinger in einer frischen Gymnasiasten¬
1503 2614 2508 2683 den leidenschaftlichen neapolitanischen Fischer eher als sonst
2515 2633 3414 2689 fünfzig Jahren? Nun, Direktor Carl Weiß konn
481 2641 1500 2704 rolle, dann Dera Lux, die den Schmerz um den im
1500 2648 2509 2728 angebracht wäre; jede nicht unbedingt nöthige Bewegung
2511 2675 3413 2740 schmunzelnd davon überzeugen, daß er mit seiner ge
496 2676 1505 2753 Stillen geliebten Hugo so naturwahr verkörperte, Luise
1503 2705 2509 2770 unterbleibt: die Figur erhält dadurch eiwas Gemessenes
2507 2711 3409 2788 „Première“ einen guten Griff gethan, denn das ju
480 2725 1504 2802 Dumont, ihre Mutter, Oskar Sauer, der unerträgliche
1504 2746 2516 2819 Würdiges, einen mehr nordischen Charakter, den man sich
2501 2764 3417 2825 Haus bewies nicht nur den Darstellern stürmischen
485 2762 1498 2847 Dr. Schmidt, Winterstein u. s. w. — alle trugen sie bei
1511 2794 2513 2867 aber gern gefallen läßt, weil Herr Kraus ihn konsequent
2508 2816 3410 2876 fall, sondern ruhte auch nicht eher, bis es dem D
493 2812 1505 2891 zum schönen Gelingen. Denn es gab für den wiederholt
1506 2841 2515 2909 durchführt. Nicht ganz so gut stand es um die
2513 2860 3422 2936 Carl Weiß seinen Dank beim Erscheinen an der #
494 2866 1506 2937 herausgerufenen Dichter einen starken Erfolg, der seinen
1502 2887 2507 2965 gesangliche Seite der Leistung. Freilich glänzten
2509 2903 3414 2967 abstatten konnte. Die beiden Vagabunden waren b
484 2909 1507 2979 Höhepunkt am Schluß nach den zündenden Worten
1499 2931 2507 2996 auch hier die schönen, kräftigen hohen Brusttöne,
2509 2951 3408 3009 Herren Richard Jürgas und Joseph Dill i
495 2962 1508 3023 Franzis erreichte. Ob er aber lange vorhalten wird?
1502 2976 2515 3034 aber für den eigentlichen Kunstgesang erwies sich das
2504 3004 3416 3063 guten Händen, der mauschelnde Kommerzienrath □
480 3002 1489 3090 Das Premièren=Purlilum ist nicht immer maßgebend —
1492 3036 2498 3092 Organ nicht immer geschmeidig genug; die paar zu flüch¬
2500 3042 3419 3107 meyer fand in Herrn Robert Wach glückliche Vertre
476 3043 1503 3132 weder beim Ablehnen, noch beim Erfolg. Warten
1497 3076 2513 3133 tigen Koloraturen verschlagen dabei noch nichts, aber z. B.
2496 3091 3423 3151 und alle übrigen Mitwirkenden waren nach Kräften
488 3087 707 3160 wir's ab.
1501 3115 3411 3188 das Schlummerlied (4. Akt), von Herrn Kraus sehr schön müht, den Abend zu einem gelungenen zu gestallen.
564 3149 3422 3268 el. „Bartel Turaser“, Philipp Lang=intendirt, zeigte doch, daß in der Ausbildung seiner! Ob man von einer Posse der Herren Mannstädt, T###
