3436 4320
1066 73 2285 135 scelegant und flott gesprochen, wie in einem französischen
1069 114 2314 178 #o es gilt, die Leute nicht zur Besinnung kommen zu lassen. Die
899 137 1045 220 Fer 5
1058 148 2297 204 Farben der Dichtung wurden durch die leichte Konversation verwischt,
982 194 2308 244 100 kund ich begriff den Mann nicht recht, der mir das nachher als
975 241 1065 287 200
1078 242 1665 314 „natürlich“ sehr warm empfahl.
978 283 1064 326 500
1148 264 2315 328 Inzwischen habe ich manches begreifen gelernt, auch die moderne
920 322 1064 369 . 1000
1081 321 2315 368 „Natürlichkeit“, die manchmal gar nicht „natürlich“ sondern eine sehr
1069 358 2311 408 komplizierte und gelegentlich wohl auch raffinierte Sache ist. Der
1080 377 2328 456 Deutlichkeit zu Liebe will ich meine Ansicht an einem konkreten
900 409 1060 470 Abonne
1083 437 1530 506 Beispiel auseindersetzen.
900 453 1064 514 Abonne
1150 444 2315 519 Als Kainz seiner Zeit im Deutschen Theater den Faust spielte,
1077 501 2335 568 fiel die Art und Weise auf, wie er eine bekannte Stelle schauspielerisch
1075 558 1902 620 behandelte. Es handelte sich um die Worte:
1364 580 2081 650 ... Nenns Glück! Herz! Liebe! Gott!
1311 619 1779 686 Ich habe keinen Namen
1306 671 1799 728 Dafür! Gefühl ist alles;
1315 705 1844 760 Name ist Schall und Rauch,
1309 748 1820 820 Umnebelnd Himmelsglut!“
1914 645 2319 822 40—
1102 816 2279 886 Kainz streichelte hier Greihchens Wangen, seine Augen leuchteten
1028 853 2282 925 vor Glück und mit der seligen Leichtigkeit des unbekümmerten Lieb¬
1028 907 2298 972 habers sprach er die Verse. Das war gewiß geistreich und ich meiner¬
1023 941 2282 991 seits habe mich umsomehr darüber gefreut, als sein Faust sonst keinen
1026 980 2275 1046 tieferen Eindruck hinterließ. Die philosophischen Verse so ganz
1030 1021 1203 1078 und
1264 1020 2277 1085 in leichte Liebesverse umzuwandeln, war, wie
1026 1068 2286 1122 gesagt, ein geistreicher Gedanke, zugleich aber war es ein Gedanke
1030 1098 2272 1139 von so ätzender Schärfe, daß er die wunderbaren Verse zerstörte.
1030 1133 2300 1196 Gerade Kainz versteht ganz ausgezeichnet, die Verse einer Dichtung
1023 1180 2272 1204 aus der sozusagen abstrakten Deklamation in die Sphäre des melisch¬
1018 1209 2286 1260 sichen Geschehens herabzuholen und das ist ein Verdienst, so ehrlich
1023 1251 2267 1306 und schwerwiegend wie nur irgend eins. In der er¬
1034 1289 2278 1343 wähnten Seen aber schlug sein Vorzug in einen Fehler um.
1033 1326 2278 1367 Er gab eine geistreiche Einzelheit auf Kosten Goethes und
1031 1372 2275 1419 so gewiß ich mich über die Einzelheit an sich freute, so gewiß ist
1030 1403 2279 1449 es, daß in diesem Augenblick Goethe zu keinem Menschen im
1032 1439 2281 1500 Theater sprach, auch zu mir nicht. Wenn aber Goethe nicht zum
1041 1479 2264 1526 Publikum spricht, bleibt die Wirkung aus, wie viele Künste sonst
1043 1522 2279 1575 auch an die Dichtung verwendet werden mögen. Kainz hat nicht
1034 1559 2278 1603 die Aufgabe, diesen oder jenen Gourmand zu erfreuen, sondern soll
1036 1602 2269 1658 vor allem den Faust zur Geltung bringen, wenn er den Faust spielt.
1102 1634 2280 1680 Mit der modernen „Natürlichkeit“ verhält es sich etwa so: sie ist
1033 1676 2277 1727 zu einer Natürlichkeit für Gourmands geworden. Es ist sehr hübsch,
1028 1710 2275 1773 den Mund nicht voll zu nehmen, es ist sehr hübsch, wie ein Mensch
1034 1747 2272 1805 zu gehen und nicht wie ein „Held“, auch sein Organ zu schonen, ist
1039 1795 2278 1852 eine nützliche Sache. Auf der andern Seite aber ist es auch ganz
1042 1831 2276 1873 und gar keine Schande, einmal eine machtvolle Bewegung zu machen.
1031 1857 2275 1913 wie es auch ganz und gar kein Verbrechen ist, ein wohlklingendes
1044 1909 2272 1962 Organ zu haben. Wenn eine Stelle, bei der ein Schauspieler der
1025 1942 2282 2002 salten Schule unfehlbar „losgegangen“ wäre von einem
1030 1980 2279 2028 modernen Schauspieler mit Geist und Verstand gedämpft wird
1116 2021 2269 2082 dann schnalzt der Gourmand im Parkett mit der
1026 2065 2270 2120 Zunge und sagte: „Ah! Zucker! „Unser“ Schulze! Hoho!“ Wenn
1027 2107 2266 2154 nun aber der Dichter in dieser Stelle Sturm und Drang und Macht
1037 2144 2275 2201 zu geben vermeinte — was thue ich dann mit Schulzes Zucker?
1047 2185 2279 2233 Selbst wenn der Dichter die Grenzen der Natur überschritten haben
1032 2199 2276 2265 sollte, wäre es immer noch besser, mit ihm zu sündigen, als gegen
1042 2263 2276 2316 ihn. Die „Natürlichkeit“ die nur genossen werden kann, indem man
1043 2297 2273 2346 die Feinheit des schauspielerischen Raffinements bewundert, ist keinen
1045 2336 2279 2382 Pfifferling wert. Wir wollen Natur, Natur; aber keine Natürlichkeit,
1127 2372 2035 2432 — pardon — zu einem — Kunststück geworden ist.
1102 2398 2278 2473 Ein Stück von Ibsen mag zehnmal im Salon spielen, der
1043 2445 2278 2501 Schanspieler—steht darnm doch auf dem geweihten Boden der
1053 2491 2267 2544 Tragödie, und das braucht er wirklich nicht zu vergessen. Oder
1039 2536 2273 2588 besser: er darf es nicht einmal. Und dann die Nachahmer, o — die
1027 2577 2278 2625 [Nachahmer! Kainz gab, als er Goethe schuldig blieb, wenigstens
1021 2611 2273 2676 Kainz und das ist immerhin nicht wenig. Nun aber die Nach¬
1033 2648 1975 2703 ahmer, die ##is Angst vor „Unnatürlichkeit“
1997 2650 2273 2721 das bißchen
1050 2690 2268 2731 Temperament zurückdrängen, was sie überhaupt haben, die
1045 2728 2282 2779 Pausen machen, so angenehm wie die Wüste Sahara, nur
1046 2769 2276 2806 weil das „vornehm“ ist, weil sie glauben, daß so am „Deutschen
1046 2812 2280 2856 Theater“ Komödie gespielt wird. Auf die Gefahr hin, für einen
1041 2849 2279 2903 Barbaren gehalten zu werden, will ich bekennen, daß ich oft heimlich
1042 2878 2259 2938 den Wunsch auf die Bühne gesandt habe: Etwas mehr Provinz,
1041 2918 2272 2967 meine Herrschaften! Etwas mehr das Bewußtsein, daß wir nun doch
1035 2967 2273 3012 einmal im Theater sind, wo kein Mensch sich auf die Dauer mit
1043 3006 2269 3054 „intimen“ Reizen zufrieden giebt. Es ist unglaublich, wie viel
1036 3034 2262 3084 besser für ein Stück mitunter eine schlechte Aufführung sein kann,
1042 3083 2278 3137 als eine sogenannte musterhafte. n „Deutschen Theater“ sah ich einmal
1038 3116 2265 3174 Schnitzlers „Vermächtuis“ und die dichterische Ohnmacht, die sich hier
1032 3156 2272 3201 abmnitkte, ein Drama zu schreiben, machte mich entsetzlich nervös.
1039 3193 2270 3259 Monate nachher sah ich dasselbe Stück in einer andren Auf¬
1034 3240 2261 3289 führung, die zwar nicht schlecht, aber doch unendlich viel bescheidener
1034 3277 2268 3334 war als jene des „Deutschen Theaters“. Die Arbeit war einfach
1030 3323 2262 3372 nicht wieder zu erkennen. Die Schanspieler hatten offenbar nicht die
1033 3361 2270 3407 Zeit gehabt, sich in das Detail ihrer Rollen zu verlieren und so kam
1027 3394 2264 3440 ein Zug in das Stück, der es zwar nicht zu einem guten, aber doch
1029 3434 1112 3494 zu
1114 3436 2266 3485 einem leicht erträglichen Drama machte. Das Mühsame
1029 3490 2275 3523 und Gequälte war fast vollständig verschwunden. Zuviel Detailarbeit
1033 3513 2277 3547 kann einem Drama eben gerade so gefährlich werden, als zu wenig
1028 3591 2266 3641 überhaupt zu sagen hat, frisch und froh herunter und dabei standen
1040 3626 2274 3667 sich alle Teile am besten. Das Unterstreichen, Gliedern, Detaillieren der
1025 3677 2273 3717 Künstler am Deutschen Theater hatte die Nichtigkeit des Ganzen nur peinlich
1035 3714 2265 3759 zum Bewußtsein gebracht. Und weiter! Hebbels „Julia“ hatte in
1036 3738 2272 3779 der „Neuen Freien Volksbühne“ einen vollen und starken Erfolg,
1028 3782 2269 3830 nicht trotz, sondern wegen d# unbekümmerten Naivetät, mit der
1025 3818 2269 3884 die Schauspieler an die Arbeit gingen. Also lassen wir uns belehren!.
1026 3855 2260 3915 Die Lorbeeren des „Deutschen Theaters“ sind ehrlich verdient und
1025 3891 2256 3949 auch noch immer frisch und grün. Aber gerade weil ich sie schätze,
1039 3936 1821 3995 möchte ich mich nicht darauf schlafen legen.
1765 3959 2198 4042 Erich Schlailjer.
