<?xml version="1.0" encoding="UTF-8" standalone="yes"?>
<PcGts xmlns="http://schema.primaresearch.org/PAGE/gts/pagecontent/2013-07-15" xmlns:xsi="http://www.w3.org/2001/XMLSchema-instance" xsi:schemaLocation="http://schema.primaresearch.org/PAGE/gts/pagecontent/2013-07-15 http://schema.primaresearch.org/PAGE/gts/pagecontent/2013-07-15/pagecontent.xsd">
    <Metadata>
        <Creator>prov=University of Rostock/Institute of Mathematics/CITlab/Gundram Leifert/gundram.leifert@uni-rostock.de:name=ONB_Newseye_GT_M1+(htr_id=10810)::::v=2.4.2
prov=University of Rostock/Institute of Mathematics/CITlab/Tobias Gruening/tobias.gruening@uni-rostock.de:name=de.uros.citlab.module.baseline2polygon.B2PSeamMultiOriented:v=2.4.2
prov=University of Rostock/Institute of Mathematics/CITlab/Tobias Gruening/tobias.gruening@uni-rostock.de:name=/mnt/transkribus/LA/DEA/URO/LA_news_onb_att.pb:de.uros.citlab.segmentation.CITlab_LA_ML:v=2.4.2
Transkribus</Creator>
        <Created>2019-10-07T11:35:22.680+02:00</Created>
        <LastChange>2019-10-08T19:23:11.817+02:00</LastChange>
        <TranskribusMetadata docId="223986" pageId="9500868" pageNr="304" tsid="16607632" status="IN_PROGRESS" userId="40391" imgUrl="https://files.transkribus.eu/Get?id=PGZVVGFPABVSVSFLDWMBZHDU&amp;fileType=view" xmlUrl="https://files.transkribus.eu/Get?id=STPZTMCWGDKHKMBNUMCMWQNR" imageId="6191090"/>
    </Metadata>
    <Page imageFilename="223986_0304.jpeg" imageWidth="3436" imageHeight="4384">
        <ReadingOrder>
            <OrderedGroup id="ro_1711447907040" caption="Regions reading order">
                <RegionRefIndexed index="0" regionRef="r1"/>
                <RegionRefIndexed index="1" regionRef="r2"/>
                <RegionRefIndexed index="2" regionRef="r3"/>
            </OrderedGroup>
        </ReadingOrder>
        <TextRegion orientation="0.0" id="r1" custom="readingOrder {index:0;}">
            <Coords points="218,277 218,3569 1562,3569 1562,277"/>
            <TextLine id="r1l1" custom="readingOrder {index:0;}">
                <Coords points="209,318 1109,346 1279,319 1279,287 1153,248 581,268 454,242 362,288 210,249"/>
                <Baseline points="218,299 270,304 323,308 375,311 428,313 481,315 533,317 586,318 638,318 691,319 744,319 796,318 849,318 901,318 954,317 1007,317 1059,317 1112,316 1164,316 1217,317 1270,317"/>
                <TextEquiv>
                    <Unicode>10. Das Vernaechtnis</Unicode>
                </TextEquiv>
            </TextLine>
            <TextLine id="r1l2" custom="readingOrder {index:1;}">
                <Coords points="1058,1207 1371,1207 1455,1223 1457,1151 1352,1142 1266,1158 1175,1137 1123,1157 1094,1142 1059,1149"/>
                <Baseline points="1066,1183 1091,1184 1116,1184 1142,1184 1167,1184 1193,1184 1218,1184 1244,1183 1269,1183 1295,1184 1320,1184 1346,1185 1371,1187 1397,1189 1422,1192 1448,1196"/>
                <TextEquiv>
                    <Unicode>Telephon 12.801.</Unicode>
                </TextEquiv>
            </TextLine>
            <TextLine id="r1l3" custom="readingOrder {index:2;}">
                <Coords points="507,1363 664,1341 736,1375 837,1341 1216,1359 1247,1353 1248,1317 969,1323 819,1276 718,1315 602,1292 507,1318"/>
                <Baseline points="514,1344 550,1339 586,1336 622,1334 659,1333 695,1332 731,1332 767,1332 804,1333 840,1334 876,1335 912,1337 949,1338 985,1339 1021,1340 1057,1341 1094,1342 1130,1341 1166,1341 1202,1339 1239,1337"/>
                <TextEquiv>
                    <Unicode>„ODSLMTEN</Unicode>
                </TextEquiv>
            </TextLine>
            <TextLine id="r1l4" custom="readingOrder {index:3;}">
                <Coords points="342,1414 1428,1414 1382,1362 1280,1357 343,1376"/>
                <Baseline points="350,1403 403,1402 457,1402 510,1402 564,1402 617,1402 671,1402 724,1402 778,1403 831,1403 885,1403 938,1404 992,1404 1045,1404 1099,1405 1152,1405 1206,1406 1259,1406 1313,1407 1366,1408 1420,1408"/>
                <TextEquiv>
                    <Unicode>I. öoterr. beh. konz. Unternehmen für Zeitungs¬</Unicode>
                </TextEquiv>
            </TextLine>
            <TextLine id="r1l5" custom="readingOrder {index:4;}">
                <Coords points="549,1444 634,1461 1233,1447 1233,1427 1146,1404 597,1405 549,1423"/>
                <Baseline points="557,1440 590,1440 623,1441 657,1441 690,1442 724,1442 757,1443 790,1443 824,1444 857,1445 891,1445 924,1446 957,1446 991,1446 1024,1446 1058,1447 1091,1447 1124,1447 1158,1447 1191,1447 1225,1446"/>
                <TextEquiv>
                    <Unicode>Aueschnitte und Bibliographie.</Unicode>
                </TextEquiv>
            </TextLine>
            <TextLine id="r1l6" custom="readingOrder {index:5;}">
                <Coords points="517,1509 671,1537 781,1509 993,1539 1281,1516 1281,1466 1197,1486 1003,1448 919,1477 815,1452 675,1478 517,1450"/>
                <Baseline points="525,1504 562,1505 599,1506 637,1507 674,1508 712,1509 749,1509 786,1509 824,1509 861,1509 899,1509 936,1509 973,1509 1011,1509 1048,1508 1086,1508 1123,1508 1160,1508 1198,1508 1235,1508 1273,1509"/>
                <TextEquiv>
                    <Unicode>Wien, I., Concordiaplatz 4.</Unicode>
                </TextEquiv>
            </TextLine>
            <TextLine id="r1l7" custom="readingOrder {index:6;}">
                <Coords points="751,1576 781,1587 794,1579 860,1589 876,1580 1025,1590 1067,1580 1068,1539 1006,1549 948,1530 893,1544 882,1533 859,1545 813,1545 799,1532 752,1532"/>
                <Baseline points="759,1572 784,1573 809,1573 834,1574 859,1575 884,1575 909,1575 934,1575 959,1575 984,1575 1009,1575 1034,1575 1060,1575"/>
                <TextEquiv>
                    <Unicode>Vertretungen</Unicode>
                </TextEquiv>
            </TextLine>
            <TextLine id="r1l8" custom="readingOrder {index:7;}">
                <Coords points="342,1615 1417,1638 1446,1591 342,1581"/>
                <Baseline points="349,1612 403,1613 457,1613 512,1614 566,1614 621,1615 675,1615 730,1615 784,1616 839,1616 893,1617 947,1617 1002,1618 1056,1618 1111,1619 1165,1620 1220,1620 1274,1621 1329,1622 1383,1622 1438,1623"/>
                <TextEquiv>
                    <Unicode>in Berlin, Brüssel, Budapest, Chicago, Cleveland, Christiania,</Unicode>
                </TextEquiv>
            </TextLine>
            <TextLine id="r1l9" custom="readingOrder {index:8;}">
                <Coords points="340,1649 1445,1663 1370,1623 340,1619"/>
                <Baseline points="347,1650 401,1652 456,1653 510,1654 565,1655 619,1656 674,1656 728,1656 783,1656 837,1656 892,1656 947,1656 1001,1655 1056,1655 1110,1655 1165,1655 1219,1655 1274,1655 1328,1656 1383,1657 1438,1658"/>
                <TextEquiv>
                    <Unicode>Genl, Kopenhagen, London, Madrid, Mailand, Minneapolis,</Unicode>
                </TextEquiv>
            </TextLine>
            <TextLine id="r1l10" custom="readingOrder {index:9;}">
                <Coords points="336,1697 1448,1710 1366,1661 336,1648"/>
                <Baseline points="344,1691 398,1691 453,1692 508,1692 563,1693 618,1693 672,1693 727,1693 782,1693 837,1693 892,1693 946,1693 1001,1693 1056,1693 1111,1694 1166,1694 1220,1694 1275,1696 1330,1696 1385,1698 1440,1699"/>
                <TextEquiv>
                    <Unicode>New-York, Paris, Rom, San Francisco, Stockholm, St. Peters¬</Unicode>
                </TextEquiv>
            </TextLine>
            <TextLine id="r1l11" custom="readingOrder {index:10;}">
                <Coords points="746,1748 793,1741 803,1751 839,1751 878,1733 951,1749 962,1741 993,1749 1042,1741 1042,1708 885,1697 870,1706 815,1699 801,1710 775,1697 746,1707"/>
                <Baseline points="754,1731 779,1732 804,1733 830,1733 855,1733 881,1734 906,1733 932,1733 957,1733 983,1732 1008,1732 1034,1731"/>
                <TextEquiv>
                    <Unicode>burg, Toronto.</Unicode>
                </TextEquiv>
            </TextLine>
            <TextLine id="r1l12" custom="readingOrder {index:11;}">
                <Coords points="696,1772 866,1788 898,1774 941,1789 989,1773 1100,1773 1101,1740 1073,1727 969,1753 881,1735 805,1750 745,1740 696,1757"/>
                <Baseline points="704,1767 729,1767 755,1768 781,1768 807,1768 833,1768 859,1769 885,1769 910,1769 936,1769 962,1770 988,1770 1014,1770 1040,1770 1066,1770 1092,1771"/>
                <TextEquiv>
                    <Unicode>Guellenangabe ohne Gewähr.)</Unicode>
                </TextEquiv>
            </TextLine>
            <TextLine id="r1l13" custom="readingOrder {index:12;}">
                <Coords points="332,1855 435,1844 457,1859 479,1845 538,1860 606,1844 641,1859 715,1842 716,1807 616,1812 565,1800 546,1812 516,1796 448,1813 397,1790 333,1815"/>
                <Baseline points="340,1840 366,1842 392,1843 418,1844 444,1844 470,1843 496,1843 523,1843 549,1842 575,1843 601,1844 627,1845 653,1847 679,1850 706,1854"/>
                <TextEquiv>
                    <Unicode>Ausschnitt aus</Unicode>
                </TextEquiv>
            </TextLine>
            <TextLine id="r1l14" custom="readingOrder {index:13;}">
                <Coords points="735,1894 1363,1912 1488,1867 1488,1819 735,1832"/>
                <Baseline points="743,1878 779,1880 816,1881 853,1882 890,1884 927,1885 964,1885 1000,1886 1037,1886 1074,1886 1111,1886 1148,1886 1185,1885 1222,1885 1258,1884 1295,1883 1332,1882 1369,1881 1406,1879 1443,1877 1480,1876"/>
                <TextEquiv>
                    <Unicode>RLINEH TAGBLAPT</Unicode>
                </TextEquiv>
            </TextLine>
            <TextLine id="r1l15" custom="readingOrder {index:14;}">
                <Coords points="540,1949 575,1941 659,1961 689,1951 705,1962 794,1966 865,1948 866,1931 759,1897 689,1904 640,1888 607,1886 564,1912 542,1911"/>
                <Baseline points="547,1956 572,1951 598,1949 624,1947 650,1948 675,1950 701,1952 727,1955 753,1958 778,1962 804,1964 830,1965 856,1965"/>
                <TextEquiv>
                    <Unicode>10001191</Unicode>
                </TextEquiv>
            </TextLine>
            <TextLine id="r1l16" custom="readingOrder {index:15;}">
                <Coords points="342,1962 360,1955 372,1967 377,1962 415,1967 426,1959 435,1966 465,1965 471,1959 484,1965 531,1963 533,1922 522,1920 514,1928 505,1918 486,1921 476,1915 462,1921 453,1915 441,1925 410,1929 388,1918 372,1929 344,1929"/>
                <Baseline points="351,1958 379,1958 408,1959 437,1962 465,1963 494,1963 523,1962"/>
                <TextEquiv>
                    <Unicode>vom:</Unicode>
                </TextEquiv>
            </TextLine>
            <TextLine id="r1l17" custom="readingOrder {index:16;}">
                <Coords points="349,2036 1160,2061 1527,2051 1542,2004 349,2023"/>
                <Baseline points="357,2037 415,2038 474,2039 533,2039 592,2040 651,2040 710,2040 769,2040 828,2040 887,2040 946,2040 1004,2040 1063,2040 1122,2040 1181,2040 1240,2041 1299,2041 1358,2041 1417,2042 1476,2043 1535,2044"/>
                <TextEquiv>
                    <Unicode>h. f. Schnitzlers „Vermächtnis“ kam gestern abend auf der</Unicode>
                </TextEquiv>
            </TextLine>
            <TextLine id="r1l18" custom="readingOrder {index:17;}">
                <Coords points="293,2085 1547,2099 1520,2044 293,2043"/>
                <Baseline points="301,2083 362,2083 424,2083 486,2083 548,2083 610,2083 672,2083 733,2083 795,2084 857,2084 919,2084 981,2084 1043,2084 1105,2084 1166,2084 1228,2084 1290,2084 1352,2084 1414,2084 1476,2084 1538,2084"/>
                <TextEquiv>
                    <Unicode>Neuen freten Völksbühne zur Aufführung. Als das Schauspiel,</Unicode>
                </TextEquiv>
            </TextLine>
            <TextLine id="r1l19" custom="readingOrder {index:18;}">
                <Coords points="298,2141 1500,2138 1539,2097 298,2103"/>
                <Baseline points="307,2126 368,2126 429,2126 490,2126 552,2126 613,2126 674,2127 735,2127 797,2128 858,2128 919,2129 980,2129 1042,2129 1103,2129 1164,2129 1225,2129 1287,2129 1348,2128 1409,2127 1470,2126 1532,2125"/>
                <TextEquiv>
                    <Unicode>in dessen Rahmen fast ein halbes Dutzend Schicksalstragödien ein¬</Unicode>
                </TextEquiv>
            </TextLine>
            <TextLine id="r1l20" custom="readingOrder {index:19;}">
                <Coords points="311,2182 1544,2178 1531,2125 311,2122"/>
                <Baseline points="319,2169 379,2168 440,2167 501,2167 562,2167 623,2167 684,2168 744,2168 805,2169 866,2170 927,2170 988,2171 1049,2172 1110,2172 1170,2172 1231,2172 1292,2172 1353,2171 1414,2170 1475,2168 1536,2166"/>
                <TextEquiv>
                    <Unicode>geschlossen ist, vor dreizehn Jahren zum erstenmal im Deutschen</Unicode>
                </TextEquiv>
            </TextLine>
            <TextLine id="r1l21" custom="readingOrder {index:20;}">
                <Coords points="305,2212 1539,2216 1497,2169 305,2176"/>
                <Baseline points="313,2207 377,2207 441,2207 505,2207 569,2208 633,2208 697,2209 762,2209 826,2210 890,2210 954,2211 1018,2211 1082,2212 1147,2212 1211,2212 1275,2212 1339,2212 1403,2211 1467,2210 1532,2210"/>
                <TextEquiv>
                    <Unicode>Theater gespielt wurde, stand sein Erfolg nicht fest. Heute sträubt</Unicode>
                </TextEquiv>
            </TextLine>
            <TextLine id="r1l22" custom="readingOrder {index:21;}">
                <Coords points="305,2258 1548,2267 1548,2201 306,2212"/>
                <Baseline points="314,2247 375,2247 436,2247 497,2248 559,2248 620,2249 681,2249 743,2250 804,2250 865,2250 927,2251 988,2251 1049,2251 1110,2252 1172,2252 1233,2252 1294,2252 1356,2252 1417,2252 1478,2252 1540,2251"/>
                <TextEquiv>
                    <Unicode>sich auch ein naiveres Publikum gegen die Ueberfülle der Wirkungen,</Unicode>
                </TextEquiv>
            </TextLine>
            <TextLine id="r1l23" custom="readingOrder {index:22;}">
                <Coords points="307,2296 1447,2311 1551,2281 1551,2236 307,2257"/>
                <Baseline points="314,2289 375,2290 436,2290 498,2291 559,2291 621,2291 682,2291 743,2291 805,2291 866,2291 928,2291 989,2291 1050,2291 1112,2291 1173,2291 1235,2291 1296,2291 1357,2291 1419,2291 1480,2291 1542,2291"/>
                <TextEquiv>
                    <Unicode>obwohl eine Meisterhand sie vorbereitet. Am Schlusse eines jeden</Unicode>
                </TextEquiv>
            </TextLine>
            <TextLine id="r1l24" custom="readingOrder {index:23;}">
                <Coords points="298,2340 1570,2359 1551,2281 1359,2318 298,2287"/>
                <Baseline points="305,2332 367,2332 430,2332 493,2332 556,2332 619,2333 682,2333 744,2333 807,2334 870,2334 933,2335 996,2335 1059,2335 1122,2336 1184,2336 1247,2337 1310,2337 1373,2338 1436,2338 1499,2338 1562,2338"/>
                <TextEquiv>
                    <Unicode>Aktes fließt das Träuenkrüglein über, sechs Erwachsene und ein</Unicode>
                </TextEquiv>
            </TextLine>
            <TextLine id="r1l25" custom="readingOrder {index:24;}">
                <Coords points="268,2445 1512,2412 1511,2377 1272,2371 267,2402"/>
                <Baseline points="276,2432 337,2431 398,2431 460,2430 521,2430 582,2429 644,2429 705,2428 766,2428 828,2427 889,2426 950,2425 1012,2425 1073,2424 1134,2422 1196,2421 1257,2420 1318,2418 1380,2416 1441,2413 1503,2411"/>
                <TextEquiv>
                    <Unicode>Kind weinen nach dem Hinscheiden des armen Hugo auf der Szene,</Unicode>
                </TextEquiv>
            </TextLine>
            <TextLine id="r1l26" custom="readingOrder {index:25;}">
                <Coords points="266,2477 1533,2442 1518,2409 265,2449"/>
                <Baseline points="273,2477 335,2476 398,2475 460,2473 523,2472 586,2471 648,2470 711,2469 773,2468 836,2468 899,2466 961,2466 1024,2465 1086,2464 1149,2463 1212,2462 1274,2460 1337,2459 1399,2458 1462,2456 1525,2455"/>
                <TextEquiv>
                    <Unicode>es schluchzt das ganze Parkett, und man erwartet nachgerade, daß</Unicode>
                </TextEquiv>
            </TextLine>
            <TextLine id="r1l27" custom="readingOrder {index:26;}">
                <Coords points="263,2528 1486,2514 1509,2463 262,2490"/>
                <Baseline points="270,2520 331,2518 393,2516 454,2515 516,2513 577,2512 639,2511 700,2510 762,2509 823,2509 885,2508 947,2507 1008,2506 1070,2505 1131,2504 1193,2503 1254,2502 1316,2500 1377,2499 1439,2497 1501,2495"/>
                <TextEquiv>
                    <Unicode>auch der Tote sich noch einmal erhebt, um in die allgemeine, aber</Unicode>
                </TextEquiv>
            </TextLine>
            <TextLine id="r1l28" custom="readingOrder {index:27;}">
                <Coords points="274,2566 1515,2547 1514,2506 273,2530"/>
                <Baseline points="282,2562 343,2560 404,2559 465,2558 526,2557 588,2556 649,2555 710,2554 771,2553 832,2552 894,2551 955,2550 1016,2549 1077,2548 1138,2547 1200,2545 1261,2544 1322,2542 1383,2540 1444,2538 1506,2536"/>
                <TextEquiv>
                    <Unicode>nicht unbedingt ergreifende Klage einzustimmen. Das zur Be¬</Unicode>
                </TextEquiv>
            </TextLine>
            <TextLine id="r1l29" custom="readingOrder {index:28;}">
                <Coords points="275,2605 1479,2596 1507,2540 274,2566"/>
                <Baseline points="282,2601 342,2598 403,2597 464,2596 525,2595 586,2594 647,2593 707,2593 768,2592 829,2592 890,2592 951,2591 1012,2591 1073,2590 1133,2589 1194,2588 1255,2586 1316,2585 1377,2583 1438,2580 1499,2577"/>
                <TextEquiv>
                    <Unicode>freiung drängende Lachen, dieser tückische Feind aller Rührseligkeit</Unicode>
                </TextEquiv>
            </TextLine>
            <TextLine id="r1l30" custom="readingOrder {index:29;}">
                <Coords points="268,2650 1507,2628 1506,2595 1407,2582 267,2609"/>
                <Baseline points="276,2642 337,2640 398,2639 459,2638 520,2637 581,2636 642,2635 704,2635 765,2634 826,2633 887,2633 948,2632 1009,2631 1070,2630 1132,2629 1193,2628 1254,2626 1315,2625 1376,2622 1437,2620 1499,2617"/>
                <TextEquiv>
                    <Unicode>im Theater, war an einer kritischen Stelle nahe daran, zu trium¬</Unicode>
                </TextEquiv>
            </TextLine>
            <TextLine id="r1l31" custom="readingOrder {index:30;}">
                <Coords points="270,2689 1509,2668 1456,2627 269,2655"/>
                <Baseline points="278,2686 339,2683 400,2681 461,2679 522,2677 583,2676 644,2676 706,2675 767,2675 828,2674 889,2674 950,2674 1011,2673 1072,2673 1134,2671 1195,2670 1256,2669 1317,2666 1378,2663 1439,2660 1501,2655"/>
                <TextEquiv>
                    <Unicode>phieren, und die sonst so ungewöhnlich tüchtige Regie wird gut daran</Unicode>
                </TextEquiv>
            </TextLine>
            <TextLine id="r1l32" custom="readingOrder {index:31;}">
                <Coords points="278,2729 1524,2720 1523,2677 1433,2665 278,2693"/>
                <Baseline points="286,2724 347,2724 409,2723 470,2722 532,2721 593,2720 655,2719 716,2718 778,2717 839,2716 901,2715 962,2714 1024,2713 1085,2712 1147,2711 1208,2710 1270,2709 1331,2709 1393,2708 1454,2708 1516,2708"/>
                <TextEquiv>
                    <Unicode>tun, die Tränenschlußsermate des ersten Aufzuges um etwa dreißig</Unicode>
                </TextEquiv>
            </TextLine>
            <TextLine id="r1l33" custom="readingOrder {index:32;}">
                <Coords points="266,2763 308,2779 423,2768 561,2779 576,2765 618,2776 708,2759 708,2737 639,2723 495,2726 466,2745 439,2729 266,2729"/>
                <Baseline points="274,2759 299,2760 324,2761 349,2762 374,2762 399,2763 424,2763 449,2763 474,2763 499,2763 524,2763 549,2763 574,2763 599,2762 624,2762 649,2761 674,2761 700,2760"/>
                <TextEquiv>
                    <Unicode>Sekunden abzukürzen.</Unicode>
                </TextEquiv>
            </TextLine>
            <TextLine id="r1l34" custom="readingOrder {index:33;}">
                <Coords points="321,2824 1418,2804 1520,2793 1520,2754 320,2775"/>
                <Baseline points="328,2810 387,2809 446,2808 505,2807 565,2807 624,2807 683,2806 742,2806 802,2806 861,2806 920,2805 979,2805 1039,2804 1098,2803 1157,2802 1216,2800 1276,2797 1335,2795 1394,2791 1453,2788 1513,2784"/>
                <TextEquiv>
                    <Unicode>Indessen gleichviel, man sah gewiß nicht nur Lamento, sondern</Unicode>
                </TextEquiv>
            </TextLine>
            <TextLine id="r1l35" custom="readingOrder {index:34;}">
                <Coords points="275,2854 1374,2844 1523,2810 274,2820"/>
                <Baseline points="282,2851 343,2849 405,2848 466,2848 528,2847 590,2846 651,2846 713,2846 775,2846 836,2845 898,2845 960,2844 1021,2844 1083,2843 1145,2842 1206,2840 1268,2838 1330,2836 1391,2834 1453,2830 1515,2826"/>
                <TextEquiv>
                    <Unicode>immer auch Leber, von eines Dichters Auge umfaßt, — echte Ge¬</Unicode>
                </TextEquiv>
            </TextLine>
            <TextLine id="r1l36" custom="readingOrder {index:35;}">
                <Coords points="282,2912 1517,2865 1486,2831 281,2859"/>
                <Baseline points="289,2893 350,2892 411,2892 472,2891 533,2891 594,2890 655,2890 716,2889 777,2889 838,2888 899,2888 960,2887 1021,2886 1082,2884 1143,2883 1204,2881 1265,2879 1326,2877 1387,2874 1448,2871 1509,2867"/>
                <TextEquiv>
                    <Unicode>meinheit, echte Liebe, echten, kalten Haß. Und Arthur Schnitzlers</Unicode>
                </TextEquiv>
            </TextLine>
            <TextLine id="r1l37" custom="readingOrder {index:36;}">
                <Coords points="265,2933 1523,2913 1496,2874 265,2899"/>
                <Baseline points="273,2935 335,2934 397,2933 459,2933 521,2932 583,2931 645,2931 707,2930 769,2929 831,2929 894,2928 956,2927 1018,2926 1080,2925 1142,2923 1204,2922 1266,2920 1328,2918 1390,2916 1452,2913 1515,2910"/>
                <TextEquiv>
                    <Unicode>empfindliche Menschen fanden im Volkstheater vortreffliche Darsteller.</Unicode>
                </TextEquiv>
            </TextLine>
            <TextLine id="r1l38" custom="readingOrder {index:37;}">
                <Coords points="268,2965 355,2994 1529,2962 1470,2914 267,2947"/>
                <Baseline points="276,2978 338,2977 400,2976 462,2974 525,2973 587,2972 649,2971 711,2970 774,2969 836,2968 898,2967 960,2966 1023,2965 1085,2964 1147,2963 1209,2962 1272,2960 1334,2959 1396,2957 1458,2956 1521,2954"/>
                <TextEquiv>
                    <Unicode>Annelise Wagner, die das jüngere der Mädchen gab, fiel mir</Unicode>
                </TextEquiv>
            </TextLine>
            <TextLine id="r1l39" custom="readingOrder {index:38;}">
                <Coords points="276,3012 1247,3021 1523,3004 1523,2963 276,2986"/>
                <Baseline points="284,3019 345,3018 407,3017 468,3016 530,3015 592,3014 653,3013 715,3012 776,3011 838,3009 900,3008 961,3007 1023,3005 1084,3003 1146,3002 1208,3000 1269,2999 1331,2997 1392,2996 1454,2994 1516,2993"/>
                <TextEquiv>
                    <Unicode>in erster Linie auf durch die sehr gewinnende und noch anderes ver¬</Unicode>
                </TextEquiv>
            </TextLine>
            <TextLine id="r1l40" custom="readingOrder {index:39;}">
                <Coords points="268,3058 1532,3046 1531,3007 1446,2998 267,3020"/>
                <Baseline points="275,3065 337,3062 399,3060 462,3058 524,3056 587,3055 649,3053 712,3052 774,3050 837,3049 899,3048 961,3047 1024,3046 1086,3045 1149,3043 1211,3042 1274,3041 1336,3039 1399,3037 1461,3035 1524,3032"/>
                <TextEquiv>
                    <Unicode>sprechende Zartheit und Schlankheit ihres Wesens. Am nächsten</Unicode>
                </TextEquiv>
            </TextLine>
            <TextLine id="r1l41" custom="readingOrder {index:40;}">
                <Coords points="282,3118 1524,3080 1523,3047 1391,3042 281,3066"/>
                <Baseline points="289,3104 350,3102 411,3100 473,3098 534,3096 595,3095 657,3093 718,3092 779,3091 841,3090 902,3089 963,3088 1025,3087 1086,3086 1147,3084 1209,3083 1270,3082 1331,3080 1393,3078 1454,3076 1516,3074"/>
                <TextEquiv>
                    <Unicode>standen ihr, künstlerisch, Robert Müller und Maximilian</Unicode>
                </TextEquiv>
            </TextLine>
            <TextLine id="r1l42" custom="readingOrder {index:41;}">
                <Coords points="274,3145 1447,3132 1516,3090 274,3122"/>
                <Baseline points="283,3141 344,3140 405,3139 466,3138 528,3137 589,3136 650,3135 712,3134 773,3133 834,3132 896,3131 957,3130 1018,3129 1079,3128 1141,3126 1202,3125 1263,3124 1325,3123 1386,3122 1447,3120 1509,3119"/>
                <TextEquiv>
                    <Unicode>Sladek, die beide ihre Aufgabe, den mit Korrektheit einerseits und</Unicode>
                </TextEquiv>
            </TextLine>
            <TextLine id="r1l43" custom="readingOrder {index:42;}">
                <Coords points="287,3180 1392,3179 1525,3127 286,3155"/>
                <Baseline points="294,3188 355,3186 416,3184 477,3182 538,3180 600,3179 661,3177 722,3176 783,3174 844,3173 906,3172 967,3171 1028,3170 1089,3168 1150,3167 1212,3166 1273,3164 1334,3163 1395,3161 1456,3160 1518,3158"/>
                <TextEquiv>
                    <Unicode>mit geistiger Originalität andererseits übertünchte:. Egoismus</Unicode>
                </TextEquiv>
            </TextLine>
            <TextLine id="r1l44" custom="readingOrder {index:43;}">
                <Coords points="285,3238 1530,3213 1532,3172 283,3191"/>
                <Baseline points="292,3231 353,3228 415,3226 476,3223 538,3221 600,3219 661,3218 723,3216 784,3215 846,3214 908,3213 969,3212 1031,3211 1092,3210 1154,3208 1216,3207 1277,3206 1339,3204 1400,3202 1462,3200 1524,3198"/>
                <TextEquiv>
                    <Unicode>brutalster Sorte zu verkörpern, in sehr guter Weise lösten. Martha</Unicode>
                </TextEquiv>
            </TextLine>
            <TextLine id="r1l45" custom="readingOrder {index:44;}">
                <Coords points="271,3282 1535,3249 1474,3205 271,3252"/>
                <Baseline points="279,3271 341,3269 403,3268 466,3266 528,3265 591,3263 653,3262 715,3260 778,3259 840,3257 903,3256 965,3255 1027,3254 1090,3253 1152,3251 1215,3250 1277,3249 1339,3248 1402,3247 1464,3246 1527,3245"/>
                <TextEquiv>
                    <Unicode>Angerstein war in der Rolle der braven Franziska sympathisch,</Unicode>
                </TextEquiv>
            </TextLine>
            <TextLine id="r1l46" custom="readingOrder {index:45;}">
                <Coords points="271,3302 1531,3287 1530,3246 271,3283"/>
                <Baseline points="279,3313 341,3311 403,3310 465,3308 527,3306 590,3305 652,3303 714,3302 776,3300 838,3299 901,3297 963,3296 1025,3295 1087,3294 1149,3293 1212,3292 1274,3291 1336,3290 1398,3289 1460,3288 1523,3287"/>
                <TextEquiv>
                    <Unicode>aber ein wenig ausdrucksarm. Hedwig v. Lorée fand für den</Unicode>
                </TextEquiv>
            </TextLine>
            <TextLine id="r1l47" custom="readingOrder {index:46;}">
                <Coords points="286,3355 1539,3329 1538,3295 1440,3283 285,3314"/>
                <Baseline points="294,3353 355,3352 417,3351 479,3349 541,3348 603,3346 665,3345 726,3343 788,3341 850,3339 912,3338 974,3336 1036,3335 1098,3333 1159,3332 1221,3331 1283,3330 1345,3329 1407,3328 1469,3328 1531,3328"/>
                <TextEquiv>
                    <Unicode>mütterlichen Schmerz die besten Tränen, die überhaupt an diesem</Unicode>
                </TextEquiv>
            </TextLine>
            <TextLine id="r1l48" custom="readingOrder {index:47;}">
                <Coords points="279,3401 1455,3383 1539,3347 278,3358"/>
                <Baseline points="286,3392 348,3391 410,3390 472,3389 535,3388 597,3386 659,3385 721,3383 784,3382 846,3380 908,3379 970,3377 1033,3375 1095,3374 1157,3372 1219,3371 1282,3370 1344,3368 1406,3368 1468,3367 1531,3366"/>
                <TextEquiv>
                    <Unicode>tränenreichen Abend geweint wurden. Johannes Niemann</Unicode>
                </TextEquiv>
            </TextLine>
            <TextLine id="r1l49" custom="readingOrder {index:48;}">
                <Coords points="278,3436 1355,3424 1502,3413 1530,3374 277,3407"/>
                <Baseline points="285,3436 346,3434 408,3431 470,3429 532,3427 594,3425 656,3424 718,3422 780,3420 842,3419 904,3418 965,3417 1027,3416 1089,3414 1151,3413 1213,3413 1275,3412 1337,3411 1399,3410 1461,3409 1523,3409"/>
                <TextEquiv>
                    <Unicode>starb mit Anschaulichkeit, aber ohne tiefere Nüancen, für seine un¬</Unicode>
                </TextEquiv>
            </TextLine>
            <TextLine id="r1l50" custom="readingOrder {index:49;}">
                <Coords points="292,3482 1540,3443 1487,3411 291,3438"/>
                <Baseline points="299,3477 360,3475 422,3474 483,3473 545,3471 607,3470 668,3468 730,3467 792,3466 853,3464 915,3462 977,3461 1038,3460 1100,3458 1162,3457 1223,3456 1285,3455 1347,3454 1408,3453 1470,3452 1532,3452"/>
                <TextEquiv>
                    <Unicode>glückselige Geliebte hatte Jella Wagner ein paar echte Töne.</Unicode>
                </TextEquiv>
            </TextLine>
            <TextLine id="r1l51" custom="readingOrder {index:50;}">
                <Coords points="288,3521 1327,3522 1548,3458 287,3488"/>
                <Baseline points="295,3515 357,3515 419,3515 481,3514 544,3514 606,3513 668,3512 731,3511 793,3510 855,3508 918,3507 980,3506 1042,3504 1104,3502 1167,3501 1229,3500 1291,3498 1354,3497 1416,3496 1478,3494 1541,3493"/>
                <TextEquiv>
                    <Unicode>Elisabeth Huch vertrat geschickt die alles verstehende ältere</Unicode>
                </TextEquiv>
            </TextLine>
            <TextLine id="r1l52" custom="readingOrder {index:51;}">
                <Coords points="290,3568 318,3567 330,3579 338,3581 349,3574 365,3581 400,3566 412,3571 429,3561 437,3566 451,3563 451,3539 431,3541 401,3529 385,3532 376,3522 362,3519 349,3524 327,3521 321,3526 303,3513 289,3513"/>
                <Baseline points="297,3559 326,3557 355,3557 385,3558 414,3558 444,3556"/>
                <TextEquiv>
                    <Unicode>Witwe.</Unicode>
                </TextEquiv>
            </TextLine>
            <TextEquiv>
                <Unicode>10. Das Vernaechtnis
Telephon 12.801.
„ODSLMTEN
I. öoterr. beh. konz. Unternehmen für Zeitungs¬
Aueschnitte und Bibliographie.
Wien, I., Concordiaplatz 4.
Vertretungen
in Berlin, Brüssel, Budapest, Chicago, Cleveland, Christiania,
Genl, Kopenhagen, London, Madrid, Mailand, Minneapolis,
New-York, Paris, Rom, San Francisco, Stockholm, St. Peters¬
burg, Toronto.
Guellenangabe ohne Gewähr.)
Ausschnitt aus
RLINEH TAGBLAPT
10001191
vom:
h. f. Schnitzlers „Vermächtnis“ kam gestern abend auf der
Neuen freten Völksbühne zur Aufführung. Als das Schauspiel,
in dessen Rahmen fast ein halbes Dutzend Schicksalstragödien ein¬
geschlossen ist, vor dreizehn Jahren zum erstenmal im Deutschen
Theater gespielt wurde, stand sein Erfolg nicht fest. Heute sträubt
sich auch ein naiveres Publikum gegen die Ueberfülle der Wirkungen,
obwohl eine Meisterhand sie vorbereitet. Am Schlusse eines jeden
Aktes fließt das Träuenkrüglein über, sechs Erwachsene und ein
Kind weinen nach dem Hinscheiden des armen Hugo auf der Szene,
es schluchzt das ganze Parkett, und man erwartet nachgerade, daß
auch der Tote sich noch einmal erhebt, um in die allgemeine, aber
nicht unbedingt ergreifende Klage einzustimmen. Das zur Be¬
freiung drängende Lachen, dieser tückische Feind aller Rührseligkeit
im Theater, war an einer kritischen Stelle nahe daran, zu trium¬
phieren, und die sonst so ungewöhnlich tüchtige Regie wird gut daran
tun, die Tränenschlußsermate des ersten Aufzuges um etwa dreißig
Sekunden abzukürzen.
Indessen gleichviel, man sah gewiß nicht nur Lamento, sondern
immer auch Leber, von eines Dichters Auge umfaßt, — echte Ge¬
meinheit, echte Liebe, echten, kalten Haß. Und Arthur Schnitzlers
empfindliche Menschen fanden im Volkstheater vortreffliche Darsteller.
Annelise Wagner, die das jüngere der Mädchen gab, fiel mir
in erster Linie auf durch die sehr gewinnende und noch anderes ver¬
sprechende Zartheit und Schlankheit ihres Wesens. Am nächsten
standen ihr, künstlerisch, Robert Müller und Maximilian
Sladek, die beide ihre Aufgabe, den mit Korrektheit einerseits und
mit geistiger Originalität andererseits übertünchte:. Egoismus
brutalster Sorte zu verkörpern, in sehr guter Weise lösten. Martha
Angerstein war in der Rolle der braven Franziska sympathisch,
aber ein wenig ausdrucksarm. Hedwig v. Lorée fand für den
mütterlichen Schmerz die besten Tränen, die überhaupt an diesem
tränenreichen Abend geweint wurden. Johannes Niemann
starb mit Anschaulichkeit, aber ohne tiefere Nüancen, für seine un¬
glückselige Geliebte hatte Jella Wagner ein paar echte Töne.
Elisabeth Huch vertrat geschickt die alles verstehende ältere
Witwe.</Unicode>
            </TextEquiv>
        </TextRegion>
        <TextRegion orientation="0.0" id="r2" custom="readingOrder {index:1;}">
            <Coords points="1409,202 1409,354 1845,354 1845,202"/>
            <TextLine id="r2l1" custom="readingOrder {index:0;}">
                <Coords points="1401,311 1446,326 1542,307 1645,319 1682,302 1734,323 1781,321 1852,300 1853,249 1664,245 1626,272 1445,241 1401,250"/>
                <Baseline points="1409,303 1434,302 1460,302 1485,302 1511,302 1537,302 1562,303 1588,303 1614,303 1639,303 1665,304 1691,304 1716,304 1742,304 1768,304 1793,304 1819,304 1845,303"/>
                <TextEquiv>
                    <Unicode>box 16/5</Unicode>
                </TextEquiv>
            </TextLine>
            <TextEquiv>
                <Unicode>box 16/5</Unicode>
            </TextEquiv>
        </TextRegion>
        <TextRegion orientation="0.0" id="r3" custom="readingOrder {index:2;}">
            <Coords points="1864,833 1864,3867 2964,3867 2964,833"/>
            <TextLine id="r3l1" custom="readingOrder {index:0;}">
                <Coords points="2577,873 2612,886 2790,879 2919,899 2971,893 2973,854 2913,815 2872,816 2857,801 2817,817 2799,807 2674,821 2641,805 2579,817"/>
                <Baseline points="2586,853 2611,854 2636,855 2661,855 2686,855 2712,856 2737,856 2762,857 2787,858 2812,858 2838,860 2863,862 2888,864 2913,867 2938,871 2964,875"/>
                <TextEquiv>
                    <Unicode>Telephon 12.801.</Unicode>
                </TextEquiv>
            </TextLine>
            <TextLine id="r3l2" custom="readingOrder {index:1;}">
                <Coords points="2018,1012 2210,1013 2280,1039 2348,1015 2435,1028 2473,1002 2708,1029 2771,1017 2772,990 2533,992 2502,962 2396,982 2340,942 2181,981 2131,961 2019,983"/>
                <Baseline points="2026,1008 2062,1006 2099,1003 2136,1002 2173,1001 2210,1001 2247,1001 2283,1001 2320,1002 2357,1003 2394,1004 2431,1005 2468,1007 2505,1008 2541,1009 2578,1010 2615,1010 2652,1011 2689,1011 2726,1010 2763,1009"/>
                <TextEquiv>
                    <Unicode>„O DIJERVEN</Unicode>
                </TextEquiv>
            </TextLine>
            <TextLine id="r3l3" custom="readingOrder {index:2;}">
                <Coords points="1856,1060 2957,1077 2957,1046 2721,1046 2677,1015 2097,1044 1999,1004 1856,1043"/>
                <Baseline points="1864,1060 1918,1061 1972,1062 2026,1062 2081,1063 2135,1064 2189,1065 2243,1066 2298,1067 2352,1068 2406,1069 2460,1071 2515,1072 2569,1074 2623,1075 2677,1077 2732,1079 2786,1080 2840,1082 2894,1084 2949,1087"/>
                <TextEquiv>
                    <Unicode>I. österr. beh. konz. Unternehmen für Zeitungs¬</Unicode>
                </TextEquiv>
            </TextLine>
            <TextLine id="r3l4" custom="readingOrder {index:3;}">
                <Coords points="2072,1104 2209,1128 2343,1107 2589,1139 2621,1121 2759,1129 2760,1085 2663,1075 2073,1074"/>
                <Baseline points="2080,1101 2113,1102 2147,1104 2180,1105 2214,1106 2248,1107 2281,1108 2315,1108 2348,1110 2382,1110 2416,1111 2449,1112 2483,1113 2516,1114 2550,1114 2584,1115 2617,1116 2651,1116 2684,1117 2718,1118 2752,1118"/>
                <TextEquiv>
                    <Unicode>Ausschnitte und Bibliographie.</Unicode>
                </TextEquiv>
            </TextLine>
            <TextLine id="r3l5" custom="readingOrder {index:4;}">
                <Coords points="2046,1179 2274,1196 2308,1169 2592,1202 2731,1176 2807,1197 2808,1162 2750,1134 2404,1144 2356,1116 2293,1139 2048,1116"/>
                <Baseline points="2054,1164 2091,1166 2128,1169 2165,1170 2203,1172 2240,1173 2277,1174 2315,1174 2352,1175 2389,1176 2427,1176 2464,1177 2501,1177 2538,1178 2576,1178 2613,1179 2650,1180 2688,1180 2725,1181 2762,1183 2800,1184"/>
                <TextEquiv>
                    <Unicode>Wien, I., Conoordiaplatz 4.</Unicode>
                </TextEquiv>
            </TextLine>
            <TextLine id="r3l6" custom="readingOrder {index:5;}">
                <Coords points="2260,1244 2370,1253 2414,1244 2468,1258 2541,1258 2583,1240 2583,1210 2557,1205 2528,1215 2448,1196 2401,1214 2261,1201"/>
                <Baseline points="2269,1236 2294,1237 2320,1238 2345,1239 2371,1240 2396,1241 2422,1241 2447,1242 2473,1242 2498,1243 2524,1243 2549,1242 2575,1242"/>
                <TextEquiv>
                    <Unicode>Vertretungen</Unicode>
                </TextEquiv>
            </TextLine>
            <TextLine id="r3l7" custom="readingOrder {index:6;}">
                <Coords points="1862,1270 2960,1295 2903,1251 2760,1240 1863,1234"/>
                <Baseline points="1871,1268 1925,1269 1979,1271 2033,1272 2087,1274 2141,1275 2195,1276 2249,1277 2303,1279 2357,1280 2411,1281 2465,1282 2519,1284 2573,1285 2627,1286 2681,1287 2735,1287 2789,1288 2843,1289 2897,1289 2952,1289"/>
                <TextEquiv>
                    <Unicode>in Berlin, Brüssel, Budapest, Chicago, Cleveland, Christiania,</Unicode>
                </TextEquiv>
            </TextLine>
            <TextLine id="r3l8" custom="readingOrder {index:7;}">
                <Coords points="1931,1321 2934,1343 2968,1311 1932,1280"/>
                <Baseline points="1940,1307 1991,1310 2042,1312 2093,1315 2144,1316 2195,1318 2246,1319 2297,1320 2348,1321 2399,1322 2450,1323 2501,1323 2552,1324 2603,1325 2654,1325 2705,1326 2756,1327 2807,1328 2858,1329 2909,1331 2960,1332"/>
                <TextEquiv>
                    <Unicode>, Kopenhagen, London, Madrid, Mailand, Mirneapolts,</Unicode>
                </TextEquiv>
            </TextLine>
            <TextLine id="r3l9" custom="readingOrder {index:8;}">
                <Coords points="1870,1352 2649,1391 2898,1388 2965,1348 1871,1325"/>
                <Baseline points="1878,1346 1931,1347 1985,1348 2039,1350 2093,1351 2147,1352 2201,1354 2255,1355 2309,1357 2363,1358 2417,1359 2470,1360 2524,1361 2578,1363 2632,1363 2686,1364 2740,1365 2794,1365 2848,1365 2902,1365 2956,1365"/>
                <TextEquiv>
                    <Unicode>Bew-York, Paris, Rom, San Francisco, Stockholm, St. Petere¬</Unicode>
                </TextEquiv>
            </TextLine>
            <TextLine id="r3l10" custom="readingOrder {index:9;}">
                <Coords points="2270,1396 2360,1411 2388,1399 2402,1407 2449,1402 2479,1415 2556,1405 2556,1374 2536,1380 2503,1365 2344,1372 2306,1370 2291,1359 2270,1368"/>
                <Baseline points="2278,1392 2305,1396 2332,1398 2359,1398 2386,1399 2413,1398 2440,1398 2467,1397 2494,1397 2521,1398 2549,1400"/>
                <TextEquiv>
                    <Unicode>burg, Toronto.</Unicode>
                </TextEquiv>
            </TextLine>
            <TextLine id="r3l11" custom="readingOrder {index:10;}">
                <Coords points="2204,1439 2403,1451 2418,1440 2438,1455 2562,1441 2606,1453 2628,1448 2629,1412 2494,1404 2478,1415 2388,1399 2269,1408 2249,1395 2204,1414"/>
                <Baseline points="2212,1431 2237,1431 2263,1431 2288,1431 2314,1431 2339,1432 2365,1432 2390,1433 2416,1433 2442,1434 2467,1435 2493,1435 2518,1435 2544,1436 2569,1436 2595,1435 2621,1435"/>
                <TextEquiv>
                    <Unicode>(Quellenangsbt ehne Gewamr.</Unicode>
                </TextEquiv>
            </TextLine>
            <TextLine id="r3l12" custom="readingOrder {index:11;}">
                <Coords points="1860,1515 1947,1505 2052,1515 2074,1503 2253,1515 2254,1479 2227,1462 2183,1471 2134,1453 2081,1457 2057,1441 1990,1469 1917,1441 1861,1457"/>
                <Baseline points="1868,1498 1893,1497 1918,1497 1943,1497 1968,1497 1994,1497 2019,1497 2044,1497 2069,1497 2094,1497 2120,1498 2145,1498 2170,1499 2195,1499 2220,1501 2246,1502"/>
                <TextEquiv>
                    <Unicode>Ausschnitt aus:</Unicode>
                </TextEquiv>
            </TextLine>
            <TextLine id="r3l13" custom="readingOrder {index:12;}">
                <Coords points="2083,1602 2325,1626 2437,1603 2491,1624 2518,1600 2726,1622 2728,1581 2646,1543 2440,1534 2389,1556 2349,1530 2307,1551 2283,1529 2166,1525 2085,1564"/>
                <Baseline points="2092,1581 2123,1586 2154,1590 2186,1594 2217,1596 2248,1598 2280,1599 2311,1600 2342,1600 2374,1601 2405,1601 2436,1601 2468,1601 2499,1602 2530,1603 2562,1604 2593,1605 2624,1607 2656,1611 2687,1614 2719,1619"/>
                <TextEquiv>
                    <Unicode>1000I IOff 4 3, Berlis</Unicode>
                </TextEquiv>
            </TextLine>
            <TextLine id="r3l14" custom="readingOrder {index:13;}">
                <Coords points="1902,1658 1917,1654 1953,1660 1960,1651 1975,1657 1979,1653 2004,1653 1994,1581 1979,1584 1972,1581 1968,1587 1916,1581 1892,1588"/>
                <Baseline points="1908,1646 1936,1641 1965,1634 1994,1636"/>
                <TextEquiv>
                    <Unicode>1</Unicode>
                </TextEquiv>
            </TextLine>
            <TextLine id="r3l15" custom="readingOrder {index:14;}">
                <Coords points="2086,1767 2851,1776 2919,1771 2920,1713 2706,1733 2352,1726 2279,1694 2086,1712"/>
                <Baseline points="2093,1751 2133,1752 2174,1754 2215,1755 2256,1757 2297,1758 2338,1759 2379,1760 2420,1761 2461,1762 2502,1763 2542,1763 2583,1764 2624,1764 2665,1764 2706,1765 2747,1765 2788,1765 2829,1765 2870,1765 2911,1764"/>
                <TextEquiv>
                    <Unicode>K. Die Neue freie Volksbühne brachte</Unicode>
                </TextEquiv>
            </TextLine>
            <TextLine id="r3l16" custom="readingOrder {index:15;}">
                <Coords points="2014,1798 2785,1818 2907,1808 2908,1768 2334,1775 2015,1742"/>
                <Baseline points="2023,1790 2066,1793 2110,1794 2154,1796 2198,1797 2242,1798 2285,1800 2329,1801 2373,1801 2417,1802 2461,1802 2504,1802 2548,1802 2592,1803 2636,1802 2680,1802 2723,1802 2767,1802 2811,1801 2855,1801 2899,1800"/>
                <TextEquiv>
                    <Unicode>Estern (Montag) Arthur Schnitztens dro##tiges</Unicode>
                </TextEquiv>
            </TextLine>
            <TextLine id="r3l17" custom="readingOrder {index:16;}">
                <Coords points="2002,1841 2658,1850 2694,1828 2869,1851 2903,1848 2904,1809 2218,1815 2003,1789"/>
                <Baseline points="2010,1832 2054,1833 2098,1834 2142,1835 2187,1835 2231,1836 2275,1838 2320,1839 2364,1839 2408,1841 2453,1841 2497,1842 2541,1842 2585,1843 2630,1843 2674,1843 2718,1843 2763,1842 2807,1841 2851,1840 2896,1839"/>
                <TextEquiv>
                    <Unicode>Schauspiel „Das-Vermächtnis“ zur Auf¬</Unicode>
                </TextEquiv>
            </TextLine>
            <TextLine id="r3l18" custom="readingOrder {index:17;}">
                <Coords points="2009,1870 2907,1877 2907,1852 2823,1842 2010,1840"/>
                <Baseline points="2017,1872 2061,1872 2105,1873 2149,1874 2193,1875 2237,1876 2281,1877 2326,1878 2370,1879 2414,1880 2458,1881 2502,1881 2546,1882 2590,1882 2635,1882 2679,1882 2723,1881 2767,1880 2811,1879 2855,1877 2900,1875"/>
                <TextEquiv>
                    <Unicode>lführung. Gerade 13 Jahre sind verflossen, seit¬</Unicode>
                </TextEquiv>
            </TextLine>
            <TextLine id="r3l19" custom="readingOrder {index:18;}">
                <Coords points="2005,1931 2186,1907 2719,1933 2871,1924 2910,1885 2005,1867"/>
                <Baseline points="2013,1911 2057,1911 2101,1911 2146,1911 2190,1911 2235,1912 2279,1913 2324,1914 2368,1915 2413,1916 2457,1916 2501,1918 2546,1919 2590,1919 2635,1920 2679,1920 2724,1921 2768,1920 2813,1920 2857,1919 2902,1918"/>
                <TextEquiv>
                    <Unicode>dem das Stück, in dem so viel traurige Stim¬</Unicode>
                </TextEquiv>
            </TextLine>
            <TextLine id="r3l20" custom="readingOrder {index:19;}">
                <Coords points="2006,1967 2841,1966 2908,1959 2909,1904 2666,1939 2577,1915 2006,1923"/>
                <Baseline points="2014,1951 2058,1951 2102,1951 2147,1951 2191,1951 2235,1952 2280,1952 2324,1953 2368,1953 2413,1954 2457,1955 2501,1955 2546,1956 2590,1957 2634,1957 2679,1958 2723,1958 2767,1958 2812,1958 2856,1957 2901,1957"/>
                <TextEquiv>
                    <Unicode>mung und so wenig tragische Kraft, so viel Ge¬</Unicode>
                </TextEquiv>
            </TextLine>
            <TextLine id="r3l21" custom="readingOrder {index:20;}">
                <Coords points="2009,1992 2913,2003 2913,1962 2807,1953 2009,1959"/>
                <Baseline points="2017,1989 2061,1989 2105,1989 2150,1989 2194,1990 2239,1990 2283,1991 2328,1991 2372,1992 2417,1993 2461,1994 2505,1994 2550,1995 2594,1996 2639,1996 2683,1996 2728,1996 2772,1996 2817,1995 2861,1994 2906,1993"/>
                <TextEquiv>
                    <Unicode>sinnung und so wenig Handlung steckt, im Deut¬</Unicode>
                </TextEquiv>
            </TextLine>
            <TextLine id="r3l22" custom="readingOrder {index:21;}">
                <Coords points="2011,2039 2905,2050 2905,1986 2012,1994"/>
                <Baseline points="2019,2027 2062,2027 2106,2027 2150,2027 2194,2028 2238,2028 2282,2028 2325,2028 2369,2029 2413,2029 2457,2030 2501,2030 2545,2030 2589,2031 2632,2031 2676,2031 2720,2031 2764,2032 2808,2032 2852,2032 2896,2032"/>
                <TextEquiv>
                    <Unicode>schen Theater zum ersten Male meisterhaft gespielt</Unicode>
                </TextEquiv>
            </TextLine>
            <TextLine id="r3l23" custom="readingOrder {index:22;}">
                <Coords points="2010,2068 2888,2083 2908,2019 2866,2047 2010,2039"/>
                <Baseline points="2019,2066 2063,2066 2107,2065 2151,2065 2195,2066 2239,2066 2283,2066 2327,2067 2371,2067 2415,2068 2459,2068 2503,2068 2547,2069 2591,2069 2635,2069 2679,2069 2723,2069 2767,2069 2811,2068 2855,2068 2900,2066"/>
                <TextEquiv>
                    <Unicode>und achtungsvoll ausgenommen wurde. Die Ge¬</Unicode>
                </TextEquiv>
            </TextLine>
            <TextLine id="r3l24" custom="readingOrder {index:23;}">
                <Coords points="1997,2105 2835,2123 2902,2110 2903,2078 1997,2067"/>
                <Baseline points="2005,2104 2049,2104 2094,2104 2138,2104 2183,2104 2227,2104 2272,2105 2316,2105 2361,2106 2405,2106 2450,2107 2494,2107 2539,2108 2583,2108 2628,2109 2672,2109 2717,2110 2761,2110 2806,2110 2850,2109 2895,2109"/>
                <TextEquiv>
                    <Unicode>schichte von dem seltsamen Vermächtnis, das ein</Unicode>
                </TextEquiv>
            </TextLine>
            <TextLine id="r3l25" custom="readingOrder {index:24;}">
                <Coords points="2004,2156 2666,2142 2795,2164 2897,2157 2898,2117 2005,2108"/>
                <Baseline points="2012,2142 2055,2142 2099,2142 2143,2143 2187,2143 2231,2144 2275,2144 2319,2145 2363,2145 2407,2146 2451,2146 2494,2147 2538,2147 2582,2148 2626,2148 2670,2148 2714,2148 2758,2148 2802,2148 2846,2148 2890,2148"/>
                <TextEquiv>
                    <Unicode>überaus braver Jüngling, der eben vom Pferde</Unicode>
                </TextEquiv>
            </TextLine>
            <TextLine id="r3l26" custom="readingOrder {index:25;}">
                <Coords points="1994,2197 2898,2186 2898,2157 2666,2141 1994,2145"/>
                <Baseline points="2002,2181 2046,2181 2090,2181 2135,2181 2179,2182 2224,2182 2268,2183 2313,2183 2357,2184 2402,2185 2446,2185 2490,2186 2535,2186 2579,2187 2624,2187 2668,2187 2713,2187 2757,2187 2802,2187 2846,2187 2891,2186"/>
                <TextEquiv>
                    <Unicode>gestürzt, den überraschten Eltern übergibt und</Unicode>
                </TextEquiv>
            </TextLine>
            <TextLine id="r3l27" custom="readingOrder {index:26;}">
                <Coords points="1995,2225 2891,2242 2903,2179 1995,2189"/>
                <Baseline points="2003,2220 2047,2219 2092,2219 2136,2219 2181,2219 2225,2220 2270,2220 2314,2221 2359,2222 2403,2222 2448,2223 2493,2224 2537,2224 2582,2225 2626,2225 2671,2226 2715,2225 2760,2225 2804,2225 2849,2223 2894,2222"/>
                <TextEquiv>
                    <Unicode>sie bittet, seiner Geliebten und seinem Kinde, von</Unicode>
                </TextEquiv>
            </TextLine>
            <TextLine id="r3l28" custom="readingOrder {index:27;}">
                <Coords points="1988,2255 2867,2275 2901,2236 1989,2228"/>
                <Baseline points="1996,2255 2040,2255 2085,2256 2130,2256 2175,2256 2220,2257 2264,2257 2309,2258 2354,2259 2399,2259 2444,2260 2488,2261 2533,2261 2578,2262 2623,2262 2668,2263 2712,2263 2757,2263 2802,2263 2847,2263 2892,2263"/>
                <TextEquiv>
                    <Unicode>denen sie bisher keine Ahnung hatten, eine Heimat</Unicode>
                </TextEquiv>
            </TextLine>
            <TextLine id="r3l29" custom="readingOrder {index:28;}">
                <Coords points="1988,2306 2877,2320 2893,2276 1988,2265"/>
                <Baseline points="1996,2297 2040,2297 2084,2298 2129,2298 2173,2298 2218,2298 2262,2298 2306,2299 2351,2299 2395,2299 2440,2299 2484,2299 2528,2300 2573,2300 2617,2300 2662,2301 2706,2301 2750,2302 2795,2303 2839,2304 2884,2305"/>
                <TextEquiv>
                    <Unicode>zu gewähren, hat mit den Jahren kaum an Reiz,</Unicode>
                </TextEquiv>
            </TextLine>
            <TextLine id="r3l30" custom="readingOrder {index:29;}">
                <Coords points="1997,2338 2879,2360 2889,2322 1997,2303"/>
                <Baseline points="2004,2337 2047,2336 2091,2336 2135,2336 2179,2336 2223,2336 2267,2337 2310,2337 2354,2338 2398,2338 2442,2339 2486,2339 2530,2340 2574,2340 2617,2341 2661,2341 2705,2341 2749,2341 2793,2341 2837,2341 2881,2340"/>
                <TextEquiv>
                    <Unicode>gewonnen, ja man empfindet heute mehr wohl noch</Unicode>
                </TextEquiv>
            </TextLine>
            <TextLine id="r3l31" custom="readingOrder {index:30;}">
                <Coords points="1990,2377 2889,2375 2889,2348 2701,2337 1990,2340"/>
                <Baseline points="1998,2371 2042,2372 2086,2372 2130,2373 2174,2374 2218,2374 2262,2375 2307,2375 2351,2376 2395,2376 2439,2377 2483,2377 2527,2378 2571,2378 2616,2378 2660,2379 2704,2379 2748,2379 2792,2380 2836,2380 2881,2381"/>
                <TextEquiv>
                    <Unicode>als früher, daß nach dem peinvoll ergreifend ein¬</Unicode>
                </TextEquiv>
            </TextLine>
            <TextLine id="r3l32" custom="readingOrder {index:31;}">
                <Coords points="1991,2409 2899,2417 2899,2373 1992,2377"/>
                <Baseline points="1999,2412 2043,2411 2088,2410 2132,2410 2177,2410 2222,2411 2266,2411 2311,2412 2355,2413 2400,2413 2445,2414 2489,2415 2534,2416 2578,2417 2623,2417 2668,2418 2712,2418 2757,2418 2801,2418 2846,2417 2891,2416"/>
                <TextEquiv>
                    <Unicode>setzenden ersten Akt, der Schnitzlers ganze Meister¬</Unicode>
                </TextEquiv>
            </TextLine>
            <TextLine id="r3l33" custom="readingOrder {index:32;}">
                <Coords points="1992,2453 2848,2469 2891,2417 1993,2415"/>
                <Baseline points="2001,2450 2045,2449 2089,2449 2133,2448 2177,2448 2221,2448 2265,2449 2309,2450 2353,2450 2397,2451 2441,2452 2485,2453 2529,2454 2573,2455 2617,2455 2661,2456 2705,2456 2749,2456 2793,2456 2837,2455 2882,2454"/>
                <TextEquiv>
                    <Unicode>schaft in stimmungsvoller Detailmalerei zeigt, die</Unicode>
                </TextEquiv>
            </TextLine>
            <TextLine id="r3l34" custom="readingOrder {index:33;}">
                <Coords points="1989,2492 2843,2509 2887,2490 2888,2451 1990,2457"/>
                <Baseline points="1997,2487 2041,2486 2085,2486 2129,2486 2173,2486 2217,2487 2261,2488 2306,2488 2350,2489 2394,2491 2438,2491 2482,2493 2526,2494 2570,2494 2615,2495 2659,2495 2703,2496 2747,2496 2791,2495 2835,2495 2880,2493"/>
                <TextEquiv>
                    <Unicode>weiteren Aufzüge nur von teils klugen, teils emp¬</Unicode>
                </TextEquiv>
            </TextLine>
            <TextLine id="r3l35" custom="readingOrder {index:34;}">
                <Coords points="1990,2528 2638,2546 2663,2522 2828,2553 2894,2535 2895,2498 1990,2495"/>
                <Baseline points="1998,2524 2042,2524 2086,2524 2131,2525 2175,2525 2220,2526 2264,2527 2308,2528 2353,2529 2397,2530 2442,2531 2486,2532 2530,2533 2575,2533 2619,2534 2664,2534 2708,2535 2752,2535 2797,2534 2841,2534 2886,2533"/>
                <TextEquiv>
                    <Unicode>findsamen Worten leben und reich an allerlei</Unicode>
                </TextEquiv>
            </TextLine>
            <TextLine id="r3l36" custom="readingOrder {index:35;}">
                <Coords points="1993,2569 2892,2592 2890,2540 1994,2529"/>
                <Baseline points="2001,2559 2045,2560 2089,2561 2133,2562 2177,2563 2222,2564 2266,2565 2310,2566 2354,2567 2398,2568 2443,2569 2487,2570 2531,2571 2575,2572 2619,2572 2664,2573 2708,2573 2752,2573 2796,2573 2840,2573 2885,2573"/>
                <TextEquiv>
                    <Unicode>Verlegenheitswendungen sind, die dazu dienen</Unicode>
                </TextEquiv>
            </TextLine>
            <TextLine id="r3l37" custom="readingOrder {index:36;}">
                <Coords points="1992,2605 2852,2627 2892,2578 1992,2569"/>
                <Baseline points="2000,2603 2044,2602 2088,2602 2132,2602 2176,2602 2220,2603 2264,2603 2309,2604 2353,2605 2397,2606 2441,2607 2485,2608 2529,2609 2573,2610 2618,2611 2662,2612 2706,2612 2750,2613 2794,2613 2838,2613 2883,2612"/>
                <TextEquiv>
                    <Unicode>müssen, daß die arme, in Gnaden ausgenommene</Unicode>
                </TextEquiv>
            </TextLine>
            <TextLine id="r3l38" custom="readingOrder {index:37;}">
                <Coords points="1994,2643 2888,2672 2905,2615 1994,2604"/>
                <Baseline points="2002,2638 2046,2639 2091,2640 2136,2641 2180,2642 2225,2643 2270,2643 2314,2644 2359,2645 2404,2645 2449,2646 2493,2646 2538,2646 2583,2647 2627,2647 2672,2647 2717,2647 2761,2647 2806,2647 2851,2648 2896,2648"/>
                <TextEquiv>
                    <Unicode>Toni regelrecht wieder verstoßen wird, nachdem</Unicode>
                </TextEquiv>
            </TextLine>
            <TextLine id="r3l39" custom="readingOrder {index:38;}">
                <Coords points="1988,2676 2898,2708 2898,2672 2844,2654 1988,2648"/>
                <Baseline points="1996,2677 2040,2678 2085,2678 2130,2679 2175,2680 2219,2681 2264,2681 2309,2682 2354,2683 2398,2684 2443,2684 2488,2685 2533,2686 2577,2686 2622,2687 2667,2687 2712,2688 2756,2688 2801,2688 2846,2689 2891,2689"/>
                <TextEquiv>
                    <Unicode>ihrem Geliebten auch ihr Kind in den Tod gefolgt.</Unicode>
                </TextEquiv>
            </TextLine>
            <TextLine id="r3l40" custom="readingOrder {index:39;}">
                <Coords points="1989,2718 2003,2722 2008,2720 2022,2726 2041,2722 2051,2728 2068,2718 2087,2720 2087,2695 2065,2690 2055,2681 2043,2682 2035,2687 2027,2687 2021,2681 2008,2681 2005,2684 1989,2681"/>
                <Baseline points="1997,2716 2024,2715 2051,2715 2079,2716"/>
                <TextEquiv>
                    <Unicode>Ich</Unicode>
                </TextEquiv>
            </TextLine>
            <TextLine id="r3l41" custom="readingOrder {index:40;}">
                <Coords points="2094,2712 2131,2730 2234,2731 2270,2715 2373,2738 2394,2721 2484,2729 2533,2713 2533,2688 2421,2687 2394,2707 2366,2683 2316,2686 2286,2705 2242,2703 2212,2683 2094,2699"/>
                <Baseline points="2102,2715 2128,2717 2154,2718 2181,2719 2207,2719 2233,2720 2260,2720 2286,2721 2313,2721 2339,2721 2365,2721 2392,2721 2418,2721 2444,2721 2471,2721 2497,2721 2524,2721"/>
                <TextEquiv>
                    <Unicode>glaube, auch das</Unicode>
                </TextEquiv>
            </TextLine>
            <TextLine id="r3l42" custom="readingOrder {index:41;}">
                <Coords points="2620,2726 2642,2723 2665,2738 2683,2732 2704,2748 2738,2732 2832,2742 2846,2732 2887,2731 2888,2695 2877,2692 2863,2704 2835,2695 2824,2703 2810,2691 2773,2703 2751,2702 2736,2689 2714,2698 2621,2694"/>
                <Baseline points="2628,2720 2653,2724 2678,2726 2703,2727 2728,2729 2754,2730 2779,2730 2804,2730 2829,2730 2854,2729 2880,2728"/>
                <TextEquiv>
                    <Unicode>empfängliche</Unicode>
                </TextEquiv>
            </TextLine>
            <TextLine id="r3l43" custom="readingOrder {index:42;}">
                <Coords points="1986,2767 2866,2777 2883,2734 1987,2720"/>
                <Baseline points="1994,2752 2038,2752 2082,2753 2126,2753 2170,2754 2214,2755 2258,2756 2302,2756 2346,2757 2390,2758 2434,2759 2478,2760 2522,2760 2566,2762 2610,2763 2654,2764 2698,2765 2742,2766 2786,2767 2830,2769 2875,2770"/>
                <TextEquiv>
                    <Unicode>Publikum der Neuen freien Volksbühne empfand</Unicode>
                </TextEquiv>
            </TextLine>
            <TextLine id="r3l44" custom="readingOrder {index:43;}">
                <Coords points="1996,2799 2675,2821 2879,2800 2879,2773 2800,2769 1997,2766"/>
                <Baseline points="2004,2794 2047,2795 2090,2795 2134,2795 2177,2796 2220,2797 2264,2797 2307,2798 2350,2799 2394,2799 2437,2800 2480,2800 2524,2801 2567,2802 2610,2802 2654,2803 2697,2803 2740,2803 2784,2804 2827,2804 2871,2804"/>
                <TextEquiv>
                    <Unicode>gestern dieses merkwürdige Versanden einer</Unicode>
                </TextEquiv>
            </TextLine>
            <TextLine id="r3l45" custom="readingOrder {index:44;}">
                <Coords points="1992,2837 2659,2831 2891,2874 2903,2787 2689,2815 1992,2796"/>
                <Baseline points="2000,2830 2044,2831 2089,2832 2134,2833 2178,2834 2223,2835 2268,2836 2312,2836 2357,2837 2402,2838 2447,2839 2491,2839 2536,2840 2581,2841 2625,2841 2670,2842 2715,2842 2759,2843 2804,2843 2849,2844 2894,2845"/>
                <TextEquiv>
                    <Unicode>fruchtbaren tragischen Idee und hielt sich</Unicode>
                </TextEquiv>
            </TextLine>
            <TextLine id="r3l46" custom="readingOrder {index:45;}">
                <Coords points="1978,2882 2890,2893 2842,2846 1979,2841"/>
                <Baseline points="1986,2870 2030,2869 2075,2869 2120,2869 2165,2870 2210,2871 2254,2872 2299,2873 2344,2874 2389,2875 2434,2876 2478,2877 2523,2879 2568,2879 2613,2880 2658,2880 2702,2881 2747,2880 2792,2880 2837,2879 2882,2877"/>
                <TextEquiv>
                    <Unicode>ganz an die Gesinnung, die so ehrlich die Moral¬</Unicode>
                </TextEquiv>
            </TextLine>
            <TextLine id="r3l47" custom="readingOrder {index:46;}">
                <Coords points="1987,2919 2859,2929 2879,2891 1987,2878"/>
                <Baseline points="1994,2907 2037,2907 2081,2908 2125,2909 2169,2909 2213,2910 2257,2911 2300,2912 2344,2913 2388,2914 2432,2915 2476,2916 2520,2917 2564,2917 2607,2918 2651,2918 2695,2918 2739,2918 2783,2918 2827,2917 2871,2916"/>
                <TextEquiv>
                    <Unicode>heuchler bloßstellt und für das mißhandelte Mäd¬</Unicode>
                </TextEquiv>
            </TextLine>
            <TextLine id="r3l48" custom="readingOrder {index:47;}">
                <Coords points="1988,2946 2463,2964 2543,2941 2846,2971 2890,2929 1989,2919"/>
                <Baseline points="1996,2944 2040,2946 2084,2947 2128,2949 2173,2949 2217,2950 2261,2951 2306,2952 2350,2952 2394,2953 2439,2953 2483,2954 2527,2954 2571,2955 2616,2955 2660,2956 2704,2956 2749,2956 2793,2957 2837,2958 2882,2958"/>
                <TextEquiv>
                    <Unicode>chen Partei ergreift. Mit der Darstellung</Unicode>
                </TextEquiv>
            </TextLine>
            <TextLine id="r3l49" custom="readingOrder {index:48;}">
                <Coords points="1986,2992 2871,3007 2897,2951 1986,2946"/>
                <Baseline points="1994,2983 2038,2984 2083,2985 2128,2986 2172,2987 2217,2987 2262,2988 2306,2988 2351,2988 2396,2989 2441,2989 2485,2989 2530,2990 2575,2990 2619,2990 2664,2991 2709,2991 2753,2992 2798,2993 2843,2994 2888,2995"/>
                <TextEquiv>
                    <Unicode>konnte man zufrieden sein, wenn es auch in der #</Unicode>
                </TextEquiv>
            </TextLine>
            <TextLine id="r3l50" custom="readingOrder {index:49;}">
                <Coords points="1979,3024 2749,3031 2886,3058 2886,3019 2838,2999 1979,2986"/>
                <Baseline points="1986,3019 2030,3020 2075,3021 2119,3021 2164,3022 2209,3023 2253,3024 2298,3025 2342,3026 2387,3027 2432,3028 2476,3028 2521,3029 2565,3030 2610,3030 2655,3031 2699,3031 2744,3031 2788,3031 2833,3031 2878,3031"/>
                <TextEquiv>
                    <Unicode>Erinnerung an die einstige Aufführung im Deut¬</Unicode>
                </TextEquiv>
            </TextLine>
            <TextLine id="r3l51" custom="readingOrder {index:50;}">
                <Coords points="1976,3062 2827,3086 2889,3048 1977,3031"/>
                <Baseline points="1984,3057 2028,3058 2073,3060 2118,3061 2163,3062 2208,3063 2252,3064 2297,3065 2342,3066 2387,3067 2432,3068 2476,3068 2521,3069 2566,3069 2611,3069 2656,3070 2700,3070 2745,3069 2790,3069 2835,3068 2880,3067"/>
                <TextEquiv>
                    <Unicode>schen Theater mit Rittner, Reicher und Else Leh¬</Unicode>
                </TextEquiv>
            </TextLine>
            <TextLine id="r3l52" custom="readingOrder {index:51;}">
                <Coords points="1973,3111 2875,3105 2870,3071 1974,3073"/>
                <Baseline points="1982,3098 2026,3098 2070,3098 2114,3099 2159,3099 2203,3100 2247,3100 2291,3101 2336,3102 2380,3103 2424,3104 2468,3105 2513,3105 2557,3106 2601,3107 2645,3107 2690,3108 2734,3108 2778,3108 2822,3108 2867,3108"/>
                <TextEquiv>
                    <Unicode>mann viel zu überwinden galt. .. Den sterben¬</Unicode>
                </TextEquiv>
            </TextLine>
            <TextLine id="r3l53" custom="readingOrder {index:52;}">
                <Coords points="1969,3139 2877,3147 2877,3123 2708,3105 1970,3111"/>
                <Baseline points="1978,3136 2022,3136 2067,3136 2111,3136 2156,3137 2200,3138 2245,3138 2289,3139 2334,3140 2378,3141 2423,3142 2468,3143 2512,3144 2557,3144 2601,3145 2646,3146 2690,3147 2735,3148 2779,3148 2824,3149 2869,3150"/>
                <TextEquiv>
                    <Unicode>den Jüngling gab Johannes Riemann ohne reali¬</Unicode>
                </TextEquiv>
            </TextLine>
            <TextLine id="r3l54" custom="readingOrder {index:53;}">
                <Coords points="1970,3183 2891,3215 2892,3168 2826,3151 1971,3139"/>
                <Baseline points="1978,3176 2023,3176 2068,3177 2113,3177 2159,3178 2204,3178 2249,3179 2295,3180 2340,3181 2385,3182 2431,3184 2476,3185 2521,3185 2566,3187 2612,3188 2657,3188 2702,3189 2748,3189 2793,3189 2838,3189 2884,3189"/>
                <TextEquiv>
                    <Unicode>stische Mätzchen wirklich ergreifend, für die un¬</Unicode>
                </TextEquiv>
            </TextLine>
            <TextLine id="r3l55" custom="readingOrder {index:54;}">
                <Coords points="1988,3290 2634,3288 2901,3319 2903,3261 1989,3238"/>
                <Baseline points="1996,3278 2040,3277 2085,3277 2130,3278 2175,3278 2220,3279 2265,3280 2310,3281 2355,3283 2400,3285 2445,3286 2489,3288 2534,3289 2579,3291 2624,3292 2669,3293 2714,3294 2759,3294 2804,3294 2849,3293 2894,3292"/>
                <TextEquiv>
                    <Unicode>glückliche Toni fand Jella Wagner den schlichten</Unicode>
                </TextEquiv>
            </TextLine>
            <TextLine id="r3l56" custom="readingOrder {index:55;}">
                <Coords points="2000,3325 2889,3340 2889,3308 2792,3296 2001,3285"/>
                <Baseline points="2009,3314 2052,3315 2096,3316 2139,3317 2183,3319 2227,3320 2270,3321 2314,3322 2357,3323 2401,3324 2445,3325 2488,3326 2532,3328 2575,3328 2619,3330 2663,3331 2706,3332 2750,3334 2793,3335 2837,3336 2881,3338"/>
                <TextEquiv>
                    <Unicode>Ton ehrlicher Empfindung und die bestgezeichnete</Unicode>
                </TextEquiv>
            </TextLine>
            <TextLine id="r3l57" custom="readingOrder {index:56;}">
                <Coords points="2004,3356 2844,3381 2897,3376 2898,3338 2005,3318"/>
                <Baseline points="2012,3351 2055,3352 2099,3354 2143,3355 2187,3357 2231,3358 2275,3359 2319,3361 2363,3362 2407,3363 2451,3364 2494,3365 2538,3366 2582,3367 2626,3368 2670,3370 2714,3371 2758,3372 2802,3373 2846,3374 2890,3375"/>
                <TextEquiv>
                    <Unicode>Figur, den aufgeblasenen Familienvater mit</Unicode>
                </TextEquiv>
            </TextLine>
            <TextLine id="r3l58" custom="readingOrder {index:57;}">
                <Coords points="1993,3390 2830,3421 2893,3375 1993,3360"/>
                <Baseline points="2000,3388 2044,3389 2088,3390 2132,3392 2176,3394 2221,3394 2265,3396 2309,3397 2353,3398 2397,3399 2442,3400 2486,3401 2530,3402 2574,3403 2618,3404 2663,3405 2707,3406 2751,3407 2795,3407 2839,3408 2884,3409"/>
                <TextEquiv>
                    <Unicode>seinem Reichtum an verlogenen Phrasen und</Unicode>
                </TextEquiv>
            </TextLine>
            <TextLine id="r3l59" custom="readingOrder {index:58;}">
                <Coords points="1991,3421 2632,3462 2893,3446 2894,3399 1992,3391"/>
                <Baseline points="1999,3424 2043,3425 2087,3426 2132,3427 2176,3429 2220,3430 2265,3432 2309,3433 2353,3434 2398,3435 2442,3436 2486,3438 2531,3439 2575,3440 2619,3441 2664,3442 2708,3443 2752,3443 2797,3444 2841,3444 2886,3444"/>
                <TextEquiv>
                    <Unicode>wahrer Herzenskälte, spielte Robert Müller mit</Unicode>
                </TextEquiv>
            </TextLine>
            <TextLine id="r3l60" custom="readingOrder {index:59;}">
                <Coords points="1983,3477 2888,3499 2889,3458 1984,3418"/>
                <Baseline points="1991,3460 2035,3462 2080,3463 2124,3465 2169,3467 2213,3468 2258,3470 2302,3471 2347,3473 2391,3474 2436,3475 2480,3476 2525,3477 2569,3478 2614,3478 2658,3479 2703,3479 2747,3480 2792,3480 2836,3480 2881,3480"/>
                <TextEquiv>
                    <Unicode>diskreter Charakteristik. Als fein empfindende</Unicode>
                </TextEquiv>
            </TextLine>
            <TextLine id="r3l61" custom="readingOrder {index:60;}">
                <Coords points="1987,3497 2868,3534 2882,3483 1987,3467"/>
                <Baseline points="1995,3499 2038,3501 2082,3502 2126,3504 2170,3506 2214,3508 2258,3509 2302,3510 2346,3511 2390,3513 2434,3514 2477,3515 2521,3516 2565,3517 2609,3517 2653,3518 2697,3518 2741,3518 2785,3518 2829,3518 2873,3518"/>
                <TextEquiv>
                    <Unicode>Künstlerin voll innerlicher Kraft erwies sich wie¬</Unicode>
                </TextEquiv>
            </TextLine>
            <TextLine id="r3l62" custom="readingOrder {index:61;}">
                <Coords points="1978,3535 2836,3569 2876,3534 1979,3497"/>
                <Baseline points="1986,3534 2030,3537 2074,3539 2118,3541 2162,3543 2206,3545 2250,3546 2294,3548 2338,3550 2382,3551 2426,3552 2470,3553 2514,3554 2558,3555 2602,3556 2646,3556 2690,3557 2734,3557 2778,3558 2822,3558 2867,3558"/>
                <TextEquiv>
                    <Unicode>der Annalise Wagner und den bösen Geist des</Unicode>
                </TextEquiv>
            </TextLine>
            <TextLine id="r3l63" custom="readingOrder {index:62;}">
                <Coords points="1984,3575 2862,3610 2874,3563 2657,3580 2245,3543 2136,3564 2022,3536 1984,3557"/>
                <Baseline points="1991,3573 2034,3575 2078,3577 2122,3579 2166,3581 2209,3583 2253,3585 2297,3587 2341,3588 2384,3589 2428,3590 2472,3591 2516,3592 2559,3593 2603,3593 2647,3594 2691,3594 2734,3594 2778,3594 2822,3594 2866,3594"/>
                <TextEquiv>
                    <Unicode>Hauses, den „korrekten“ Herrn Dr. Ferdinand</Unicode>
                </TextEquiv>
            </TextLine>
            <TextLine id="r3l64" custom="readingOrder {index:63;}">
                <Coords points="1982,3620 2875,3642 2848,3601 1984,3575"/>
                <Baseline points="1990,3609 2033,3612 2077,3615 2121,3616 2165,3619 2209,3621 2253,3623 2296,3624 2340,3625 2384,3627 2428,3628 2472,3629 2516,3630 2560,3631 2603,3631 2647,3632 2691,3633 2735,3633 2779,3634 2823,3634 2867,3635"/>
                <TextEquiv>
                    <Unicode>Schmidt hielt Maximilian Sladek geschickt und</Unicode>
                </TextEquiv>
            </TextLine>
            <TextLine id="r3l65" custom="readingOrder {index:64;}">
                <Coords points="1985,3653 2875,3686 2862,3638 1986,3617"/>
                <Baseline points="1993,3648 2036,3650 2080,3652 2124,3654 2168,3656 2211,3658 2255,3660 2299,3661 2343,3662 2386,3663 2430,3664 2474,3665 2518,3666 2561,3667 2605,3667 2649,3668 2693,3669 2736,3670 2780,3671 2824,3671 2868,3672"/>
                <TextEquiv>
                    <Unicode>taktvoll von allem äußerlichen Intrigantentum</Unicode>
                </TextEquiv>
            </TextLine>
            <TextLine id="r3l66" custom="readingOrder {index:65;}">
                <Coords points="1990,3696 2848,3722 2870,3682 1991,3655"/>
                <Baseline points="1998,3685 2041,3688 2084,3691 2127,3694 2170,3695 2213,3697 2256,3698 2300,3699 2343,3700 2386,3701 2429,3701 2472,3702 2515,3703 2558,3703 2602,3704 2645,3705 2688,3706 2731,3707 2774,3709 2817,3710 2861,3713"/>
                <TextEquiv>
                    <Unicode>frei. Direktor Lichos Regie zeugte, wie immer,</Unicode>
                </TextEquiv>
            </TextLine>
            <TextLine id="r3l67" custom="readingOrder {index:66;}">
                <Coords points="1975,3732 2871,3761 2872,3722 2832,3714 1977,3688"/>
                <Baseline points="1984,3721 2028,3723 2072,3725 2116,3727 2160,3729 2204,3731 2248,3732 2292,3734 2336,3735 2380,3737 2424,3738 2468,3739 2512,3741 2556,3742 2600,3743 2644,3744 2688,3745 2732,3746 2776,3747 2820,3748 2864,3748"/>
                <TextEquiv>
                    <Unicode>von Verständnis und künstlerischer Sorgfalt, die</Unicode>
                </TextEquiv>
            </TextLine>
            <TextLine id="r3l68" custom="readingOrder {index:67;}">
                <Coords points="1974,3766 2873,3793 2852,3753 1975,3731"/>
                <Baseline points="1982,3763 2026,3764 2070,3765 2114,3766 2158,3768 2202,3769 2246,3770 2291,3772 2335,3772 2379,3774 2423,3776 2467,3777 2511,3778 2555,3779 2600,3781 2644,3782 2688,3783 2732,3785 2776,3787 2820,3788 2865,3789"/>
                <TextEquiv>
                    <Unicode>freilich das Tempo ein wenig verschleppten und</Unicode>
                </TextEquiv>
            </TextLine>
            <TextLine id="r3l69" custom="readingOrder {index:68;}">
                <Coords points="1975,3803 2881,3826 2881,3797 2825,3788 1976,3766"/>
                <Baseline points="1984,3799 2028,3802 2072,3805 2117,3806 2161,3808 2206,3810 2250,3811 2295,3812 2339,3813 2384,3814 2428,3814 2472,3815 2517,3816 2561,3817 2606,3817 2650,3818 2695,3820 2739,3822 2784,3823 2828,3826 2873,3829"/>
                <TextEquiv>
                    <Unicode>nicht nur die Stimmung, sondern auch die Stim¬</Unicode>
                </TextEquiv>
            </TextLine>
            <TextLine id="r3l70" custom="readingOrder {index:69;}">
                <Coords points="1973,3837 2092,3861 2220,3847 2359,3880 2467,3866 2576,3887 2578,3824 1974,3804"/>
                <Baseline points="1981,3839 2010,3841 2039,3843 2069,3845 2098,3846 2128,3847 2157,3848 2186,3849 2216,3850 2245,3850 2275,3851 2304,3851 2333,3852 2363,3852 2392,3853 2422,3853 2451,3854 2480,3854 2510,3855 2539,3856 2569,3857"/>
                <TextEquiv>
                    <Unicode>men gar zu sehr dämpfen ließ.</Unicode>
                </TextEquiv>
            </TextLine>
            <TextEquiv>
                <Unicode>Telephon 12.801.
„O DIJERVEN
I. österr. beh. konz. Unternehmen für Zeitungs¬
Ausschnitte und Bibliographie.
Wien, I., Conoordiaplatz 4.
Vertretungen
in Berlin, Brüssel, Budapest, Chicago, Cleveland, Christiania,
, Kopenhagen, London, Madrid, Mailand, Mirneapolts,
Bew-York, Paris, Rom, San Francisco, Stockholm, St. Petere¬
burg, Toronto.
(Quellenangsbt ehne Gewamr.
Ausschnitt aus:
1000I IOff 4 3, Berlis
1
K. Die Neue freie Volksbühne brachte
Estern (Montag) Arthur Schnitztens dro##tiges
Schauspiel „Das-Vermächtnis“ zur Auf¬
lführung. Gerade 13 Jahre sind verflossen, seit¬
dem das Stück, in dem so viel traurige Stim¬
mung und so wenig tragische Kraft, so viel Ge¬
sinnung und so wenig Handlung steckt, im Deut¬
schen Theater zum ersten Male meisterhaft gespielt
und achtungsvoll ausgenommen wurde. Die Ge¬
schichte von dem seltsamen Vermächtnis, das ein
überaus braver Jüngling, der eben vom Pferde
gestürzt, den überraschten Eltern übergibt und
sie bittet, seiner Geliebten und seinem Kinde, von
denen sie bisher keine Ahnung hatten, eine Heimat
zu gewähren, hat mit den Jahren kaum an Reiz,
gewonnen, ja man empfindet heute mehr wohl noch
als früher, daß nach dem peinvoll ergreifend ein¬
setzenden ersten Akt, der Schnitzlers ganze Meister¬
schaft in stimmungsvoller Detailmalerei zeigt, die
weiteren Aufzüge nur von teils klugen, teils emp¬
findsamen Worten leben und reich an allerlei
Verlegenheitswendungen sind, die dazu dienen
müssen, daß die arme, in Gnaden ausgenommene
Toni regelrecht wieder verstoßen wird, nachdem
ihrem Geliebten auch ihr Kind in den Tod gefolgt.
Ich
glaube, auch das
empfängliche
Publikum der Neuen freien Volksbühne empfand
gestern dieses merkwürdige Versanden einer
fruchtbaren tragischen Idee und hielt sich
ganz an die Gesinnung, die so ehrlich die Moral¬
heuchler bloßstellt und für das mißhandelte Mäd¬
chen Partei ergreift. Mit der Darstellung
konnte man zufrieden sein, wenn es auch in der #
Erinnerung an die einstige Aufführung im Deut¬
schen Theater mit Rittner, Reicher und Else Leh¬
mann viel zu überwinden galt. .. Den sterben¬
den Jüngling gab Johannes Riemann ohne reali¬
stische Mätzchen wirklich ergreifend, für die un¬
glückliche Toni fand Jella Wagner den schlichten
Ton ehrlicher Empfindung und die bestgezeichnete
Figur, den aufgeblasenen Familienvater mit
seinem Reichtum an verlogenen Phrasen und
wahrer Herzenskälte, spielte Robert Müller mit
diskreter Charakteristik. Als fein empfindende
Künstlerin voll innerlicher Kraft erwies sich wie¬
der Annalise Wagner und den bösen Geist des
Hauses, den „korrekten“ Herrn Dr. Ferdinand
Schmidt hielt Maximilian Sladek geschickt und
taktvoll von allem äußerlichen Intrigantentum
frei. Direktor Lichos Regie zeugte, wie immer,
von Verständnis und künstlerischer Sorgfalt, die
freilich das Tempo ein wenig verschleppten und
nicht nur die Stimmung, sondern auch die Stim¬
men gar zu sehr dämpfen ließ.</Unicode>
            </TextEquiv>
        </TextRegion>
    </Page>
</PcGts>
