3484 4256
1436 148 1881 242 box 16/2
237 150 1287 261 10. Das Vernaechtnig
862 1062 1223 1128 Telefon 12801.
572 1152 1698 1224 Unternehmen für Zeitungs-Ausschnitte. Aus
349 1198 570 1323 10 5
728 1219 1609 1340 „OBSERVER“ Nr.
329 1341 1689 1398 I. österr. behördl. concess. Bureau für Zeitungsberichte und Personalnachr!
622 1397 1494 1499 Wien, IX/1 Türkenstrasse 17.
562 1488 1548 1574 — Filiale in Budapest: „Figyelö“, VIII. Josefsring 31a. —
313 1563 1550 1704 Ausschnitt aus: See Voinde Cerr.
328 1765 665 1861 vom 0//71
505 2045 1346 2150 Gedanken des jungen Modedichters
728 2147 1148 2245 Willy Mumpitz.
564 2240 1400 2337 Dieses stumpfsinnige Wiener Pu¬
524 2298 1394 2391 blicum ist unverbesserlich. Da rennt
526 2339 1398 2438 es zum „Erben“ des Philippi und
525 2402 1388 2474 lässt das kostbare „Vermächtniss“
538 2439 1411 2551 Schnitzler's unberücksichtigt. Freilich,
530 2489 1399 2585 unser Witzbold sagt immer: „Das Pu¬
529 2543 1406 2648 blicum lässt den Doctor Schnitzler
533 2585 1365 2684 es büssen, dass er Arzt ist und —
534 2647 1175 2739 behandelt ihn schlecht“.
828 3084 1432 3169 ##uge-Bedingungen.
1416 3146 1569 3207 f. 7.50
358 3159 1316 3228 Ter 50 Zeitungseusschnitte (Artikel oder Notizen)
1601 3178 1666 3231 ine
1426 3192 1556 3252 14.—
451 3208 561 3265 100
1426 3230 1565 3285 25.—
435 3259 553 3314 200
1432 3275 1555 3318 55.—
1574 3268 1700 3334 im
435 3298 561 3342 500
1422 3307 1551 3372 100.—
384 3330 571 3402 " 1000
490 3333 1807 3411 im Gegensalze zu anderen Bureaux für Zeitungsausschnitte istedes
1449 3394 1815 3448 auch steht es der
1406 3402 1456 3448 —
374 3404 1414 3483 Abonnement durch keine bestimmte Zeitdauer begreuzt;
384 3438 1730 3521 Abonnenten frei die aufgegebenen Themen zu ergänzen oder zu ändern.
2310 760 2757 881 Theater.
2257 891 2796 977 Hof=Burgtheater.
2026 946 3128 1023 11—e. Also wieder ein Plaidoyer für die „Freie Liebe“.
1909 985 3329 1083 Herr Schnitzler läßt nicht nach. Das Galerie=Publicum des ##d #0
1916 1033 3125 1094 Burgtheaters hat er richtig schon für seine neue Gesellschaftsordnung
3121 1049 3336 1133 B 1219
1913 1083 3127 1134 gewonnen. Aber die auf den Parquetsitzen und in den Logen
1919 1112 3133 1177 schwanken noch bedeutend. Das wird wohl noch ein Paar dreiactige
3198 1154 3242 1200 2
1922 1157 3134 1208 Stücke kosten. „Das Vermächtniß“ fängt recht traurig an. Im
1912 1204 3117 1251 ersten Acte stirbt ein junger Doctor Juris, der vom Pferde gefallen
1917 1239 3123 1283 ist. Sein „Vermächtniß“ besteht in einem hübschen Knaben und seiner
1913 1284 3122 1331 Mutter, welche die Geliebte des Doctors war. Er läßt sich auf dem
1921 1326 3128 1374 Sterbebette versprechen, daß die Beiden im Vaterhause liebevolle
1919 1354 3143 1417 Aufnahme finden. Das geschieht auch. Als aber der Knabe im
1908 1395 2604 1456 zweiten Acte stirbt, bekommt dir
2602 1390 3132 1452 übrig gebliebene Gellebte
1920 1431 3133 1482 von der Familie, die ohnehin schon bei der „Gesellschaft“ in Miß¬
1910 1472 3132 1533 credit gerathen ist, das bonsilium abeundi, was sie sich so zu Herzen
1907 1518 2608 1573 nimmt, daß sie sich ins Wasser stürzt.
2033 1540 3132 1611 Die Frauenzimmer der Familie Losatti sind unschuldig an
1909 1595 3129 1632 diesem Selbstmord. Sie sind alle für die ledige Witwe des Ver¬
1918 1630 3132 1688 storbenen eingetreten. Wie schlecht kennt Herr Schnitzler die Welt
1915 1672 3143 1723 und die Menschen! Noch eher wär es begreiflich, wenn sich die
1915 1721 3149 1765 Männer der Familie für die hübsche Hinterbliebene echauffirt
1906 1752 3155 1808 hätten. Aber die Frauenzimmer! Die sind in der Regel sehr schlecht
1920 1791 3144 1842 auf eine solche junge Dame zu sprechen. Es erscheint daher sehr
1911 1831 3186 1882 wenig glaubwürdig, wenn die Schwestern des Verstorbenen so hitzig:
1925 1870 3131 1917 für dessen Geliebte Partei nehmen. Der Autor hat sich nicht einmal
1914 1915 3141 1969 die Mühe gegeben, diese Toni Weber — so heißt die nachgelassene
1909 1950 3134 2003 Geliebte — besonders liebenswürdig zu zeichnen, um die außer¬
1914 1986 3136 2042 ordentliche Zuneigung, die sie bei den Damen der Familie findet,
1912 2028 3132 2079 wenigstens einigermaßen begreiflich zu machen. Die Damen müssen
1910 2065 3140 2121 einfach für das Thema eintreten, welches Herr Schnitzler zu beweisen
1920 2110 3129 2155 sich vorgenommen hat, und ihre Zuneigung zu Toni Weber ist daher
1918 2150 3133 2201 eine rein doctrinäre. Man merkt die Absicht und wird verstimmt.
1921 2187 3141 2228 Die Vertheidigung der Gesellschaft gegen das Schnitzler'sche Princip
1913 2225 3140 2278 der „freien Liebe“ wird sehr lau geführt und hat sich der Autor bei
1911 2265 3132 2318 der Vorbringung der diesfälligen Argumente nicht sehr angestrengt.
1920 2306 3145 2360 „Was einen guten Mann so glücklich gemacht hat, das kann unmög¬
2321 2361 2377 2384 —
1920 2348 2325 2399 lich eine Sünde sein“.
2372 2356 3149 2398 sagt eine von des Verstorbenen Schwestern.
1916 2384 3079 2431 Eine gefährliche Behauptung im Munde eines jungen Mädchens
2040 2421 3141 2468 Die Exposition im ersten Acte ist sehr langwierig. Alles,
1921 2459 3311 2537 was dem Tode des jungen Mannes vorhergeht, ist sehr überflüssige Ausstellu
1907 2507 3135 2546 Milieu= Schilderung. Der zweite Act ist der beste. Im dritten Auf¬
3140 2524 3286 2576 gestellt;
1921 2545 3132 2599 zuge geht es wieder mit dem Interesse des Zuschauers stark abwärts.
3142 2562 3297 2613 zu bring
2028 2592 3123 2639 Die Aufführung war nur zum Theile gut. Herr Hartu ann
3138 2599 3321 2650 verbildlig
1909 2620 3131 2669 spielte den Professor Losatti. das Familienhaupt, mit löblicher
3146 2636 3310 2697 verschwit
1917 2668 3126 2717 Consequenz, aber leider falsch im Tone. So spielt man einen pen¬
3143 2678 3312 2738 Nebel o¬
1921 2699 3125 2755 sionirten Obersten aber keinen Professor. Frau Schmittlein, die
3142 2719 3295 2769 als es
1921 2755 3141 2798 treffliche Darstellerin von Gestalten aus dem Volke, findet sich nun
3137 2754 3308 2806 dem Po¬¬
1923 2798 3134 2835 einmal in den „höheren“ Kreisen nicht zurecht; sie sah auch gar zu
3150 2788 3307 2849 in die 4#
1916 2826 3132 2873 alt für die Frau des Professors aus. Frau Schratt lieh der
3138 2834 3303 2886 füllt, #n
1913 2855 3145 2913 Weber=Toni ihre Liebenswürdigkeit, ihre Anmuth und ihre Einfach¬
3140 2876 3288 2927 Sofa's
1912 2905 3130 2952 heit. Frau Hohenfels als Franziska sprach ihre Rede am Schlusse
3141 2914 3308 2965 eine Daz
1919 2934 3136 2987 des letzten Actes mit hinreißendem Ausdruck. Frl. Medelsky als
3144 2953 3322 3007 daß man
1910 2978 3131 3026 Agnes war farblos, Frl. Bleibtren als Frau Winter eine sehr
3149 2991 3313 3048 Spiegel
1922 3016 3135 3070 stattliche Dame, Herr Devrient als Doctor Schmidt vortrefflich.
3141 3032 3334 3085 Hut“ stell
1921 3061 3132 3107 Der Erfolg des Stückes bei der Première wird nicht nachhalten;
3144 3060 3330 3124 der Titel
1923 3098 3139 3159 dazu fehlt es dem „Vermächtniß“ an Wahrheit und an einer fesseln¬
3146 3111 3370 3163 manche die
1912 3139 2219 3215 den Handlung.
3140 3153 3351 3205 und die pli
3133 3191 3309 3242 unterliea
3130 3232 3233 3297 mod
2179 3228 2889 3313 Deutsches Volkstheater.
2029 3298 3094 3358 H—e. Das ehrwürdige Alter von 200 Jahren hat Molièr¬
2282 3350 3043 3414 m Kranken“, nicht viel von seiner kor¬
