3392 4384
701 243 799 314 m a
1335 245 1809 350 box 16/4
123 247 1199 347 10. Das Verndechtnis
418 434 1167 624 Von den münchener
629 596 1003 709 Theatern.
610 690 1020 762 (Nachdruck verboten.)
428 719 1286 806 —. München, 13. October. Nachdem mit
337 792 1283 851 Ende September der diesjährige Cyclus der Fest¬
345 833 1296 898 spiele in den beiden königlichen Theatern zum Ab¬
357 871 1282 936 schluß gelangt ist, erscheint es angezeigt, zunächst
346 915 1289 980 einen kurzen Rückblick auf die Ergebnisse desselben
333 967 1279 1034 zu werfen. Ein Doppeltes drängt sich dabei
292 1064 3286 1150 Jedem, der die Festspiele der Jahre 1893—1899] Das Fach der ersten tragischen Liebhaberin ist) sie gehört in das Hoftheater. Davon abgesehen, hat] Manne droh
1210 1124 3280 1191 durch diese Dame endlich aufs Beste besetzt; da¬ aber die neue Direction nicht nur in glänzender verarbeitet;
301 1132 1226 1196 mit erlebt hat, auf. Einmal der Rückgang der
2126 1169 3283 1232 Ausstattung und feinsinniger Inscenirung, sondern ersten Act v
1210 1181 2138 1242 gegen harren die Fächer eines ersten Helden und
305 1178 1225 1237 dargebotenen Leistungen als solcher und dann das
3032 1211 3289 1277 den folgend
2130 1214 3044 1274 auch bezüglich der Rollenbesetzung alles bisher im
1212 1213 2133 1272 einer Heroine noch immer der Besetzung. Die
291 1225 1223 1288 in den letzten Jahren hervortretende Fallenlassen
3034 1256 3282 1320 plötzlich.—
2124 1261 3041 1321 Gärtnertheater Dagewesene überboten. Die sehr
1210 1270 2134 1330 Inscenirung von Aubers „Fra Diavolo“ ist wieder
286 1268 1218 1323 großer einheitlicher künstlerischer Gesichtsvunkte,
3035 1300 3276 1363 lediglich, w
2122 1292 3042 1364 gelungene Aufführung ist doppelt anerkennens¬
1210 1318 2134 1366 ein Cabinetsstück Possarts und reiht sich der Re¬
285 1309 1231 1365 vor Allem eines festen Gesammtplanes, wie er die
3041 1349 3276 1407 gelaufen ist
2137 1349 3035 1405 werth, wenn man erwägt, welche Summe von
301 1352 2138 1419 Aufführungen namentlich der ersten beiden Jahre prise von „Teufels Antheil“ desselben Componisten
3034 1390 3283 1454 abschneidet.
2133 1385 3039 1447 Arbeit erforderlich war, ein erst neugebildetes
297 1398 2134 1461 1893 und 1894 ausgezeichnet hatte. In den würdig an; dagegen halten sich die gesanglichen
3043 1438 3284 1495 richtig rath
2124 1443 3038 1494 Künstlerensemble grade in diesem Stücke zum
295 1442 2136 1503 letzten Jahren sind dem Repertoir neben den Leistungen der meisten Mitwirkenden — nur den
3028 1479 3281 1535 das er bish
2131 1486 3048 1538 ersten Male herauszustellen, das wie kaum ein
293 1485 2138 1551 Wagnerschen Opern, die zu Beginn der Festspiele Lorenzo unseres stimmbegabten Knote und das
3042 1519 3291 1591 folgreich bes
2128 1526 3052 1590 anderes sorgfältigstes Zusammenspiel verlangt.
1210 1534 2130 1607 Zerlinchen der Frau Cernic waren ganz befrie¬
298 1534 1230 1586 den ausschließlichen Inhalt derselben ausgemacht
2131 1561 3048 1633 Gleich glücklich hat sich die Operette mit Suppes
1220 1580 2126 1635 digend — nicht auf gleicher Höhe. Schon
306 1580 1220 1630 hatten, eine Anzahl Mozartscher Opern („Figaros
2128 1602 2616 1691 „Afrikareise“ eingeführt.
1223 1612 2136 1679 während der Sommeraufführungen hat sich die
303 1621 1220 1682 Hochzeit", „Die Enführung aus dem Serail“,
2161 1641 3056 1718 Weniger glücklich war das Schauspielhaus mit
1215 1653 2132 1720 Nothwendigkeit einer erstklassigen Besetzung der
310 1637 1208 1723 „Cosi fan tutte“, „Don Giovanni“, „Zauberflöte“)
190 1678 312 1754 50 7
2133 1694 3053 1754 seinen bisher vorgeführten Novitäten. Erfole
1210 1698 2134 1765 Fächer eines Heldentenors und einer ersten drama¬
300 1708 1228 1765 in durchgehends mustergültiger Inscenirung und
162 1729 286 1787 100
2133 1735 3072 1805 hatte nur Schnitzlers „Vermächtniß“, ein wasch¬
1220 1747 2129 1806 tischen Sängerin aufs Dringlichste geltend gemacht.
291 1736 1226 1814 Darstellung einverleibt worden, was nur zu
162 1766 283 1827 200
2127 1786 3066 1856 echtes Prodi Sc unter deren!
1218 1795 2135 1846 Unser Sangesmeister Vogl erreicht demnächst das
287 1789 1227 1868 billigen ist, da grade diese letzteren eine wirkliche
164 1810 296 1863 500
2128 1820 3008 1905 Portämpfern Schninler in erster Reihe sieht. C
1223 1836 2125 1891 sechzigste Lebensjahr, und die von Prag kommende
304 1843 1224 1899 Sehenswürdigkeit Münchens darstellen, ja nirgend
127 1846 302 1922 „ 1000—
2128 1863 3067 1929 ist der Berliner A. E. Hartleben, ins Wienerische
1213 1866 2130 1936 Frau Claus=Fränkel ist kein Ersatz für Frl.
300 1878 1221 1958 wo anders in gleicher Vortrefflichkeit geboten
2127 1922 3058 1968 übersetzt: dort mehr Grazie, fein pointirter Witz;
1217 1917 2137 1983 [Ternina. Herr v. Possert hat das Möglichste
312 1911 638 1997 werden dürften.
99 1925 313 2005 Aboneng
2123 1966 3062 2026 hier mehr Sentiment, ja stellenweise Rührseligkeit.
1214 1971 2135 2031 gethan, um Letztere unserem Hoftheater zu erhalten,
345 1954 1221 2042 Weniger einverstanden können wir uns damit
91 1978 318 2062 Abonnente
2132 1995 3060 2062 Gemeinsam ist Beiden der geringe Fonds an
1220 2021 2137 2069 aber die Dame war gradezu unersättlich in ihren
299 2008 1230 2068 erklären, daß im letzten Sommer auch Siegfried
2130 2052 3062 2124 eigentlich dramatischer Handlung und der lose
1214 2060 2142 2112 Forderungen und hat es vorgezogen, ihre Kunst
296 2054 1228 2116 Wagners „Bärenhäuter" und Heinrich Vogls
2570 2091 3069 2157 hat bei ihnen mehr
2133 2090 2592 2158 Scenenaufbau; man
1218 2088 2142 2164 nur noch im Umherreisen auszuüben, und da kann
294 2090 1219 2160 1 „Fremdling“ dem Festcyclus angeschlossen worden
2128 2129 3067 2209 den Eindruck von nothdürftig dramatisirten
1214 2142 2138 2194 eben — namentlich den Lockungen der Yankee¬
302 2145 1215 2201 sind. Beide Werke sind ihrem Gehalt nach nicht
2135 2189 3067 2244 Novellen, manchmal — wie namentlich bei den
1214 2183 2138 2254 Dollars gegenüber — keine deutsche Bühne mehr
299 2188 1231 2245 bedeutend genug, um in einen Cyclus von Fest¬
2578 2226 3062 2285 nur einer Pikanterie,
2125 2227 2528 2289 kleinen Einactern
1220 2219 2129 2285 dagegen aufkommen. Auch der Varitonist Ber¬
295 2222 1216 2290 spielen eingereiht zu werden, namentlich kann
2131 2268 3055 2327 als den eines Dramas im Wortsinne der „alten“
1212 2274 2136 2326 [tram, dessen Conflict mit der hamburger Theater¬
303 2271 1228 2327 Vogls „Fremdling“ kaum mehr als ein local¬
2132 2315 3060 2359 Schule. Noch bedenklicher ist bei den „Modernen“
1219 2318 2139 2391 leitung so viel unnöthigen Staub aufgewirbelt hat,
301 2318 1236 2370 patriotisches Interesse erwecken. So endigte denn
1214 2356 1613 2426 ist noch nicht ersetzt.
2134 2357 3069 2421 das, was wir die leitende Idee, den Grundgedanken“
290 2357 1233 2416 die diesjährige Stagione nach aller Unbefangenen
2125 2393 3056 2456 eines Bühnenstückes zu nennen ge. ohnt sind. Schon
1268 2401 2148 2475 Erfreulicheres ist von der zweiten Bühne
284 2390 1231 2458 Urtheil mit einem künstlerischen und vermuthlich
2138 2424 3051 2498 das allzu starke tendentzöse Hervorkehren dieser
1217 2428 2130 2501 Münchens, dem Gärtnerplatztheater, zu
294 2448 1230 2503 auch finanziellen Deficit. Wir dürfen jedoch bei
2128 2463 3056 2540 leitenden Idee an und für sich erweckt Befremden
290 2480 1222 2538 der erfinderischen Energie unseres genialen Hof¬
1214 2472 2146 2538 berichten. Hier scheint nach einer langjährigen
2136 2515 3053 2585 und Anstoß, noch mehr aber diese Ideen selbst.
1226 2533 2146 2584 Stagnation endlich eine neue vielverheißende Aera
294 2524 1233 2590 theaterleiters hoffen, daß die Scharte in den
2129 2571 3045 2630 Im „Vermächtniß“ ist es die der „freien Liebe“
302 2585 1219 2636 nächsten Jahren wieder ausgewetzt werden wird,
1226 2574 2139 2630 angebrochen zu sein. Die letztjährige Direction
2132 2597 3053 2668 die gradezu als etwas Anzustrebendes gefeiert
302 2607 1223 2692 namentlich wenn erst das neue Prinzregenten¬
1213 2619 2145 2681 Brackl hat das s. Z. von König Ludwig 2. für die
2124 2659 3059 2718 wird. Die Vertreter der Ehe werden durchgängig
1219 2665 2132 2724 Pflege namentlich des Volksschauspiels erworbene
311 2661 933 2726 Theater fertig gestellt sein wird.
2127 2703 3062 2762 als engherzige, beschränkte Menschen hingestellt
1219 2710 2143 2763 Theater hart an den Rand des Abgrunds gebracht.
334 2695 1229 2777 Die Erbauung desselben ist durch eine officielle
2140 2738 3057 2819 und dagegen um die Verfechter des Gedankens der
1227 2749 2140 2803 Da war es denn eine rettende That, daß Director
308 2752 1228 2804 Kundmachung der betheiligten Kreise — eines
2122 2791 3058 2855 freien Liebe ein wahrer Glorienschein gewoben.
1226 2794 2139 2849 Stollberg vom „Münchener Schauspielhaus“ das
313 2794 1230 2860 finanzkräftigen Consortiums und der Hoftheater¬
2130 2837 3058 2900 Und daran ändert auch die schließliche Lösung (!)
1217 2836 2141 2888 Gärtnertheater zu dem seinigen übernahm und
316 2835 1232 2897 Intendanz — gesichert und nimmt nach fast vierzig
2128 2869 3063 2947 des Knotens nichts. Die gefeierte Heldin geht
1224 2878 2133 2934 beide Theater von jetzt an gemeinsam weiterführen
312 2886 1233 2952 Jahren den hochsinnigen Gedanken weiland König
2125 2909 3053 2979 allerdings an dem Conflict, in den sie mit den
1218 2932 2138 2980 will. Herr Stollberg hat sein Wollen und Können
314 2916 1231 2979 Ludwigs 2. wieder auf, der fast an derselben
1219 2965 3052 3032 durch die Leitung des münchener Schauspielhauses! Vertretern der hergebrachten Anschauung gerathen
305 2969 1221 3024 Stelle — dem Hochplateau über dem rechtsseitigen
1218 3015 3062 3070 während des letzten Jahres glänzend erhärtet. Erist ist, zu Grunde, aber noch ihr freiwillig gewählter
314 3013 1230 3079 Steilrand der Isar — in Verbindung mit Richard
1226 3055 3052 3114 ein Mann von durchgreifendster Energie, reicher Tod ist eine Verherrlichung ihrer Anschauungen
313 3061 1226 3109 Wagner und dem älteren Semper ein Festspiel¬
2136 3098 3049 3154 und ihres Thuns, während die Angehörigen ihres
1231 3103 2140 3160 praktischer Erfahrung und namentlich ein Meister
303 3110 1227 3158 haus für die Aufführung Wagnerscher Opern
2128 3143 3056 3199 Geliebten, die eine völlig unmögliche Situation in
1226 3151 2132 3206 intimer=Inscenirungskunst. Er war zunächst als
300 3148 1227 3203 plante, an der Ausführung dieser wahrhaft könig¬
2126 3190 3050 3245 allerdings nicht eben rücksichtsvoller Weise gelöst
310 3196 1234 3251 lichen Idee aber sich durch die kleinlichen Intri¬
1219 3190 2139 3242 Oberregisseur an dem im Jahre 1896 ge¬
2137 3209 3061 3291 haben, als Schwachköpfe und herzlose Ungeheuer
1219 3230 2140 3309 gründeten (nomen et omen!) prächtigen
302 3236 1226 3295 guen der Hofkreise und das wüste Geschrei der
2130 3261 3054 3335 hingestellt werden. Wunderbar fein ist dagegen
1218 3280 2131 3336 „Deutschen Theater“ unter den rasch auf einander
301 3277 1228 3331 ultramontan =particularistischen Presse des da¬
2190 3304 3055 3363 namentlich im ersten Act — das Milien von
1218 3306 2145 3372 folgenden Directionen Meßthaler, Naumann und
301 3320 1233 3379 maligen Münchens sich irre machen ließ. Zehn
2128 3340 3048 3418 Ort und Handlung gezeichnet, und hier hat auch
1232 3360 2130 3415 Drach thätig, siedelte dann im folgenden Jahre
304 3365 1232 3429 Jahre später hat Richard Wagner den Plan seines
2136 3400 3057 3464 die Aufführung ihre ganze Kraft eingesetzt und
1224 3396 2140 3478 nach dem Eingang dieses Theaters mit Drach in
309 3407 1230 3482 königlichen Schutzherrn in Bayreuth zur Aus¬
2134 3443 3058 3503 damit — aber auch nur damit — einen großen
1220 3444 2134 3509 das von diesem in den „Centralsälen“ ein¬
314 3453 1223 3509 führung gebracht. Das neue Prinzregenten¬
2132 3485 3056 3553 Erfolg erzielt. Gegen die bedenkliche Tendenz dieser
1223 3499 2140 3551 gerichtete „Münchener Schauspielhaus“ über und
305 3500 1226 3548 Theater soll neben den Festspielen der Sommer¬
2135 3522 3052 3596 und anderer „moderner" Stücke verhält sich bisher
1221 3541 2138 3595 übernahm vor Jahr und Tag nach dem finan¬
307 3544 1228 3601 monate auch Nachmittagsaufführungen unserer
2173 3561 3060 3638 — und hoffentlich auch in Zukunft — das münchener
1222 3586 2142 3634 ziellen Zusammenbruch Drachs, dem hochbedauer¬
317 3588 1234 3640 classischen Dramen bringen und Orchester und
2137 3618 3062 3696 Theaterpublicum in seiner weit überwiegenden
300 3626 1224 3689 Zuschauerraum ganz nach bayreuther Muster ein¬
1214 3632 2142 3684 licher Weise auch bald der geistige folgen sollte,
2130 3671 2552 3732 Majorität ablehnend.
1220 3669 2130 3724 das verwaiste Institut unter den denkbar ungün¬
303 3668 658 3742 gerichtet werden.
2168 3685 3066 3766 Die beiden anderen Novitäten des Schauspiel¬
1231 3712 2140 3771 stigsten Verhältnissen. Wie er die übernommene
351 3695 1227 3769 Die königlichen Bühnen haben seit Beginn der
2142 3738 3056 3808 hauses: „Ewige Liebe“ — wie mag nur der Ver¬
1230 3760 2136 3812 Aufgabe in der letztverflossenen Saison gelöst hat,
303 3745 1238 3815 ordentlichen Spielzeit lediglich Neueinstudirungen
2138 3797 3048 3857 fasser auf den seltsamen Titel gekommen sein! —
1221 3794 2141 3850 darüber ist bei Publicum und Kritik nur eine
299 3802 1227 3859 von „Egmont" und „Fra Diavolo“ gebracht.
1223 3843 2136 3899 Stimme der Anerkennung. Was er bisher an
2133 3827 3050 3894 von Hermann Faber und „Großmama“ von Max
299 3844 1234 3900 Die erstere ist, abgesehen von der ungenügenden
2131 3876 3059 3936 Dreyer, wandeln andere Bahnen. „Ewige Liebe“
1228 3877 2137 3955 Novitäten in den beiden Theatern herausgebracht
303 3882 1242 3952 Darstellung der Titelrollen, mustergültig zu
2124 3925 3048 3985 ist ein Rührstück gewöhnlichster Sorte, das längst
1216 3933 1811 3999 hat, ist von ungleichem Werth.
299 3932 1238 4002 nennen; namentlich wurden die Volfsscenen ganz
2134 3956 3051 4027 bekannte und benutzte Motive — den Couflict eines
1259 3956 2139 4030 Das Gärtnertheater wurde am 7. September
303 3959 1231 4033 prächtig herausgebracht. Als Klärchen hatte das
2135 4023 3052 4071 jungen, hochbegabten Mädchens mit den Schwierig¬
1228 4016 2137 4068 mit Rostands „Cyrano von Vergerac“ wieder er¬
301 4020 1218 4072 jüngst von Braunschweig hierher gekommene Frl.
1230 4057 3048 4116 öffnet. Diese romantische Komödie paßt streng keiten, die ihrer künstlerischen Zukunft durch die
314 4068 1227 4127 Mabitow Gelegenheit, neuerdings ihr frisches,
337 4098 3061 4168 verkünsteltes und lebenswarmes Talent zu zeigen. genommen nicht in den Rahmen jenes Theaters, Liebe zu einem, übrigens herzlich unbedeutenden
