3392 4384
146 161 1805 299 10. Das Vernaechtnis box 16/5
2070 891 2225 989 1081
812 986 2259 1064 bei seinem Leisten bleiben wollte. Karl Rößler hat ein nicht übte
826 1035 2247 1109 Stück aus dem Schauspielermilien gezogen. Dem Menschen vur
817 1094 2255 1166 heute ist seine tüchtige Erfahrungstechnik gewachsen. Der Mann
818 1142 2248 1204 großen geschiehtlichen Charakteren den Puls zu fühlen, das ewie
819 1196 2237 1262 Menschliche uid menschlich Ewige historischer Wendepunkte zu er
823 1231 2227 1294 fassen und in der Beschränkung auf einige Typen zu veranschan¬
819 1288 2240 1331 lichen, der Mann ist dieser zum Federhandwerk übergelaufene Mime
811 1340 2228 1391 nicht. Da es nun in der Geschichte keinen erhabeneren Charakter
814 1392 2235 1454 gibt als dien Bettelrabbi, der die Liebe zur Religion machen wollte,
811 1432 2238 1499 und keineen bedeutsameren Moment als die Geburt des Christentums,
815 1486 2230 1554 so bietet der Versuch eines gewandten Szenikers, diesen Stoff zu
810 1531 2235 1607 zwingen, just keinen erhebenden Genuß. Regie und Darstellung
805 1584 2226 1648 vergfeudeten viel guten Willen an eine verlorene Sache. Die lebens¬
805 1640 2234 1709 Und liebegierige Jüdin des Fräuleins Marie Guttmann glühte und
817 1673 2234 1748 —sprühte, der naturselige Grieche des Herrn Nerz trug auch innerlich
831 1733 2219 1780 den Weinlaubkranz, Herr Weil lieh dem pharisäischen Rabbi Echt¬
823 1770 2232 1843 heitsgepräge, aus der Masse der nach Erlösung hungernden Elenden
822 1822 2222 1880 hoben sich die Bettlergestalten der Herren Straßni und Wieland
821 1876 2224 1928 besonders überzeugend hervor, die Melancholie des reichen Jünglings,
821 1931 2234 1978 das Unglück im Prunkkleide, veranschaulichte Herr Valberg mit
828 1973 2232 2039 schlichter Wärme und, last not least, der starke Geist, der in der
825 2024 2230 2072 Josefstadt über allen Wassern schwebt, Jarno, gab dem galiläischen
823 2077 2235 2124 Wucherkönig, der in diesem Drama über den Künder der Liebe zu
824 2131 2228 2192 triumphieren scheint, markigen Ton und feste Haltung. Man mußte
819 2176 2227 2234 an den Kohlengrubenbesitzer denken, in dem die Schilderung des
824 2223 2238 2274 Fegefeuers bloß den Gedanken weckt: „Wenn ich doch den Teufel
818 2266 1991 2346 dazu bringen könnte, von mir die Kohlen zu beziehen!“
1788 2319 2194 2395 Heinr. Glücksmann.
830 2458 2234 2531 Lüstspieltheater. „Das Vermächtnis.“ Schauspiel in vier Akten von Arthur
847 2522 1722 2594 Schnitzler. Aufgeführt am 10. November 1908.
842 2551 914 2611 —
675 2537 836 2654 7
941 2566 2222 2641 In seinem feingeschriebenen Buch „Wien"*) hat Servaes so
826 2634 2236 2710 treffend Arthur Schnitzler gezeichnet: „Von Haus aus ist Schnitzler
822 2683 2216 2738 nichts weniger als Asthet; vielmehr war er ehedem Arzt. Das ver¬
633 2635 738 2778 1
827 2730 2228 2798 schaffte ihm wohl seine bewunderungswürdige Kenntnis der intimsten
828 2787 2232 2828 Eigenheiten der menschlichen Natur. .. er kennt alle Gebundenheiten
812 2835 2227 2884 der Menschen... handhabt die Sprache mit köstlicher Meisterschaft
810 2873 2235 2935 wie eine zarte Lanzette, mit der er die subtilsten Nervenfäserchen im
814 2935 2222 2994 organischen Gewebe bloßlegt.“ Die Probe auf die Richtigkeit dieser
820 2979 2222 3035 Charakterisierung kann man im Vermächtnis“ machen. Ein Schau¬
816 3013 2224 3092 spiel von packender dramatischer Wirkung, aber von dürrer Handlung:
818 3085 2208 3144 Üiber Wunsch des sterbenden Sohnes nehmen die Eltern seine „Liebe“
817 3120 2221 3194 und sein Kind ins Haus. Nicht für lange, denn das Kind stirbt und
830 3180 2226 3237 „sie“ wird fortgeschickt. Auf die Handlung kommt es Schnitzler nicht
816 3234 2228 3291 an. Er will die Macht der Konvention schildern, zeigen, wie sie
820 3279 2230 3334 alle Gefühle niederdrückt, wie die Heiligkeit des Wortes vor der
821 3323 2238 3395 Gewalt des gesellschaftlichen Zwanges zurücktreten muß. Der krasse
976 3402 2219 3484 ) Siehe die Nummern 25 und 34 der „Wage“, Jahrgang 1908, in denen
818 3456 2235 3539 eine Besprechung des Buches und ein Abschnitt daraus veröffentlicht wurden. D. R.
