3436 4256
527 237 1378 334 Feuillet,on.
759 302 1466 426 Lurgtheater. ma##
245 401 1681 482 („Das Vermächtniß“, Schauspiel in drei Aufzügen von Arthur Schpigler#
352 460 1650 521 Diesmal ist es nicht Liebelei, sendern Liebe. ###weederm
244 509 1661 577 ist das „süße Mädel“ das Opfer. Es muß das Opfer sein, denn es
244 567 1646 623 ist von unserer Kultur (lies: Moral), von unserer Gesellschaft (lies:
249 607 1610 665 Familie) nicht offiziell anerkannt. Wie hieß sie nur in „Liebelei“
244 658 1646 715 Im „Vermächtniß“ heißt sie Toni Weber. Aber nur der Name hat
242 696 1656 764 sich geändert, das Herz ist das nämliche geblieben. Es ist das Herz
243 744 1644 800 an sich, ohne Bezug auf die große, mechanisch fortarbeitende Verklausu¬
249 794 1653 855 lirungsanstalt, genannt Gesellschaft. Das Herz in seiner Unschuld,
237 854 1657 903 die der Paragraph Schuld qualifizirt. Die Natur in ihrer
253 893 1654 955 Naivetät, die sich für sehlbar hält, so lange sie der eigenen Stimme
253 947 1657 1000 ehrlich folgt, von der herrschenden Herkömmlichkeit jedoch zum Tode
242 983 1650 1039 verurtheilt wird. Die ewige Tragik. Eine Ordnung wird ja immer
251 1031 1637 1089 sein müssen, und immer wird sie nur eine äußerliche sein können, weil
249 1086 1660 1136 sie für Viele passen soll. Gerade die intimsten Eigenrechte der Einzelnen
252 1127 1658 1186 werden sich also stets nur zwischen den Zeilen des Systems dahin¬
252 1164 1656 1230 fristen, mehr oder weniger uneingestanden. In dem Augenblicke, wo
256 1223 1660 1278 sie sich offenbaren wollen, werden sie scheitern. Das System wird in
243 1263 1654 1325 hundert Jahren anders heißen, das Scheitern wird das nämliche sein.
254 1315 1663 1372 Die Toni Weber einer fernen Zukunft wird vielleicht dürfen, was
243 1353 1662 1422 die heutige nicht darf; dafür wird sie etwas Anderes nicht dürfen
253 1414 1657 1469 und an diesem Anderen zugrunde gehen. Sie ist einmal geboren, Un¬
254 1457 1655 1513 recht zu behalten, und wenn sie noch so sehr Recht hatte. Das ist
252 1500 1649 1556 ihre Tragik, ihre Schönheit. Aber auch ihr Verdienst um die Mensch¬
243 1547 1658 1608 heit. Denn die Menschheit hat wieder einmal erröthen müssen, und
245 1594 1655 1660 das ist ihr gesund. Toni Weber ist also nicht umsonst gestorben, wie
246 1639 1665 1695 die Millionen, deren Leben sich innerhalb der Paragraphen abspielt.
379 1692 1673 1756 Die traurige Geschichte, wie sie dasteht, ist so bald erzählt. Hugo
259 1729 1668 1799 Losatti wird von einem Spazierritt im Prater sterbeud nach Hause
257 1775 1672 1848 gebracht. Mit dem letzten Athem beschwört er die Seinen, die Toni
246 1826 1657 1898 Weber und den kleinen Franzl in den Schooß der Familie aufzu¬
260 1882 1671 1940 nehmen. Die Toni ist zwar nur seine Geliebte, aber er hätte sie
254 1922 1671 1983 ohnehin bald geheiratet. Der Franzl aber ist sein Fleisch und Blut.
250 1972 1679 2024 Ein überaus peinliches Vermächtniß. Der Vater ist Professor und Ab¬
255 2019 1675 2071 geordneter, die Mutter eine brave Bürgersfrau, die zwanzigjährige
264 2068 1664 2124 Tochter Franziska soll sich eben mit dem Dr. Ferdinand Schmidt ver¬
251 2122 1664 2174 loben. Ein dreizehnjähriger Lulu ist auch da. Und eine verwitwete
255 2164 1668 2230 Tante Emma, deren siebzehnjährige Tochter Agnes Hugo zugedacht
267 2215 1670 2276 war. Das sind alles so regelrechte Leute, die ganzen Bedingungen
253 2265 1672 2323 ihrer Existenz schließen alles Unregelmäßige aus. Welche Zumuthung
253 2305 1676 2370 von so einem Sterbenden! Aber die Frauen haben Hugo so gern
267 2340 1684 2409 gehabt. Und dann sind sie Frauen, auch die Mädchen. Auf dem Grunde
261 2398 1675 2453 dieser Franeuherzen muß sich so manchesmal so Manches geregt haben.
266 2443 1678 2504 Fährt es nicht der kleinen Agnes in einem reizenden Planderstündchen
255 2503 1673 2554 mit Franziska in aller Unschuld heraus: „Wir haben Alle unsere
255 2540 1677 2590 dunklen Punkte in unserer Vergangenheit. Wir auch, es geht nur
262 2592 1683 2646 anders aus. Ich bin gar nicht stolz, daß ich brav bin.“ Sie ist die
269 2638 1675 2690 Tochter einer etwas überspannten Mutter, die ihr später sagen wird:
267 2677 1676 2745 „Weißt Du denn, was aus Dir geworden wäre, wenn Du mich nicht
267 2740 1676 2788 gehabt hättest?“ Frau Emma hat nämlich einen geliebten Gatten
272 2783 1680 2837 früh verloren und weiß Liebe zu schätzen. Mama Losatti hingegen
268 2820 1671 2872 hat zu ihrem Mann, dem Dutzendmenschen, „keine wirklichen Beziehungen“
271 2873 1688 2924 von der Jugend aber hat sie nur den Eindruck einer „schrecklichen Ver¬
262 2914 1682 2968 wirrung" übrig behalten. In ihnen Allen findet der Vazillus einen
261 2963 1678 3031 Nährboden. Und Franziska, die kalt Verlobte des kalten Dr. Schmidt?
273 3016 1677 3082 Die ist ohnehin ein ungewöhnliches Mädchen, ein Charakter. So
265 3058 1254 3142 nehmen sie richtig Toni und Franzl ins Haus.
389 3096 1679 3167 Dieser erste Aufzug hat ergreifend gewirkt, namentlich durch die
273 3152 1683 3209 lange Sterbeszene. Schnitzler ist Arzt und hat viel Sterben erlebt.
268 3209 1681 3261 Man könnte ihn den Dichter des Sterbens nennen, schon wegen seiner
268 3246 1679 3303 bekannten Meisternovelle. Im zweiten Aufzug ist „Bubi“ die Haupt¬
266 3296 1681 3343 person. Die Damen herzen ihn, Luln „erzieht“ ihn, der Herr Pro¬
278 3341 1691 3400 fessor macht ihn nervös und benützt ihn nebenbei als Stoff für seine
265 3397 1693 3457 liberalen Phrasen und großartigen Posen. Auf Bubi gestützt spielt
277 3437 1694 3494 er sich als „Vorkämpfer aller freisinnigen Ideen“ auf, schnappt aber
274 3482 1696 3552 sofort, zusammen, als ein Bekannter ihm etwas von inem „Faustschlag
278 3541 1681 3594 ins Gesicht der Gesellschaft“ sagt. Er ist natürlich auch Pantoffel¬
272 3577 1688 3651 held- und nimmt nach einigem Baumen stets die Meinung seiner Frau
270 3621 1696 3698 an, nicht ohne für sein Theil sofort ein triviales Argument dafür zu
277 3676 1692 3737 finden. Der Dichter hat diesen Vertreter der gesellschaftlichen Heuchelei
283 3711 1699 3781 ganz vortrefflich gezeichnet. Sein Empfinden geht in lauter fertigen
273 3772 1688 3835 Phrasen und Formeln auf so daß er gewiß höchst „lorrekt“ sein muß,
271 3818 1695 3893 aber sobald er über die Schablone hinausdenkt, fällt er ins Gemeine.
273 3882 1692 3931 Ihm ist es z. B. selbstverständlich, daß die Freundschaft der Witwe
273 3916 1690 3981 Emma für den Verstorbenen ein richtiges „Verhältniß“ war, trotzdem
264 3944 1702 4020 aber hat er ihn mit ihrer Tochter verheiraten wollen. Diese Un¬
272 4018 1703 4086 geheuerlichkeit findet er anständig, weil der herkömmliche Schein
263 4052 1713 4136 gewahrt blieb. Das ehrliche Liebesverhältniß Hugo's aber und seine
1659 182 3075 279 Vaterschaft sind ihm ein Skandal, zu bessen Vertuschung er höchstens
1665 257 3077 331 beitragen möchte. Der ganze zweite und dritte Akt sind solcher
1661 303 3080 380 Gegenüberstellung von echter und falscher Anständigkeit gewidmet. Das
1664 370 3085 423 wimmelk von kleinen seinen Beobachtungen und schlagenden Worten.
1667 400 3076 449 In der Methode erinnert es an „Klein Cyolf“ wo auch die späteren
1672 428 3081 504 Akte blos den ersten zu analysiren und zu kritisiren haben. Die Vor¬
1671 489 3086 552 urtheilsfreie des Aktes ist Frau Emma. Wie menschlich tief ist ihr
1675 542 3074 598 Wort: „Verzeihen? Was hat überhaupt ein Mensch dem anderen zu
1666 586 3091 646 verzeihen? Vermessenheit ist das. Strafen dürfen wir, und rächen
1670 640 3089 701 meincthalben. Damit bleiben wir doch unter uns sozusagen. Aber
1662 685 2526 748 zum Verzeihen ist doch keiner gut geung.“
1772 719 3094 800 Allein am Ende des zweiten Aufzugs stirbt Bubi, in etwas
1668 772 3094 829 Maeterlinck'scher Weise. Und damit ändert sich die ganze Sachlage.
1676 823 3093 878 Toni merkt gar bald, daß das Kind doch das einzige Band war,
1667 870 3091 923 das diese Leute mit ihr verknüpft hat. Nun ist das Band zerrissen
1666 917 3090 981 und die Fluth der herrschenden Minung trägt diese Seelen von ihr
1677 975 3092 1025 weg, immer weiter. Der Professor sieht in der Sache immer mehr eine
1672 1003 3089 1069 bloße Geldfrage. Dr. Schmidt sagt in einem gewissen Augenblick: „Es
1673 1057 3103 1118 gibt doch Grenzen, gnädige Frau“, und er hat nicht einmal Unrecht.
1671 1111 3091 1170 Namentlich weil Frau Emma, der er das sagt, in ihrer Vorurtheils¬
1679 1148 3096 1211 losigkeit gar zu weit geht. Sie will Toni zu sich nehmen und das
1674 1198 3088 1254 Haus ihrer Verwandten nie mehr betreten! Vielleicht thäte sic es
1671 1247 3097 1293 wirklich, aber ihre Tochter lehnt sich dagegen auf. Es ist wunderbar
1683 1288 3098 1357 fein, daß Agnes seit Franzl's Tode Toni nicht mehr verträgt. „Ich
1677 1337 3101 1399 kann nicht. Mich schaudert vor ihr ... Ich finde nicht mehr hin zu
1681 1387 3104 1451 ihr, sie ist nicht mehr, die sie war!“ Das Kind war die Brücke zwischen
1679 1441 3102 1502 ihnen; das Kind ist fort und ein Abgrund hat sich geöffnet, zwischen
1676 1496 3096 1552 Rein und Unrein. Man siebe die Begriffe durch, wie man will, sie
1687 1529 3101 1585 liegen einmal im Blute, wie andere Erbkrankheiten auch. Arme Toni!
1675 1573 3106 1631 Sie ist wohl auch etwas zu naiv, wenn sie im Bewußtsein ihrer bona
1681 1633 3109 1694 fides noch immer jammert: „Ja warum denn? Hab' ich ihn denn
1685 1673 3102 1739 weniger geliebt, als ihn eine Andere geliebt hätte? Hab' ich ihn weniger
1681 1715 3112 1801 glücklich gemacht, als eine Andere?“ Und als ihr Schmidt verbietet,
1691 1769 3110 1821 den Namen seiner Braut auszusprechen, schreit sie auf: „Ja warum
1681 1818 3115 1889 denn? Bin ich vielleicht etwas Schlechteres als sie?“ Was kann man
1685 1858 3097 1925 ihr antworten? Liebe Toni, Du bist um hundert Jahre zu früh geboren,
1681 1909 3104 1973 und das war sehr ungeschickt von Dir. Dann, als sie, jedes Halts
1689 1953 3104 2023 im Leben beraubt, hinausgeht ins Nichts, stehen freilich die anständigen
1683 2004 3107 2072 Herrschaften verdutzt da und die Sache ist ihnen peinlich genug. Auch
1687 2049 3104 2123 Franziska hat blutig Recht, wenn sie außer sich ausruft: „Alles bewahren
1690 2099 3109 2153 wir auf, was an ihn erinnert, Alles, was er geliebt hat, das Nichtigste.
1694 2151 3123 2212 Alles ist uns heilig. Und gerade das Wesen, das ihm durch Jahre.
1690 2203 3113 2272 mehr war, als wir Alle, jagen wie hinaus: Auf der Galerie brach
1693 2244 3106 2306 ein Beifallssturm los, als sie auch noch sagte: „Was einen guten
1690 2293 3109 2344 Menschen so glücklich macht, kann nicht die Sunde sein!“ Man ist so
1698 2339 3109 2399 jung auf der Galerie ... und die Welt in so alt und verknöchert und
1685 2375 3118 2435 hält ihre Ungerechtigkeiten so pedantisch in Ordnung, und Entgleisungen
1697 2436 3114 2498 sind ein= für allemal verboten, und überhaupt . . . man hat gar keine
1689 2487 3103 2542 Zeit sich um private Gefühlssysteme zu kümmern, dazu sind ja die
1691 2521 3106 2597 Schablonen eingeführt, um Zeit und Streit zu sparen ... Wer so
1700 2572 2742 2654 ist, wie wir, ist anständig; wer nicht, nicht. Basta!
1800 2615 3116 2683 Die Darstellung war vortrefflich und hat das leidenschaftliche
1690 2669 3114 2723 Für und Wider des Stückes so recht ins Publikum hineingetragen.
1694 2715 3116 2771 Es bildeten sich Parteien, deren jede ihren beredten Wortführer auf
1693 2765 3127 2824 der Bühne hatte. Herr Hartmann stand voran. Sein Professor
1700 2813 3109 2868 Losatti, dieser höchst naturgetrene Vertreter des bürgerlich Herkömm¬
1699 2859 3113 2916 lichen, ist eine Genrefigur ersten Ranges. Frau Schratt spielte die
1693 2900 3111 2952 Toni Weber mit all ihrem wienerischen Gemüth, das sich im Abschied
1699 2950 3112 3019 für immer ganz ergreifend vertiefte. Frau Hohenfels (Franziska)
1696 3001 3110 3060 und Frl. Medelsky (Agnes) ließen gleichfalls das Herz in seiner
1693 3047 3108 3111 Muttersprache sprechen. Frau Schmittlein (Mama Losatti) fand
1692 3095 3111 3164 den richtigen Ausdruck für alle ihre Kümmernisse. Mit der Witwe
1698 3134 3102 3200 Emma, die zu sehr Tendenz ist, um wirklich lebendig zu bleiben,
1705 3189 3113 3243 beschäftigte sich Frl. Bleibtren. Die Herren Devrient (Dr. Schmidt),
1704 3235 3108 3289 Treßler (Hugo), Römpler (Arzt) sind gleichfalls zu loben; der
1692 3274 3126 3351 Neuling Herr Paulsen (Hugo's Freund Gustav) blieb zu unfrei
2830 3329 3024 3403 L. 11—1
1699 3333 2206 3410 und wurde nicht warm.
