3484 4224
243 136 1895 251 10. Das Vermaschtnis box 16/2
910 908 1261 984 Telefon 12801.
1609 1013 1809 1093 Aussch
453 998 1543 1093 1f1. Unternehmen für Zeitungs-Ausschnitte.
1490 1088 1744 1192 Nr. 7
729 1073 1396 1209 „OBSERVER‘
363 1191 1762 1278 I. österr. behördl. concess. Bureau für Zeitungsberichte und Personalnachricht
666 1259 1517 1365 Wien, IX/1 Türkenstrasse 17.
602 1349 1573 1437 — Filiale in Budapest: „Figyelö“, VIII. Josefsring 31 a.
358 1464 1400 1586 Ausschnitt aus: 7euen, Zer.
377 1618 755 1724 /29
560 1766 1616 1833 Schnitzler's Vermächtniß“ im Burgtheater
442 1811 1625 1916 ist keine Hinterlassenschaft. Es hinterläßt nicht einmal
450 1860 1623 1956 die Spur einer tieferen Wirkung. Auf jeden der drei
453 1915 1635 2003 Acte kommt ein Todter. Das Publikum hat dem ganzen
448 1962 1636 2046 Stücke eine Leich' erster Classe zemacht, wie es sich für
445 2025 1081 2113 ein solches Theater gebührt.
776 2917 1478 3003 Bezngs-Bedingungen.
390 2990 1623 3063 Fur 50 Zeitungsausschnitte (Artikel oder Notizen) fl. 7.50)
1632 2990 1786 3055 tclusi
1451 3013 1594 3071 „ 14.—
1648 3041 1772 3082 Porté
484 3048 598 3097 100
1439 3060 1598 3126 „ 25.—
1644 3069 1776 3114 Zahlb
490 3091 604 3135 200
1475 3082 1616 3158 55.—
1627 3097 1783 3160 im Vor
494 3121 606 3174 500
1414 3133 1588 3196 „ 100.—
435 3161 604 3228 " 1000
527 3161 1783 3250 Im Gegensatze zu anderen Bureaux für Zeitungsausschnitte ist
415 3225 1778 3317 Abonnement durch keine bestimmte Zeitdauer begrenzt; — auch steht ei
414 3263 1779 3347 Abonnenten frei die aufgegebenen Themen zu ergänzen oder zu ändern.
2400 914 2744 998 Telefon 12801.
2097 996 3046 1090 Unternehmen für Zeitungs-Ausschnitte.
3107 1018 3326 1104 Ausschnitt
1824 1010 2104 1130 105
3028 1088 3313 1193 Nr. 73
2218 1065 2899 1188 „OBSERVER“
1770 1183 3303 1252 I. österr. behördl. concess. Bureau für Zeitungsberichte und Personalnachrichten
2155 1249 3018 1354 Wien, IX/1 Türkenstrasse 17.
2101 1342 3073 1424 Filiale in Budapest: „Figyelö“, VIII. Josefsring 31 a. —
2377 1418 3066 1545 Müsir. Wiener Extrablatt
1838 1474 2342 1554 Ausschnitt aus:
1851 1556 2319 1699 vom 7/2.36.
2141 1749 3054 1813 (Wiener Literatur.) Die Buchschriftsteller
2018 1806 3051 1858 haben es weit besser, als die Dramatiker. Wihrend nir
2035 1846 3054 1899 es jüngst an des armen Arthur Schnitzlers
2026 1889 3053 1939 eigenem Leibe schaudernd miterlebt haben, wie sparsam
2035 1918 3054 1969 feinsinnige Regisseuraen üther mit der Zuerkennung des
2033 1967 3045 2019 Wortes „Dichter“ umgehen, können um die W ihnachts¬
2031 2007 3050 2076 zeit die sozusagen geistigen Lieferanten bedruckten Pa¬
2032 2044 3055 2112 pieres mit Bestimmtheit darauf rechnen, von Buch¬
2034 2101 3051 2158 händlers Gnaden zu diesem Rang befördert zu werden.
2032 2130 3045 2194 Das ist so eine allgemeine Bemerkung, die sich Einem in
2027 2179 3048 2232 diesen Wochen aufdrängt, da der festeste Weihnachtstisch
2028 2227 3035 2272 unbedingt zusammenbrechen müßte unter der Last
2029 2272 3023 2315 jener Bücher, die auf ihm, so ferne er „deutsch“
2027 2314 3037 2360 ist, nach Bu#händler Aussage nicht fehlen dürften,
2030 2354 3049 2412 Die wirklich reizend ausgestatteten Bändchen, die
2021 2385 3046 2456 der Wiener Verlag Mohr herausgegeben hat,
2036 2434 3049 2488 sind allerdings, rein physisch gesprochen, keine allzu schwere
2027 2468 3046 2530 Belastungsprobe für den Tisch. Leichte Waare, was
2030 2524 3033 2583 Seitenanzahl anlangt. Von Edgar Poetzl ist ein
2024 2559 3041 2622 kleines Skizzeubuch „Landsleute“ erschienen. Ein prächtiges
2025 2617 3044 2670 Titelblatt von Zasche vereinigt Urwiener= und
2021 2654 3050 2713 Secessionisten=Motive in gelungener Weise. Ein Erzähler,
2019 2697 3046 2769 den das Publicum derart schätzt, wie Poetzl, schätzt sich
2025 2732 3044 2781 selbst nicht minder. Was das Büchlein an werthvollen
2029 2779 3036 2843 Gaben enthält, ist einer täglichen Zeitung entnommen,
2025 2822 3043 2897 ohne alltäglich zu sein. Es ist genug, um Autor und
2012 2865 2754 2932 Lesepublicum ehrlich zu beglück vünschen.
2247 2897 2937 2991 Bezugs-Bedingungen.
2920 2951 3077 3032 l. 7.50
1872 2960 1975 3032 Für
1976 2969 2817 3051 50 Zeitungsausschnitte (Artikel oder Notizen)
3093 2985 3277 3071 inclusive
2939 3022 3062 3077 14.—
1951 3020 2056 3067 100
3101 3052 3248 3086 Porto.
1961 3059 2058 3109 200
2939 3060 3058 3105 25.—
2908 3071 2945 3119 „
3097 3072 3253 3117 Zahlbar
2937 3086 3075 3166 55.—
1958 3101 2069 3154 500
3075 3101 3302 3171 im Voraus
2895 3133 3059 3193 „100.—
1905 3140 2073 3197 „ 1000
2002 3156 3309 3237 im Gegensatze zu anderen Bureaux für Zeitungsausschnitte ist das
2950 3224 3308 3286 auch steht es den
1874 3221 2899 3275 Abonnement durch keine bestimmte Zeitdauer begrenzt;
1883 3274 3225 3331 Abonnenten frei die aufgegebenen Theinen zu ergänzen oder zu ändern.
