3484 4224
1376 149 1839 241 box 16/2
173 152 1248 266 10. Das Vernaechtnis
1013 1511 3339 1592 1.— Prashsanzesten Herrn Eollard Lacina in Gaha zum welches einen Schaden von 83.000 fl. anrichtete
874 1545 1345 1633 —
1457 1572 1641 1634 —
2335 1576 2421 1627 ung 1
244 1611 3343 1684 ist. Sein Vater war ein berühmter Arzt jener Leute; das täglich in einem hiesigen Kaffeehause zusammen= will ihr in Hinkanft keine Hosenrollen mehr ges
259 1672 3338 1731 die den Hausordinarlus gerne bei sich sehen, um aus kommt und dort Lteratur schmockt. Also die Wiener Frau Palmai hat heuer schon zwei Hosen
261 1729 3341 1783 seinem Munde die neuesten Nachrichten der Gesellschaft Bohemiens! Das sind die „Lumpen“. Murger hat gespielt, ein drittes Mal läßt er die gräflschen
250 1771 3337 1836 zu hören. Die ersten Theaterleute c#nsultirten ihn, er das so reizend gemacht, daß keine Nöthigung vorlag, unserer Ilka nicht bloßstellen. Fräulein v. Sch#
249 1794 1924 1889 lebte inmitten der Kunstwelt. Der junge Schnitzlerses noch einmal zu versuchen.
2366 1809 3342 1874 statt sich auf das von Frau Palmai wahrsch
253 1860 1351 1923 gilt für einen ernsten, fleißigen Arzt, und man weiß
1388 1862 3346 1919 Herr Hirschfeld behandelt die Schicksale eines erwarteie Zureden zu verlegen, theilte die Rollen
246 1910 1329 1983 ihm keine andere Pose nachzusagen, als die Stirnlocke.
1324 1899 3340 1979 jungen Autors, der gegen seine Ueberzeugung ein anderen Schauspielerin zu und sagte: „Dann
253 1958 1125 2027 Durch die säuselt noch immer der Wind.
1332 1949 3318 2010 Stück ändert, dann damit Erfolg erzielt und reich die Gräfin eben in der nächsten Novität
335 1982 1341 2066 Eine cutiose Première hatten wir im Carl¬
1318 1996 3315 2069 wird. Seine bisherigen Freunde, die „Lumpen“, spielen.“ Und Frau Palmai sagte darauf: „S
258 2058 3352 2127 Theater. Da wurde eine Komödie gegeben, die „Lum=neckten ihn darob und er meidet sie. Eine Heirath die Geschichte? Es ist also der Directorin gleich
262 2101 3345 2174 pen“ heißt und einen Herrn Leo Hirschfeld zum Ver= versöhnt Alles. Die Vorgänge sind nicht auf, ob ich spiele oder nicht? Gut! Und sie melde
261 2169 3344 2212 fasser hat, nicht zu verwechseln mit dem schon berühmt regend, aber es gab gute Milieuschilderung und das unwohl. Die Operetten, in denen Frau Palmai
265 2196 3344 2253 gewordenen Berliner Hirschfeld. Den Wiener Hirsch= interessirte die Leute des ersten Abendes, welche sich mußten abgesetzt werden und man brachte ra
264 2231 3347 2311 feld höre ich seit Jahren in den Zwischenacten der theilweise freuten, ihr Conterfei auf der Bühne Posse heraus, welche über die nächsten zwei A
1331 2289 1561 2363 zu sehen.
265 2292 1336 2349 Premièren am lautesten schimpfen. Ich war überzeugt,
2382 2296 3338 2359 weghelfen sollte. Der Durchfall wirft neuerding
264 2335 1354 2398 daß der einmal unversehens mit einem Stücke kommen
1399 2338 3346 2406 Einen spectakulösen Durchfall gab es Sonntag Pläue über den Haufen. Wenn die Schönere
263 2389 1342 2450 wird. Denn alle die Premièren=Schimpfer fröhnen im
1339 2377 3328 2447 im Theater a. d. Wien. Eine niederträchtig schlechte,bs zur nruen Operette mit Einnahmen von
255 2436 1346 2505 Geheimen dem Laster der Stückschreiberet. Und ebenso
1327 2431 3335 2500 dumme, blöde Posse, „Die Seehunde“, wurde aus¬elen will, wird sie sich bemühen müsse
250 2466 1337 2539 wer ich überzeugt, daß der Schimpfer kein gutes Stück
1328 2474 3336 2545 gepfiffen und unter großem Spectakel mühevoll zu schmollende Palmai zu beruhigen. Ich sehe üb
264 2530 1343 2595 zusamumenbringen wird. Es ist aber besser ausgefallen.
1347 2534 3336 2594 Ende gespielt. Am nächsten Tage wurde sie nicht seit gestern deren Landsmann Karczag das 2##
260 2569 1347 2639 Am ersten Abend gestaltete sich sogar die Sache zu
1336 2578 3341 2643 mehr gegeben. Die Directorin dieses Theaters steht a. d. Wien umkreisen. Er wittert Raum für
254 2615 3341 2692 einem ausgesprochenen Erfolg. Am zweiten Abend jetzt ohne Repertoire da. Frau Palmai ist nämlich schöne Frau. Wer weiß? Im vorigen Jah
256 2658 1836 2758 war das Haus schwach, besucht, am dritten Abend leer. in den Strike getreten.
2398 2659 3347 2743 Fräulein v. Schönerer gesagt, daß die Ko#
268 2706 1355 2779 Das ist begreiflich. Es war ein Stück für die Pre¬
1404 2712 3324 2785 Frau Palmat sollte in einer für Weihnachten ihr keine 500 fl. monatlich werth ist. Nichts
262 2767 1356 2851 mierenbesucher. Das große Publicum interessirte sich
1337 2768 3338 2846 vorbereiteten neuen Operette, die den Neffen von als daß sie ihr jetzt 2000 bis 3000 fl. mo
260 2816 995 2896 nicht dafür und verstand es nicht.
1336 2818 2594 2895 Johann Strauß zum Componisten hat, eine Hosen= bezahlt.
339 2863 2424 2945 Herr Hirschfeld photographirte jenes Jung=Wien rolle spielen. Graf Kinsky, der Gemahl der Künsilerin,
