3436 4256
235 216 1277 335 10. Das Vernaechtnis
441 1553 623 1656 RRAHTHRR
511 1641 1360 1780 Feuilleton.
353 1768 1221 1874 ds Vermächtniß.“
340 1847 1499 1928 (Schauspiel in drei Akten von Arthur Schnitzler, zum ersten¬
414 1910 1449 1969 male aufgeführt im Burgtheater am 30. November 1898.)
454 1961 1503 2022 Das moderne Milieustück begnügt sich häufig damit, im
350 2008 1495 2072 Rahmen einer dünnen, belanglosen Handlung das Leben und
341 2063 1498 2121 Treiben moderner Menschen zu schildern. Gute Beispiele dieser
346 2097 1497 2158 Art sind Dörmann's „Ledige Leute" und Langmann's „Vier
355 2143 1502 2213 Gewinner". Das innerliche dramatische Interesse wird nicht
350 2189 1501 2247 einmal geweckt, es tritt völlig zurück vor der Betrachtung des
344 2243 1497 2297 rein Zuständlichen in den Charakteren und Situationen. Solche
351 2292 1502 2346 Stücke haben, wenn sie gelungen sind, noch immer ihren ganz
354 2333 1496 2392 besonderen eigenen Werth. Freilich liegt dieser Werth nicht im
348 2383 1500 2447 Reinkünstlerischen höheren Stils, er liegt vielmehr in dem
342 2427 1500 2492 Streben nach einer neuen Technik und daneben in der Schaffung
348 2473 1499 2530 von Werken, die unter Umständen eine beträchtliche kulturhistorische
343 2529 1500 2587 Bedeutung erlangen können. Ihre Hervorbringung fordert nicht
350 2575 1487 2640 schlechterdings einen Dichter. Gewisse ganz einseitige dichterische
346 2619 1213 2689 Anlagen genügen oft, um sie entstehen zu lassen.
451 2656 1507 2730 Den ersten Erfolg auf der Bühne hat Schnitzler auch mit
349 2726 1505 2786 einem Milieustück errungen, mit der „Liebelei“. Hätte man aber
348 2778 1502 2831 auch sonst nichts von Schnitzler gekannt als dieses Theaterstück,
350 2818 1503 2879 so hö man sich schon sagen müssen, daß der Verfasser nicht bloß
335 2846 1500 2923 dichterische Anlagen habe, die er geschickt verwerthe. Schon die
338 2914 1501 2974 „Liebelei“ war ein starker Beweis echten dichterischen Könnens.
340 2970 1498 3021 Schnitzler begnügte sich nicht bloß, uns Wiener Luft und Wiener
340 3007 1498 3060 Menschen zu zeigen, er führt uns ein erschütterndes Menschen¬
350 3055 1494 3113 schicksal vor Augen. Die „Liebelei“ gehört also nicht mehr in die
342 3103 1505 3152 Reihe der vorhin erwähnten Milienstücke. Es gewinnt natürlich
350 3139 1496 3200 durch die lebensvolle Tarstellung der Zeit und des Ortes an un¬
345 3194 1508 3248 mittelbarer Gegenständlichkeit, aber sein eigentlicher Werth liegt
349 3230 1219 3299 höher, es ist ein wirkliches dichterisches Produkt.
461 3292 1496 3355 Den beschrittenen Weg verläßt Schnitzler auch mit dem
342 3332 1501 3386 „Vermächtniß“ nicht. Auch hier geht's um Leben und Tod, wie
344 3383 1509 3463 bei allem Echten im Leben. Auch hier ringt ein armes Menschen¬
1424 219 1879 313 box 16/2
1764 1583 3370 1665 er  maumcmmneng n
2670 1646 3389 1713 gedeiht nicht recht, er welkt hin. Die Bes
1497 1645 2658 1713 kind mit den Verhältnissen, und es geht als der schwächere Theil
1498 1691 1699 1752 zugrunde.
2659 1696 3379 1749 sich nach und nach zurück. Natürlich
1618 1723 2648 1802 In dem gulbürgerlichen Hause des Professors Losatti, der
2654 1745 3386 1794 kann doch diese nicht in einem Hause verk
1512 1780 2654 1845 ein liberaler Abgeordueter ist, lernen wir in einer wirksamen
2659 1791 3375 1851 eine solche Person befindet. Toni selbst
1507 1830 2656 1901 Exposition gleich alle Personen des Stückes kennen. Da ist seine
2655 1840 3357 1884 mitgliedern freundlich behandelt, ganz
2653 1882 3382 1934 tochter Franzi. Auch Agnes schließt sich
1515 1879 2648 1932 Frau Betty, eine gute, aber wenig selbstständige Natur, seine
1503 1924 2657 1984 Tochter Franziska, ein tapferes Mädchen, in dem die Keime zu
2663 1924 3390 1984 kleinen Franz eine stete Erinnerung an de
1504 1974 2652 2042 echter Menschheitsentwicklung vorhanden sind. Wenn sie nicht
2662 1971 3389 2044 Nur Dr. Schmidt ist peinlich von all die
2661 2015 3379 2080 Ende des Aktes erkrankt der kleine Franz
1511 2028 2663 2081 alle herauskommen, so ist das Milieu schuld. Frau
1513 2067 2654 2126 Emma Winter, die Witwe des Bruders der Frau Betty,
2761 2066 3381 2132 Der dritte Akt zeigt uns die Famili
1504 2118 2655 2181 ein prächtiges Geschöpf, das durch Liebe und Leid reif und
2661 2118 3383 2175 Sie beklagt nicht mehr allein den Verlus
2666 2156 3393 2233 des kleinen Franz. Halt= und fassungslos
1506 2161 2657 2208 innerlich groß geworden ist. Trotzdem verfällt ihre Tochter
1512 2212 2650 2280 Agnes wieder atavistisch in den Kleinlichkeitssinn ihrer Um¬
2652 2206 3391 2273 Dr. Schmidt seine Minirarbeit. Es gelin
1503 2260 2651 2325 gebung. Ein Freund des Sohnes des Hauses, Gustav Brander,
2656 2258 3387 2316 glieder, mit Ausnahme Franzi's, umzusti
1503 2310 2647 2372 zeigt uns sein sympathisches Antlitz. Agnes liebt schwärmerisch den
2658 2304 3388 2367 im Familienrath, Toni nicht, wie anfang
1508 2346 2652 2413 Sohn des Hauses, Hugo. Franziska ist ihre Vertraute. Doch ist
2660 2353 3392 2409 aufs Land zu nehmen, sie soll im Gegent
2657 2403 3387 2464 lassen. Man wird natürlich für sie sorg#
1508 2445 2652 2506 Da bringt man in den ahnungslosen Familienkreis Hugo, der bei
2665 2443 3387 2502 Schmidt theilt ihr diese Beschlüsse m
1508 2495 2654 2551 einem Ritt in den Prater vom Pferde gestürzt ist. Er wird aufs
2662 2494 3389 2558 Zwischen Franzi und ihren Eltern komm
1514 2540 2649 2596 Sofa gebettet, ein Arzt ist schon mitgekommen, trotz des Mangels
2661 2544 3388 2600 zu Auseinandersetzungen. Franzi stürzt au
1500 2584 2659 2650 an äußerlichen Verletzungen scheint die Sache bedenklich. Hugo
2658 2582 3390 2651 findet sie nicht mehr, wohl aber einen Z
2660 2633 3389 2686 darüber läßt, daß die Aermste in die Do#
1503 2638 2654 2691 selbst wenigstens, der bei Bewußtsein ist, denkt an die Möglichkeit
1508 2684 2652 2739 des Todes und vertraut seiner guten Mutter ein Geheimniß an.
2661 2677 3385 2738 empfängt man die Eine Genugthuung
1516 2727 2650 2785 Er ist Vater eines vierjährigen Knaben, und auf sein Drängen
2669 2731 3385 2808 Schmidt, diesem moralischen Rüpel, in
2659 2773 2899 2842 Thür weist.
1505 2774 2653 2830 verspricht ihm seine Mutter, falls er sterben sollte, den Knaben
1506 2828 2655 2881 und auch Hugo's Geliebte in ihr Haus auszunehmen. Aber nicht
2774 2796 3380 2886 Wir haben lauter wirkliche, lebend
1518 2864 2653 2922 genug bamit, er will die beiden vor seinem Tode noch einmal
2656 2854 3381 2922 interessante, spannende Handlung vor uns
1503 2917 2647 2964 sehen. Der nach Hause kommende Papa Losatti findet dieses Ver¬
2666 2917 3398 2982 mit den Personen; wir lernen dadurch die
1501 2958 2657 3024 langen zwar ungehörig und thöricht, aber er gibt nach und geht
2658 2957 3395 3032 erzählten Handlung erkennen. Da haben ##
1505 3008 2654 3063 selbst, die beiden zu holen. Inzwischen kommt auch Dr. Ferdinand
2661 3001 3376 3066 Losatti. Er ist ein korrekter Mann, al¬
1502 3054 2657 3115 Schmidt, der gewesene Hauslehrer Hugo's, jetzt der Hausarzt der
2660 3056 3385 3119 der „Vereinigten Linken“, ein Schwä
1516 3101 2664 3158 Familie und halb und halb der Verlobte Franziska's. Er ist
2654 3110 3388 3166 Poseur. Das stimmt alles zusammen. G
1509 3143 2653 3209 empört darüber, daß man in dieses Haus Hugo's Geliebte ruft,
2655 3157 3389 3210 erziehen lassen und hat sich natürlich imn
1508 3197 2655 3247 er kann es aber nicht mehr ändern. Als diese, Toni Weber, mit
2666 3204 3356 3251 ein Verhältniß außer dem Hause habe.
1507 3243 2155 3313 ihrem Buben erscheint, stirbt Hugo.
2670 3239 3378 3305 Ernstes sei, das konnte er sich nicht denken.
1620 3274 2652 3347 Der zweite Akt zeigt uns Toni mit ihrem Buben in
2662 3291 3377 3338 welcher Art hat der gute Professor nicht.
1512 3313 3384 3399 Losatti's Haus. Die Familie hat den letzten Willen Hugo's daß seine Schwägerin Emma Hugo's C
1499 3366 3387 3440 respektirt. Alle sind in den kleinen Franz verliebt. Der aber dagegen nichts einzuwender gehabt, ja
