3436 4256
1346 208 1826 314 box 16/2
166 217 1226 336 10. Das Vermaechtnis
1415 1354 3346 1435 Der wahre Dichter ist objectiv, der Tendenzklitterer Gesellschaft zu Schanden werden mußte; end
556 1350 1313 1434 Burgtheater. Fedrn
1329 1410 3329 1485 färbt sich die Dinge, wie er sie braucht. Gesetzt, die Mutter freiwillig in den Tod, dieselbe Mut#
202 1409 1335 1473 („Das Vermächtniß.“ Schauspiel in drei Acten von Artbur
188 1454 1341 1532 Schnitzler.— Erste Aufführung am 30. November 1898.)
1334 1463 3327 1528 sogenannte Gesellschaft sei pauschaliter als wahre den Verlust der beiden theuersten Wesen übe
1333 1506 3338 1582 Schwefelbande zu betrachten: folgt daraus wirklich, daß aber just die schlechte Behandlung der bürge#
291 1497 1334 1572 „Jung=Wien“ fängt an, langweilig zu werden. Die
1340 1538 2457 1611 man der verehrten Gegenseite das Roth der Gesundheit
196 1532 1341 1631 sentimentale Grisetten=Lyrik, die sich als Dramatik aus¬
2447 1544 3338 1629 schaft nicht verwinden kann. Eine Tragödi#
1340 1604 2457 1681 auf die Wange schminken muß? Wenn man Herrn
2440 1603 3327 1666 flüssigen Creppverschwendung! Schwarze Klei
202 1612 1347 1670 gibt, weil sie in dialogische Form gebracht ist, will nicht
1329 1646 3325 1719 Schnitzler glauben dürfte, sitzen die „süßen Mädels“ Bühne, schwarze Gedanken im Publicum, schn
192 1647 1332 1717 mehr ziehen, die neue Moral, die sich gegen die bürger¬
194 1704 3339 1755 liche Ordnung kokett in Fechterpositur stellt, will auch ruhig und ahnungslos hinter den Geranienstöcken ihrer bei dem Kritiker! Wie, wenn das wilde
1331 1750 2448 1801 Fenster und nähen oder flicken so lange, bis ein capita¬
2437 1745 3317 1813 nicht blos ein Kind, sondern vier Kinder
200 1738 1352 1809 vorurtheilslosen Gemüthern nicht mehr behagen. Nur die
1328 1794 2453 1867 listisch wohlfundirter Bösewicht des Weges kommt und
191 1803 1346 1850 ganz „Grünen“, die Alles bejubeln, was sich als radical
2436 1791 3332 1869 der junge Lebemann seiner Familie ein fün
182 1844 2454 1914 aufspielt, gehen noch auf den Leim, wenn ihnen eine sich auf seine Beute stürzt. Mit Verlaub: so ro¬
2434 1846 3329 1919 hinterlassen hätte! Dann hätte Herr Schnitzl
192 1887 2453 1961 saftige Phrase versetzt wird; den Anderen istmantisch geht's in der Regel doch nicht zu.
2446 1896 3337 1957 sechs Acte mit sechs Sterbefällen geschrieben,
1331 1940 2456 2014 Es gibt unter den Menschen Falken und Tauben;
2444 1948 3339 2018 die beiden Raisonneure seines Stückes immer
182 1950 1341 2005 zumuthe, als ob unsere „Vorkämpfer“ in ihrer einmal
182 1992 2451 2062 angenommenen Pose erstarrt seien und gar nicht mehr aber so einfach ornithologisch ist das Leben nicht ein¬
2440 1979 3339 2057 veränderte Situation beleuchtet, immer wiede
1329 2037 2453 2100 gerichtet, daß es nur Falken und Tauben gibt. Anderes
193 2046 724 2115 natürlich stehen könnten.
2440 2026 3332 2126 mutationen des arithmetischen Problems gef#
283 2101 3295 2144 Die Dramatik Arthur Schnitzler's gleicht einem Geflügel flattert auch herum, und zwar auf beiden wäre das „Mutter=Mädel“, ratenweise
180 2136 2453 2206 „Thema mit Variationen“. „Anatol“ und das Seiten. Das weiß und fühlt der Dichter, der — im
2434 2140 3329 2204 worden, von einer Gesellschaft, die ihre Gra
183 2170 557 2253 „süße Mädel“
532 2182 3326 2252 der piatokratische Müßiggänger und strengsten Sinne des Wortes — ein Seher ist: der der Reducirung des illegitimen Nachwuchses
180 2236 3332 2309 die arme Vorstadtnymphe, haben eine „Liebelei“ ihr Macher will es nicht wissen und nicht fühlen, weil die uns, daß sich der verblichene Cavallerist mit
2431 2277 2867 2359 gular begnügt hat!
180 2278 2457 2334 Verhältniß dient als Bast“ für die unbedingt nöthige ruhige Klarheit seine künstlichen Constructionen stört.
187 2326 2449 2380 Reformirung einer Gesellschaft, die einzig und allein Das Aeußerste, wozu sich seine dramatische Geometrie
2513 2323 3319 2409 Die umständliche Replik und Duplik
188 2377 2449 2443 unter dem Dictate einer heuchlerischen Convenienz steht entschließt, ist eine falsche Schattenlehre: die gesellschaft¬
2434 2376 3338 2460 letzten Acte — der erste ist besser gearbeit
189 2426 2446 2493 und ihre innere Unsittlichkeit hinter der Maske einer liche Ordnung capitulirt vor dem neuen Geiste und
2435 2436 3331 2509 seine eigene Stimmung — gipfelt in der Bra
170 2465 2451 2538 ostentativ zur Schau getragenen Ehrbarkeit ver= plaidirt selbst für eine laxe Auffassung, die ihr den
2426 2475 3325 2559 jungen Mädchens, das nicht zu den Gefallen
546 2499 2445 2575 ist der Vertreter einer Kaste, Garaus macht; das „süße Mädel“ aber hat eine Sehn¬
185 2518 567 2600 birgt. „Anatol“
2440 2528 3336 2602 zu den Tugendprotzen der gegeißelten Gesel
184 2565 2449 2642 welche in ihrer egoistischen Vergnügungssucht rücksichtslos sucht nach bürgerlicher Ehrbarkeit und möchte die Zigeuner¬
2425 2588 3325 2656 aber dabei die unwahrscheinliche Liebensw
187 2622 2367 2688 Existenzen zertritt und die Armen ihrer Pein überläßt, wirthschaft mit dem häuslichen Herde vertauschen.
2438 2634 3298 2708 sitzt, sich für die Moral der Gegenseite, d
1410 2663 2445 2741 In seinem „Vermächtniß“ thut der Autor das
173 2665 1336 2743 nachdem sie schuldig geworden sind, „schuldig“ im Sinne
2440 2685 3324 2747 die Moral des Herrn Schnitzler zu erhit
180 2717 1336 2800 der antiquirten Moral; das „süße Mädel“ zählt — im
1319 2705 2443 2778 Möglichste, um das arme, brave Opferlamm zum Gegen¬
2436 2724 3327 2812 Mädchen schreit, im Innersten empört, die
188 2771 2453 2839 Sinne derselben antiquirten Moral — zu den „Ge= stande des tiefsten Mitleids zu machen; er zieht einen
2439 2768 3319 2852 Stückes ihren Angehörigen ins Gesicht und
180 2814 2460 2894 fallenen“ und muß daher — schon nach dem Gesetze des Trauerflor über sein ganzes Stück und etablirt sich
2436 2827 3327 2887 den Worten: „Was einen guten Mann so gl
188 2854 2449 2929 Widerspruches — von der neuen Moral rehabilitirt förmlich als Conductansager. So viel Acte, so viel
2440 2879 3316 2949 (wie die „freie Liebe'), das kann nicht die
183 2919 3331 2990 werden. Um diese beiden Gestalten dreht sich die Muse Todesfälle. Zuerst stirbt der Liebhaber, der in vier langen] Ich bezweifle zwar, daß das nächste beste ju
183 2965 3319 3060 des Herrn Schnitzler in engem Cirkeltanz, und ihre Jahren keine Zeit gesunden hat, seine Maitresse zu hinreichend legitimirt ist, um zu entscheiden,
183 3012 3312 3082 Lebensaufgabe besteht darin, aus Schwarz Weiß und aus legitimiren, aber sie und das Kind gnädigst der Familie sei und was nicht, ja es will mir sogar
185 3069 758 3143 Weiß Schwarz zu machen.
1303 3049 3319 3131 testirt; dann stirbt das Kind, an dem die Barbarei der selbst Herr Arthur Schnitzler in dieser
