3436 4480
159 238 1821 371 10. Das Vernaechtnis box 16/3
154 995 3229 1071 zeehen sich von Eofalis zutuck. Der Pro=] das kleinbürgerliche Puvlikum dieser Bühne war nicht so unrein, wie ich es von diesem Künstler noch nicht gehört Tage der Sa
120 1027 947 1109 g das jedoch zu ertragen — er drapirt sich mit
942 1055 1949 1113 enthusiastisch wie sonst bei Premièren. Man verspürte
1927 1060 2946 1112 habe. Schade, daß auch er dafür ein Beleg sein muß, wie
2928 1041 3239 1118 von Schillers
149 1097 953 1164 menschlicher Nächstenliebe. Der flattert bald
937 1101 1936 1156 sogar beim Schluß des zweiten Aktes etwas wie — Oppo¬
1932 1091 2947 1152 wenig die leider jetzt für Wagner genügend erachtete
2929 1101 3240 1171 liches Hoftheat
136 1142 1951 1213 n; nicht allein bei ihm. Am Ende des zweiten sition. Die Fehler des Stückes traten hier weit dentlicher
2940 1142 3236 1223 Zum hundertst
1942 1148 2945 1206 Schulung der Stimme ausreicht, einen nur einig rmaßen
123 1188 950 1236 plötzlich der füße „Bubi“. Wir wissen nicht
942 1196 1949 1250 hervor als bei der Aufführung im Lessingtheater.
2945 1195 3226 1261 manns „Joha
1943 1195 2938 1255 vielseitigen Sänger heranzubilden. Die Aufführung war
122 1216 953 1308 eso? Jedoch — darum, damit das eigentliche
931 1234 1957 1292 Der tiefe Gesammteindruck, den der talentvolle
2937 1236 3234 1301 haben die g
1935 1237 2934 1295 im Uebrigen ausgezeichnet, ganz besonders ragte wieder
120 1277 950 1339 ch anfangen kann ... „Ja, was soll denn jetzt
941 1275 1940 1333 Dichter durch das Schicksal des meineidig ge¬
2944 1283 3248 1361 Bühne im Lai
1930 1281 2945 1353 Frau Herzog (Elvira) hervor. Fräulein dell' Era
122 1333 945 1387 och im Hause? Jetzt, wo das letzte Band
2937 1325 3137 1398 der Zeit.
945 1324 2955 1393 wordenen Turaser hervorruft, wird durch die öftere Wieder= als „Stumme“ giebt doch noch zu viel balletmäßige Gesten
117 1367 951 1432 r und den Losatis, der Knabe, fehlt?" Die
1939 1379 2954 1445 und Pas: eine Künstlerin vom Schauspielhause würde in
943 1376 1943 1434 holung der bereits bekannten Thatsachen und die allzu
3004 1356 3232 1432 Die Ver
127 1420 953 1473 igt sich zwischen sie und der beiden Todten
1936 1421 2786 1494 dieser Rolle gewiß eindringlicher wirken können.
943 1418 1942 1480 langen und lärmenden Gesammtscenen geschwächt. Noch
2918 1397 3233 1482 seite", das E
119 1466 949 1524 Der Doktor täsonnirt und dozirt d'rauf los,
939 1465 1954 1527 weinerlicher und schleppender als Herr Klein spielte Herr
2004 1465 3242 1534 P. S. Dem in egyptischen Pharaonengräbern auf= Stelle berichte
114 1507 944 1569 ich zuletzt freilich auch um seine Braut, die
2930 1512 3238 1577 kontraktlich 20
944 1514 1944 1564 Pategg den Turaser. Trotzdem schuf er eine charakte¬
1933 1496 2948 1569 gefundenen Mumienweizen rühmt man, wie bekannt, die
3002 1537 3233 1618 Die Auf
120 1549 951 1627 er dozirt die Toni zum Hause hinaus. Die
942 1558 1953 1625 ristische, lebensvoll wirkende Figur. Recht brav war die
1934 1544 2945 1613 Eigenschaft nach, daß er, in frisches Erdreich versenkt, noch
122 1599 945 1670 Freundschaft zerbröckeln ringsum, Eines nach
2933 1591 3245 1674 „Die Piccolo¬
937 1592 1937 1661 Leistung der Herren Eyben, Heinzel, Olmar,
1935 1601 2946 1658 heute, nach jahrtausendlangem Todesschlaf mit derselben
117 1638 947 1715 n kehrt ihr den Rücken, selbst die kluge,
944 1648 1940 1704 Weigert und Wehlau; sie stellten wirkliche Arbeiter¬
2944 1643 3241 1710 den 12. Okte
1942 1650 2945 1708 blühenden Lebenskraft emporsprieße, wie Samenkörner,
156 1686 944 1752 Frau Winter, die allzeit für sie ein¬
1932 1678 2943 1759 die der Landmann den jüngsten Ernten entnommen. Gesehen
2930 1684 3242 1762 Wiederkehr de
940 1696 1939 1751 typen dar. Herr Thurner gab den schurkischen Färber¬
131 1728 938 1799 sie sogar ins eigene Haus nehmen wollte.
1946 1741 2946 1799 haben wir es freilich noch nicht, daß es dagegen auch in
2943 1734 3243 1800 Lager“ auf d
935 1739 1942 1797 meister Kleppl mit viel Geschick, ohne in den traditionellen
138 1776 949 1853 Porurtheile, Rohheit siegen und — Toni geht
935 1785 1935 1843 Intrigantenton zu erfallen. Mit viel Temperament gab
1936 1789 2948 1847 theatralibus solchen Mumienweizen giebt, der nur darauf
2938 1780 3238 1846 soll sich ganz
167 1819 943 1887 Es hilft ihr nichts mehr, daß die Franzi
2930 1817 3239 1892 soll der bekann
939 1838 1943 1886 Frl. Rosner die Marie Zelber, etwas kalt schaute
1938 1836 2938 1886 harrt, von einem findigen Direktor aus der modrigen
116 1858 942 1946 die Wahrheit sagt. Uns auch nicht: wir haben
944 1875 1713 1937 Therese Leitner als Weib Turasers aus.
2934 1866 3247 1936 zur Wiedereröf
1930 1879 2949 1944 Gruft der Theaterbibliothek hervorgesucht zu werden, um
120 1915 951 1977 chon längst besorgt ... So viel Akte, so viel
2939 1928 3244 1991 hauses gedichtt
1006 1906 1937 1990 E. L. Herr Kraus, unser stolzer Heldentenor und
1936 1924 2936 1981 ihm hundertfältige Frucht zu bringen, bewies uns die Vor¬
128 1961 936 2030 nn wir auch nur eine zu sehen bekommen.
942 1960 1949 2029 Wagnersänger par excellence, versucht sich gelegentlich
2941 1967 3234 2041 das Eröffnung
1943 1976 2947 2023 stellung von „Robert und Bertram“, mit der
127 2014 935 2064 wieviel Talent, Empfinden. Können wieder!
1933 2012 2947 2073 Direktor Carl Weiß gestern in seinem Ostend¬
937 2016 1937 2072 auf Bahnen, die von den Wegen des Bayrenther Meisters,
2942 2012 3219 2074 Theaters, zu
120 2064 938 2106 olle Stimmungs= und Detailmalerei, welch' seelen¬
2934 2044 3227 2121 eine Strophe
1940 2061 2943 2119 [Theater ein total ausverkauftes Haus erzielte. Fünfzig
937 2062 1952 2119 geschweige denn von seinen Zielen, ziemlich weit abführen
118 2095 940 2161 schenschilderung. Und wie wurde das wieter
2935 2084 3220 2165 in den Druck
932 2103 2950 2162 Daß er den Max in Webers „Freischütz“ singt, dürfte in Jahre beinahe sind vergangen, seit wir in Elbflorenz die
117 2145 940 2211 er bornirte Professor Emanuel Reichers,
2934 2149 3210 2214 diese Weise
932 2143 2946 2213 diesem Sinne allerdings weniger auffallen, um so mehr berühmte Posse des dort auf den Händen getragenen
120 2191 947 2254 ithige Mutter Luise von Pöllnitz',
2933 2188 3233 2269 Lager“ vollst
933 2196 1952 2257 aber, daß er's auch unternimmt, den Masaniello in der
1935 2197 2950 2262 Komikers Gustav Räder zum ersten Male sahen;
2931 2241 3121 2312 gleichen.
117 2234 944 2302 de Hugo Rittners, die bejammernswerthe
1944 2240 2948 2305 die damals von dem Verfasser selbst wiedergege¬
933 2242 1952 2303 „Stummen von Portici“, dieser durch und durch fran¬
2998 2274 3233 2351 Der Köl
121 2288 940 2340 Enach langer Krankheit zum ersten Mal wieder
1936 2284 2955 2357 bene Rolle hat so manchem unserer heutigen
933 2288 1944 2350 zösischen Oper Aubers darzustellen. Was nun gerade das
2935 2325 3231 2394 lehrer an de
131 2329 946 2391 Else Lehmann — lauter Gestalten von
938 2338 1949 2392 Darstellen aubetrifft, so hat Herr Krans das Wagniß am
1933 2325 2944 2391 Künstler, nicht am letzten unserm Emil Thomas,
2940 2365 3229 2439 Musik in Ber
124 2380 947 2439 ebenswahrheit, wie der Dichter sie geschaut
929 2377 1952 2438 vorigen Sonnabend recht gut bestanden. Er ist nicht der
1944 2364 2940 2438 Gelegenheit gegeben, froheste Lanne unter den Zuhörern
2934 2413 3223 2494 Lehrer der A#
1937 2425 2948 2479 zu erwecken. Und heute noch dieselbe Lebenskraft wie vor
121 2426 1939 2479 arroro als die klar denkende, warm fühlende] Mann vielon und heitigen Gestikulirens, wiewohl dies für
2931 2463 3227 2538 nannt worden
1943 2472 2943 2525 fünfzig Jahren? Nun, Direktor Carl Weiß konnte sich
123 2472 1949 2528 rie Elsinger in einer frischen Gymnasiasten= j den leidenschaftlichen neapolitanischen Fischer eher als sonst
3004 2499 3227 2571 Das Sa
1937 2509 2952 2576 schmunzelnd davon überzeugen, daß er mit seiner gestrigen
139 2518 947 2573 Dera Lux, die den Schmerz um den im
936 2517 1936 2571 angebracht wäre; jede nicht unbedingt nöthige Bewegung
2933 2550 3225 2616 am Neuen Thi
1938 2563 2945 2625 „Première“ einen guten Griff gethan, denn das jubelnde
930 2556 1941 2614 unterbleibt: die Figur erhält dadurch etwas Gemessenes
117 2549 944 2613 iebten Hugo so naturwahr verkörperte, Luise
2935 2596 3235 2665 Dr. Paul Se
132 2608 935 2666 , ihre Mutter, Oskar Sauer, der unerträgliche
1936 2608 2943 2661 Haus bewies nicht nur den Darstellern stürmischen Bei¬
933 2606 1948 2667 Würdiges, einen mehr nordischen Charakter, den man sich
2946 2647 3219 2713 worben. Die
1944 2652 2947 2710 fall, sondern ruhte auch nicht eher, bis es dem Direktor
114 2654 944 2718 , Winterstein u. s. w. — alle trugen sie bei
937 2656 1944 2710 aber gern gefallen läßt, weil Herr Kraus ihn konsequent
2941 2690 3231 2751 gemeinster A
130 2699 949 2758 Gelingen. Denn es gab für den wiederholt
1939 2699 2943 2757 Carl Weiß seinen Dank beim Erscheinen an der Rampe
934 2698 1953 2775 durchführt. Nicht ganz so gut stand es um die
2940 2725 3225 2804 Gregorius wi
1943 2745 2935 2800 abstatten konnte. Die beiden Vagabunden waren bei den
118 2749 945 2811 enen Dichter einen starken Erfolg, der seinen
939 2751 1954 2813 gesangliche Seite der Leistung. Freilich glänzten
3001 2773 3213 2846 Rostand“
1938 2790 2949 2848 Herren Richard Jürgas und Joseph Dill in sehr
127 2789 938 2843 am Schluß nach den zündenden Worten
934 2775 1945 2856 auch hier die schönen, kräftigen hohen Brustiöne,
2939 2827 3227 2896 aus einen ner
1931 2831 2938 2896 guten Händen, der mauschelnde Kommerzienrath Ippel¬
110 2821 949 2910 reichte. Ob er aber lange vorhalten wird?
937 2841 1948 2895 aber für den eigentlichen Kunstgesang erwies sich das
2932 2879 3224 2937 sich ein Enst¬
1934 2867 2942 2933 meyer fand in Herrn Robert Wach glückliche Vertretung,
935 2883 1938 2936 Organ nicht immer geschmeidig genug; die paar zu flüch¬
124 2887 924 2964 ièren=Puklilum ist nicht immer maßgebend —
2936 2919 3236 2988 Gymnase=The
1936 2915 2947 2989 und alle übrigen Mitwirkenden waren nach Kräften be¬
934 2933 1938 2987 tigen Koloraturen verschlagen dabei noch nichts, aber z. B.
127 2928 946 2993 mAblehnen, noch beim Erfolg. Warten
2925 2963 3222 3031 westliche Fra¬
925 2968 2882 3041 das Schlummerlied (4. Akt), von Herrn Kraus sehr sch'n müht, den Abend zu einem gelungenen zu gestallen. —
111 3005 3225 3090 Bartel Turaser“, Philipp Lang= intendirt, zeigte doch, daß in der Ausbildung seiner! Ob man von einer Posse der Herren Mannstädt, Treptowig#eapel ausg
