3436 4320
1398 136 1874 222 box 16/3
204 119 1278 237 10. Das Vermaechtnis
321 1273 702 1342 Jontarif IoI C..
1871 1286 3185 1378 g. Broneridartigen Amts, Justizministeriums, Knttusminnister ul.
324 1323 2374 1383 so wenig als möglich verändert werden. Heer und dann die Sektionsverwaltung eine Untersuchung an, riums bei.
3040 1330 3211 1396 sofort
726 1366 846 1434 1
308 1432 2161 1486 mung zur Opposition getrieben wird. Der Dr. jur. vollberechtigtes Familienglied inmitten dieser Leute
2157 1443 3064 1493 nicht abstreiten kann. Unbegreiflich aber war der
3046 1444 3195 1514 durch
312 1480 1236 1522 Hugo Losatti (Hr. Rittner), Sohn des Wiener
1233 1469 2155 1528 wohnen und leben konnte. Selbst die Schwägerin
2152 1479 3055 1536 fast stürmische Beifall, welcher von den oberen Rängen
3050 1482 3173 1541 und
313 1505 1249 1563 Professors der Nationalökonomie (Hr. Reicher), hat
1233 1505 2162 1557 (Luise Dumont) der Professorin welche als die
2155 1518 3062 1572 herabgeschleudert wurde; er machte den Eindruck des
3054 1508 3205 1577 reiche
313 1533 1244 1605 nämlich eine Gewissensehe geschlossen (so wollen wir
1248 1539 2154 1597 freisinnigste, vorurteilsfreieste im Stück geschildert
2146 1547 3061 1624 käuflich erworbenen, denn im Parkelt klatschten nur
3050 1558 3191 1613 den 6
321 1590 1245 1636 es günstigerweise bezeichnen), aus der ein vierjäh¬
1241 1574 2163 1639 ist und die sofort Toni zu sich nehmen will, scheitert
2155 1591 2425 1660 ganz wenige.
3047 1591 3171 1656 die 1
309 1615 2158 1684 #riger Knabe stammt. Durch Sturz mit dem Pferde hierin an dem Widerspruch ihrer erwachsenen
3052 1625 3200 1697 mache
322 1654 1254 1715 zieht er sich eine Gehirnerschütterung zu und
1236 1664 2154 1715 Tochter, die „mit einer solchen Person“ nicht zu¬
2276 1655 3068 1741 Der Dienelsche Orgelvortrag in der
3046 1679 3174 1734 fuhr
1049 1705 1243 1759 er der
1238 1707 2144 1761 sammenleben kann, wie sie sagt. Die Gegensätze
311 1717 1071 1759 stirbt. Vor seinem Tode beichtet
2147 1705 3079 1770 Marienkirche am Mittwoch, den 12. Oktober,
3054 1718 3195 1767 Austr
1232 1745 2156 1806 sind eben, wie so oft in solchen Stücken, so an¬
319 1741 1247 1798 Mutter (Luise von Poellnitz), verlangt,
2141 1754 3073 1799 mittags 12 Uhr, bringt Mendelssohns F-moll=Sonate,
3056 1754 3204 1808 Brisk
527 1770 1235 1830 Geliebte (Elsa Lehmann) und
321 1783 491 1834 daß d
1242 1772 2142 1836 einander gesetzt, daß nichts daraus werden kann,
2145 1794 3070 1849 geistliche Lieder von Bach, die Allmacht von Schubert
3053 1799 3214 1870 inseln
313 1823 1234 1874 sein Bubi geholt werden und daß die Eltern die
1243 1809 2154 1878 daß eigentlich alles schief und dadurch falsch ist.
2142 1836 3067 1886 u. a. Außer Hrn. Musikdirektor Dienel wirken mit
3061 1837 3188 1887 quer
1239 1865 2142 1913 Wenn auch Schnitzler alle möglichen Anschauungen
321 1859 1242 1910 Toni und das Kind in ihr Haus aufnehmen. Man
2147 1863 3065 1918 die Konzertsängerinnen Frl. Marta Ramme und
3054 1865 3195 1926 von
315 1901 1244 1958 verzeiht ihm und verspricht es. Im zweiten Alte
1235 1899 2146 1954 über den Fall zu Worte kommen läßt, so sieht man
2151 1904 3058 1962 Frau Welda Munscheid aus Dresden, Violinist Herr
3054 1916 3206 1966 ritius
310 1939 1235 1986 findet nun eine große Annäherung zwischen den
1238 1935 2148 1998 ja doch seinen Anteil daran, wie er Licht und
2142 1944 3060 2017 Hermann Spöndly und Herr Ad. Bolte. Der Ein¬
316 1966 1237 2027 Eltern, der Schwester Franziska (Lotti Sarrow),
1236 1972 2150 2038 Schatten verteili hat. Und einen wirklichen, barm¬
2141 1980 2386 2034 ritt ist frei.
3046 1989 3209 2065 suchte
311 2002 1239 2067 den Verwandten Hugos und jener Unglücklichen
1242 2021 2145 2072 herzigen und ernsten Menschen zugleich hat er gar
3055 2035 3195 2085 von
309 2048 1244 2112 statt, die natürlich möglichst edel und gebildet auf¬
1232 2055 2146 2121 nicht gezeichnet, und damit gezeigt, daß es ihm an
3047 2075 3203 2130 gende
2166 2069 3055 2159 Merkwürdige Weltumsegelung.
1243 2103 2149 2154 ernster, sittlicher Auffassung im Grunde fehlt. Der
311 2103 1232 2154 gefaßt ist, aber zugleich regt sich der Gegensatz der
3050 2116 3205 2175 einige
1243 2138 2161 2200 Ernst der Situation tritt nirgends genügend hervor.
308 2140 1247 2188 Welt gegen ein Verhältnis, welche anfängt, das
2194 2133 3066 2204 Fm. Der amerikanische Schiffskapitän Joshua
3051 2153 3213 2212 er dei
314 2178 1245 2224 Haus des Professors zu meiden. Sie findet ihre
1241 2178 2151 2223 Nirgends wird deutlich gesagt, daß das Verhältnis
2141 2179 3055 2247 Slocum hatte unlängst in einer kleinen Segeljacht
3054 2189 3210 2239 suchten
313 2203 1235 2268 schroffe Vertretung in dem herzlosen Hausarzt Dr.
1236 2210 2147 2267 dieser sogenannten Gewissensehe unsittlich war und
2139 2223 3061 2280 eine Reise um die Erde ausgeführt, die etwas
3051 2223 3210 2279 Insel
317 2238 1238 2303 Schmidt (Herr Sauer), welcher um Franziskas
1248 2254 2151 2301 daß allein dadurch die unlöslichen Schwierigkeiten!
2139 2267 3064 2321 über drei Jahre dauerte und die durch die Tüchtig¬
3057 2265 3205 2334 bildet
312 2295 1240 2344 Hand wirbt. Doch die Familie beschließt, dem Ur¬
1229 2291 2150 2346 eingetreten sind. Wäre Toni zu dieser Erkenntnis
2137 2294 3065 2356 keit des Fahrze#3, namentlich aber durch den Um¬
3060 2310 3175 2356 ein.
316 2339 1234 2389 teil der Welt standzuhalten, um des kleinen Franz
1240 2344 2146 2391 gelangt, so hätte sie unmöglich beanspruchen
2135 2334 3060 2408 stand, daß Si#um die ganze Reise allein ausge¬
3062 2334 3209 2405 in best
311 2382 1243 2438 willen, der doch von ihrem Blute ist. Als dieser
1237 2371 2147 2421 können, als gleichberechtigtes Glied in diese
2149 2381 3063 2435 führt hat, bemerkenswert ist. Die nach dem Plan
3055 2388 3210 2438 sich e
315 2408 1232 2454 elr plötzlich stirbt, da (3. Akt) dringt Dr. Schmidt
1235 2415 2153 2465 Familie aufgenommen zu werden. Es braucht
2143 2422 3053 2467 Slocums gebaute und „Spray“ benannte Yacht
3057 2420 3212 2487 brauch
313 2455 1237 2499 durch und darf in des Professors Namen der tief
1235 2455 2149 2503 darum keine Steinigung zu erfolgen, es trägt dabei
2137 2453 3069 2518 mißt 13 Tons, hat 10 Meter Länge, etwas über 4
3057 2459 3212 2522 Stürt
323 2484 1244 2539 verstörten Toni mitteilen, daß sie in Losattis Hause
1248 2490 2147 2544 nichts aus, daß das Haupt dieser Familie im tiefsten
2141 2495 3062 2552 Meter Breite und 1,2 Meter Tiefgang und wurde
3052 2499 3207 2557 wurde
310 2515 1242 2592 keine Statt mehr habe, wenn man sie auch weiter
1234 2531 2145 2582 Grunde vielleicht unsittlicher ist als Toni; Ord¬
2147 2529 3061 2582 aus nordamerikanischer Eiche und Kiefer mit Kiefern¬
3051 2540 3184 2594 Auch
315 2566 1247 2617 unterstützen wolle. Toni geht und stürzt
1240 2567 2151 2631 nungen und Schranken können darum nicht ein¬
2143 2571 3064 2629 deck gebaut. Damit fuhr der Wellumsegler im April
3050 2580 3198 2631 einem
1238 2596 1544 2673 gerissen werden.
315 2602 1239 2661 sich ins Wasser. Alles ist entsetzt; Franziska,
2137 2607 3055 2671 1895 von Boston ab, und steuerte, nachdem er noch
3052 2614 3211 2677 hältnif
314 2644 1245 2698 welche aus Liebe zum Bruder in dem ganzen Ver¬
1294 2632 2139 2693 Aber nicht bloß dadurch ist das Stück verfehlt.
2136 2643 3061 2711 eine andere amerikanische Stadt angelaufen, über
3060 2664 3215 2711 merki
317 2687 1242 2744 hältnis nichts Unrechtes gesehen hatte, weist ihrem
1232 2685 2146 2739 Das starke Element des gewaltsam Rührenden wirkt
2142 2693 3063 2755 den Ozean nach den Azoren und von dort nach
324 2725 1242 2776 hartherzigen Bräutigam die Thür und schließt mit
1234 2730 2148 2776 empfindlich und unangenehm auf die Nerven. In
2148 2726 3055 2780 Gibraltar. Dann durchquerte er abermals den At¬
3045 2665 3211 2791 915
318 2767 1235 2827 heftigen Vorwürfen an die Eltern: wir hätten nur
1244 2767 2147 2817 jedem Akt stirbt einer; der erste Akt ist ganz aus¬
2138 2763 3063 2829 lantischen Ozean, um Rio de Janeiro und Buenos
3053 2776 3211 2840 muß st.
309 2798 767 2874 einfach gut sein sollen!
1235 2809 2145 2856 gefüllt von dem Sterben Hugos, vom zweiten an
2138 2810 3056 2874 Ayres aufzusuchen, von wo aus er um das Kap
3054 2816 3227 2885 Zeit ein
380 2822 1240 2891 Diese Vor###rfe waren nun zwar vollkommen
1232 2849 2135 2893 Verscheinen alle Personen nur noch in Schwarz. und
2137 2849 3059 2911 Horn zur Westküste Südamerikas segelte. Als er das
3047 2860 3210 2910 Tage,
1238 2883 2145 2933 die trivialsten, bei solchen Fällen üblichen Reden
314 2871 1246 2943 berechtigt, denn Lesatti ist ein oberflächlicher, herzloser
2144 2880 3058 2940 Kap Horn passiert hatte und in den Stillen Ozean
3046 2891 3219 2949 Schiffei
1236 2925 2139 2976 werden gewechselt. Das ist unerträglich. Und dabei
320 2918 1241 2969 Heuchler, und seine Frau unklar und schwächlich,
2142 2928 3049 2982 gekommen war, wurde er aus dem Kurs getrieben
3047 2936 3227 2994 sammet
1244 2962 2136 3012 kann man ein lebhaftes Bedauern nicht los werden,
328 2963 1249 3010 sonst hätten sie Toni nicht in diesem Zustande
2148 2970 3051 3016 und mußte in den stürmischen Gewässern beim Kap
3045 2976 3226 3034 von S
317 2998 2149 3053 erbarmungslos hinausgestoßen. Aber ebenso richtig] weil man dem Verfasser eine gewisse Fähigkeit, dra¬
2137 3003 3062 3055 Horn den März und April 1896 hindurch im Kampf
3045 3013 3218 3064 46000
327 3045 3241 3095 ist es doch, daß Toni nicht so ahne weiteres als! matisch zu gestalten und besonders zu charakteristeren. mit den Elementen zubringen, bis es ihm gelang. längeren
