<?xml version="1.0" encoding="UTF-8" standalone="yes"?>
<PcGts xmlns="http://schema.primaresearch.org/PAGE/gts/pagecontent/2013-07-15" xmlns:xsi="http://www.w3.org/2001/XMLSchema-instance" xsi:schemaLocation="http://schema.primaresearch.org/PAGE/gts/pagecontent/2013-07-15 http://schema.primaresearch.org/PAGE/gts/pagecontent/2013-07-15/pagecontent.xsd">
    <Metadata>
        <Creator>prov=University of Rostock/Institute of Mathematics/CITlab/Gundram Leifert/gundram.leifert@uni-rostock.de:name=ONB_Newseye_GT_M1+(htr_id=10810)::::v=2.4.2
prov=University of Rostock/Institute of Mathematics/CITlab/Tobias Gruening/tobias.gruening@uni-rostock.de:name=de.uros.citlab.module.baseline2polygon.B2PSeamMultiOriented:v=2.4.2
prov=University of Rostock/Institute of Mathematics/CITlab/Tobias Gruening/tobias.gruening@uni-rostock.de:name=/mnt/transkribus/LA/DEA/URO/LA_news_onb_att.pb:de.uros.citlab.segmentation.CITlab_LA_ML:v=2.4.2
Transkribus</Creator>
        <Created>2019-10-07T11:34:43.826+02:00</Created>
        <LastChange>2019-10-08T17:39:30.511+02:00</LastChange>
        <TranskribusMetadata docId="223986" pageId="9500346" pageNr="160" tsid="16604706" status="IN_PROGRESS" userId="40391" imgUrl="https://files.transkribus.eu/Get?id=PBDPRZKNHJGNMKUEOATZFZKV&amp;fileType=view" xmlUrl="https://files.transkribus.eu/Get?id=JVSVPGDZEKCUTFFFURARUMGR" imageId="6190568"/>
    </Metadata>
    <Page imageFilename="223986_0160.jpeg" imageWidth="3436" imageHeight="4320">
        <ReadingOrder>
            <OrderedGroup id="ro_1711447819275" caption="Regions reading order">
                <RegionRefIndexed index="0" regionRef="r1"/>
            </OrderedGroup>
        </ReadingOrder>
        <TextRegion orientation="0.0" id="r1" custom="readingOrder {index:0;}">
            <Coords points="419,81 419,4024 3092,4024 3092,81"/>
            <TextLine id="r1l1" custom="readingOrder {index:0;}">
                <Coords points="604,107 1456,134 1494,128 1495,97 975,86 837,76 798,46 605,44"/>
                <Baseline points="612,101 655,103 699,104 743,106 786,107 830,109 874,110 917,111 961,113 1005,113 1049,115 1092,116 1136,117 1180,117 1223,118 1267,119 1311,119 1354,119 1398,119 1442,118 1486,118"/>
                <TextEquiv>
                    <Unicode>eeen ee Tere fenden ernntlngt. </Unicode>
                </TextEquiv>
            </TextLine>
            <TextLine id="r1l2" custom="readingOrder {index:1;}">
                <Coords points="585,147 1472,170 1499,123 586,98"/>
                <Baseline points="594,141 638,143 683,144 728,146 772,147 817,148 862,149 906,150 951,151 996,152 1041,153 1085,154 1130,154 1175,155 1219,155 1264,156 1309,156 1353,157 1398,157 1443,157 1488,158"/>
                <TextEquiv>
                    <Unicode>Jahre hat der junge Dr. jur. Losatti hinter dem</Unicode>
                </TextEquiv>
            </TextLine>
            <TextLine id="r1l3" custom="readingOrder {index:2;}">
                <Coords points="587,180 1491,213 1505,162 588,146"/>
                <Baseline points="596,176 640,179 685,181 730,183 775,185 820,187 865,188 910,189 955,190 1000,191 1045,192 1089,193 1134,193 1179,194 1224,194 1269,195 1314,196 1359,196 1404,197 1449,198 1494,199"/>
                <TextEquiv>
                    <Unicode>Rücken seiner höchst ehrenwerthen Familie ein</Unicode>
                </TextEquiv>
            </TextLine>
            <TextLine id="r1l4" custom="readingOrder {index:3;}">
                <Coords points="575,226 1410,249 1510,236 1511,209 576,193"/>
                <Baseline points="584,217 629,218 675,219 721,220 767,222 813,223 858,224 904,225 950,226 996,227 1042,228 1087,229 1133,230 1179,231 1225,232 1271,233 1316,234 1362,235 1408,236 1454,237 1500,238"/>
                <TextEquiv>
                    <Unicode>inniges Familienleben mit seinem Fräulein Frau</Unicode>
                </TextEquiv>
            </TextLine>
            <TextLine id="r1l5" custom="readingOrder {index:4;}">
                <Coords points="583,269 1501,294 1502,252 1382,234 584,227"/>
                <Baseline points="592,255 637,256 682,257 727,258 772,259 817,260 862,261 907,262 952,263 997,264 1042,266 1087,267 1132,268 1177,269 1222,270 1267,272 1312,273 1357,274 1402,275 1447,275 1492,276"/>
                <TextEquiv>
                    <Unicode>und dem Bübchen geführt. Da verunglückt er¬</Unicode>
                </TextEquiv>
            </TextLine>
            <TextLine id="r1l6" custom="readingOrder {index:5;}">
                <Coords points="582,303 1473,324 1491,281 583,269"/>
                <Baseline points="592,295 636,295 680,296 725,297 769,298 814,299 858,300 903,301 947,302 992,303 1036,305 1080,306 1125,307 1169,308 1214,309 1258,310 1303,311 1347,312 1392,313 1436,314 1481,314"/>
                <TextEquiv>
                    <Unicode>eines Tages mit dem Pferde und wird sterbend</Unicode>
                </TextEquiv>
            </TextLine>
            <TextLine id="r1l7" custom="readingOrder {index:6;}">
                <Coords points="584,332 1400,362 1490,351 1491,318 585,307"/>
                <Baseline points="594,333 638,333 682,334 726,335 771,336 815,337 859,338 904,339 948,340 992,341 1037,342 1081,343 1125,344 1169,345 1214,346 1258,347 1302,348 1347,348 1391,349 1435,349 1480,349"/>
                <TextEquiv>
                    <Unicode>ins Haus seiner Eltern gebracht. Von Todesahnen</Unicode>
                </TextEquiv>
            </TextLine>
            <TextLine id="r1l8" custom="readingOrder {index:7;}">
                <Coords points="579,373 1472,403 1490,351 580,342"/>
                <Baseline points="588,371 632,372 677,373 721,374 766,374 811,376 855,377 900,378 944,379 989,380 1034,381 1078,382 1123,383 1167,384 1212,385 1257,386 1301,387 1346,388 1390,388 1435,389 1480,389"/>
                <TextEquiv>
                    <Unicode>ergriffen, gesteht er alles, dringt darauf, daß man</Unicode>
                </TextEquiv>
            </TextLine>
            <TextLine id="r1l9" custom="readingOrder {index:8;}">
                <Coords points="569,398 1489,447 1489,400 1457,395 569,377"/>
                <Baseline points="578,409 623,410 668,411 713,412 758,413 803,414 848,415 893,416 938,417 983,418 1029,418 1074,419 1119,420 1164,421 1209,422 1254,423 1299,424 1344,424 1389,425 1434,425 1480,426"/>
                <TextEquiv>
                    <Unicode>die Geliebte und ihr Kindlein hole, und nimmt den</Unicode>
                </TextEquiv>
            </TextLine>
            <TextLine id="r1l10" custom="readingOrder {index:9;}">
                <Coords points="578,455 1492,483 1493,441 1430,427 579,413"/>
                <Baseline points="588,445 632,446 677,448 722,448 767,450 812,451 856,452 901,453 946,454 991,455 1036,456 1080,456 1125,457 1170,458 1215,459 1260,460 1304,461 1349,462 1394,463 1439,464 1484,466"/>
                <TextEquiv>
                    <Unicode>Eltern das Versprechen ab. Mutter und Sohn</Unicode>
                </TextEquiv>
            </TextLine>
            <TextLine id="r1l11" custom="readingOrder {index:10;}">
                <Coords points="573,489 1594,536 1616,487 574,452"/>
                <Baseline points="582,481 633,484 684,486 735,488 786,490 837,492 888,493 940,495 991,496 1042,498 1093,499 1144,500 1195,502 1246,503 1298,504 1349,506 1400,508 1451,509 1502,511 1553,513 1605,515"/>
                <TextEquiv>
                    <Unicode>dauernd in ihr Haus nehmen und für sie sorgen 7.50)</Unicode>
                </TextEquiv>
            </TextLine>
            <TextLine id="r1l12" custom="readingOrder {index:11;}">
                <Coords points="409,528 479,544 492,533 512,532 526,519 540,527 584,528 582,471 566,474 552,487 532,486 524,479 512,479 501,489 441,480 428,489 408,490"/>
                <Baseline points="419,523 445,521 471,521 497,520 523,519 549,518 575,517"/>
                <TextEquiv>
                    <Unicode>Für 50</Unicode>
                </TextEquiv>
            </TextLine>
            <TextLine id="r1l13" custom="readingOrder {index:12;}">
                <Coords points="1633,553 1653,549 1664,556 1679,545 1713,552 1733,546 1755,555 1772,551 1797,567 1810,567 1809,513 1793,507 1768,517 1742,512 1722,517 1676,490 1653,513 1633,513"/>
                <Baseline points="1643,543 1669,542 1695,541 1722,541 1748,541 1774,541 1801,541"/>
                <TextEquiv>
                    <Unicode>Inclusive</Unicode>
                </TextEquiv>
            </TextLine>
            <TextLine id="r1l14" custom="readingOrder {index:13;}">
                <Coords points="504,573 512,573 517,568 519,570 522,566 531,565 539,570 542,566 557,563 560,566 570,566 578,559 593,558 590,531 579,532 572,525 555,529 548,526 539,528 525,518 500,517"/>
                <Baseline points="513,561 548,559 583,555"/>
                <TextEquiv>
                    <Unicode>100</Unicode>
                </TextEquiv>
            </TextLine>
            <TextLine id="r1l15" custom="readingOrder {index:14;}">
                <Coords points="589,563 1462,577 1477,527 1129,541 1006,505 590,497"/>
                <Baseline points="598,550 641,552 684,553 728,555 771,557 815,558 858,560 902,561 945,562 989,563 1032,563 1075,564 1119,564 1162,564 1206,564 1249,563 1293,563 1336,562 1380,561 1423,559 1467,558"/>
                <TextEquiv>
                    <Unicode>zue wollent, afs gehöre sir zur Zumitie. Man er¬</Unicode>
                </TextEquiv>
            </TextLine>
            <TextLine id="r1l16" custom="readingOrder {index:15;}">
                <Coords points="1643,582 1652,582 1668,569 1699,580 1708,574 1717,579 1724,574 1743,579 1790,574 1789,554 1775,551 1766,558 1735,546 1684,544 1660,557 1653,550 1642,550"/>
                <Baseline points="1652,573 1677,572 1703,571 1728,570 1754,569 1780,573"/>
                <TextEquiv>
                    <Unicode>Porto.</Unicode>
                </TextEquiv>
            </TextLine>
            <TextLine id="r1l17" custom="readingOrder {index:16;}">
                <Coords points="495,598 1392,619 1596,567 495,572"/>
                <Baseline points="505,600 559,597 613,596 667,595 721,595 775,595 829,596 883,597 937,598 991,599 1046,600 1100,602 1154,602 1208,603 1262,603 1316,602 1370,602 1424,599 1478,597 1532,593 1587,588"/>
                <TextEquiv>
                    <Unicode>200 füllt den Wunsch des Sterbenden, und im nächsten 25.—</Unicode>
                </TextEquiv>
            </TextLine>
            <TextLine id="r1l18" custom="readingOrder {index:17;}">
                <Coords points="1639,604 1657,600 1673,609 1688,603 1692,607 1721,604 1733,610 1746,604 1773,607 1791,590 1804,588 1804,574 1744,579 1725,573 1696,579 1667,569 1664,573 1638,570"/>
                <Baseline points="1647,598 1676,599 1706,599 1735,600 1765,598 1795,594"/>
                <TextEquiv>
                    <Unicode>Zahlbar</Unicode>
                </TextEquiv>
            </TextLine>
            <TextLine id="r1l19" custom="readingOrder {index:18;}">
                <Coords points="499,642 1757,652 1828,637 1828,585 499,604"/>
                <Baseline points="507,634 572,635 638,636 703,636 769,637 835,638 900,639 966,639 1031,640 1097,640 1163,641 1228,641 1294,641 1359,641 1425,640 1490,639 1556,638 1622,637 1687,635 1753,632 1819,630"/>
                <TextEquiv>
                    <Unicode>500 Alt sehen wir die arme onk und ihr von allen 35.—] im Voraus</Unicode>
                </TextEquiv>
            </TextLine>
            <TextLine id="r1l20" custom="readingOrder {index:19;}">
                <Coords points="481,684 1565,691 1616,642 481,653"/>
                <Baseline points="491,675 546,673 602,673 658,673 714,673 770,674 825,675 881,676 937,678 993,679 1049,680 1104,681 1160,682 1216,682 1272,682 1328,681 1383,679 1439,676 1495,672 1551,668 1607,662"/>
                <TextEquiv>
                    <Unicode>1060 verhätscheltes Kind gewissermaßen als Mittel=100.—)</Unicode>
                </TextEquiv>
            </TextLine>
            <TextLine id="r1l21" custom="readingOrder {index:20;}">
                <Coords points="537,716 1848,726 1865,672 537,682"/>
                <Baseline points="547,713 612,713 677,714 743,714 808,715 874,716 939,717 1004,717 1070,718 1135,719 1201,719 1266,720 1331,720 1397,719 1462,719 1528,718 1593,717 1658,715 1724,712 1789,710 1855,706"/>
                <TextEquiv>
                    <Unicode> punkt der trauernden Familie. Aber noch hat lausschnitte ist das</Unicode>
                </TextEquiv>
            </TextLine>
            <TextLine id="r1l22" custom="readingOrder {index:21;}">
                <Coords points="414,762 1800,763 1887,714 414,740"/>
                <Baseline points="423,764 495,760 568,756 641,754 713,753 786,752 859,752 931,753 1004,754 1077,755 1150,756 1222,757 1295,758 1368,759 1440,759 1513,759 1586,758 1658,756 1731,754 1804,750 1877,746"/>
                <TextEquiv>
                    <Unicode>Al hne Tomt Schlimmeres zu erdulden. Auch ihr Kind: auch steht es den</Unicode>
                </TextEquiv>
            </TextLine>
            <TextLine id="r1l23" custom="readingOrder {index:22;}">
                <Coords points="414,822 676,785 1758,820 1758,761 414,772"/>
                <Baseline points="423,803 489,799 555,797 621,795 688,793 754,792 820,792 887,792 953,793 1019,794 1086,795 1152,796 1218,797 1284,798 1351,798 1417,798 1483,797 1550,796 1616,794 1682,791 1749,787"/>
                <TextEquiv>
                    <Unicode>Abonnejr ihr genommen, und durch dessen Toder zu ändern.</Unicode>
                </TextEquiv>
            </TextLine>
            <TextLine id="r1l24" custom="readingOrder {index:23;}">
                <Coords points="575,834 629,828 677,837 749,821 773,838 837,839 849,837 850,802 822,806 790,787 746,803 721,788 686,792 677,784 575,807"/>
                <Baseline points="583,833 608,829 634,826 660,824 686,825 712,826 737,827 763,829 789,830 815,830 841,829"/>
                <TextEquiv>
                    <Unicode>wendet sich</Unicode>
                </TextEquiv>
            </TextLine>
            <TextLine id="r1l25" custom="readingOrder {index:24;}">
                <Coords points="853,837 862,837 868,833 878,833 884,837 888,833 900,840 909,837 918,842 928,833 944,833 944,808 929,811 917,800 909,804 895,795 877,795 862,808 853,808"/>
                <Baseline points="862,832 898,831 934,832"/>
                <TextEquiv>
                    <Unicode>ihr</Unicode>
                </TextEquiv>
            </TextLine>
            <TextLine id="r1l26" custom="readingOrder {index:25;}">
                <Coords points="950,817 982,839 1057,847 1152,824 1175,842 1248,848 1262,837 1293,852 1393,836 1394,802 950,801"/>
                <Baseline points="958,831 983,833 1008,835 1033,836 1058,837 1083,838 1108,839 1133,839 1158,839 1183,839 1208,838 1233,838 1258,838 1283,837 1308,837 1333,837 1358,837 1384,836"/>
                <TextEquiv>
                    <Unicode>Geschick. Alles, was</Unicode>
                </TextEquiv>
            </TextLine>
            <TextLine id="r1l27" custom="readingOrder {index:26;}">
                <Coords points="562,873 1530,894 1530,845 1394,822 1243,847 563,835"/>
                <Baseline points="572,867 619,867 666,868 714,869 761,869 809,870 856,871 903,872 951,873 998,873 1046,874 1093,874 1140,875 1188,875 1235,876 1283,876 1330,876 1377,876 1425,875 1472,875 1520,874"/>
                <TextEquiv>
                    <Unicode>Gerechtigkeitsgefühl, Milde und Edelmuth sich in —</Unicode>
                </TextEquiv>
            </TextLine>
            <TextLine id="r1l28" custom="readingOrder {index:27;}">
                <Coords points="577,915 1496,915 1427,877 578,868"/>
                <Baseline points="586,902 631,904 676,906 721,908 766,909 811,911 856,912 901,913 946,914 991,915 1036,915 1081,916 1126,916 1171,917 1216,917 1261,917 1306,916 1351,916 1396,915 1441,915 1487,914"/>
                <TextEquiv>
                    <Unicode>den Familienmitgliedern regt, wird durch den</Unicode>
                </TextEquiv>
            </TextLine>
            <TextLine id="r1l29" custom="readingOrder {index:28;}">
                <Coords points="569,963 1135,943 1480,974 1495,923 570,899"/>
                <Baseline points="578,945 623,946 668,946 714,946 759,947 805,948 850,948 895,949 941,950 986,951 1032,951 1077,952 1122,953 1168,954 1213,954 1259,955 1304,955 1349,956 1395,956 1440,956 1486,955"/>
                <TextEquiv>
                    <Unicode>Wortführer der Opposition den geschraubt</Unicode>
                </TextEquiv>
            </TextLine>
            <TextLine id="r1l30" custom="readingOrder {index:29;}">
                <Coords points="569,992 1435,1013 1502,998 1503,969 1136,943 570,968"/>
                <Baseline points="578,984 623,984 669,984 715,985 761,985 806,986 852,986 898,987 944,988 989,989 1035,990 1081,991 1127,991 1172,992 1218,993 1264,994 1310,995 1355,996 1401,996 1447,997 1493,998"/>
                <TextEquiv>
                    <Unicode>moralischen Hausarzt, in Grund und Boden ge¬</Unicode>
                </TextEquiv>
            </TextLine>
            <TextLine id="r1l31" custom="readingOrder {index:30;}">
                <Coords points="567,1039 1438,1048 1500,1038 1501,998 568,1001"/>
                <Baseline points="576,1024 621,1024 667,1025 713,1025 759,1026 804,1027 850,1028 896,1028 942,1029 987,1030 1033,1031 1079,1032 1125,1032 1170,1033 1216,1034 1262,1034 1308,1034 1353,1035 1399,1035 1445,1035 1491,1035"/>
                <TextEquiv>
                    <Unicode>redet, und so gieht man schüdhsich zu, daß dieser</Unicode>
                </TextEquiv>
            </TextLine>
            <TextLine id="r1l32" custom="readingOrder {index:31;}">
                <Coords points="575,1063 1273,1093 1495,1086 1496,1046 575,1030"/>
                <Baseline points="584,1063 629,1063 674,1064 719,1065 764,1066 809,1066 854,1067 899,1068 944,1069 989,1070 1035,1070 1080,1071 1125,1072 1170,1072 1215,1072 1260,1072 1305,1072 1350,1072 1395,1071 1440,1070 1486,1069"/>
                <TextEquiv>
                    <Unicode>wackere Herr dem um Geliebtesr und Sohn trauernden</Unicode>
                </TextEquiv>
            </TextLine>
            <TextLine id="r1l33" custom="readingOrder {index:32;}">
                <Coords points="598,1110 1570,1137 1625,1121 1626,1068 1489,1092 598,1067"/>
                <Baseline points="606,1105 656,1105 707,1106 757,1106 808,1107 858,1108 909,1108 959,1109 1010,1110 1060,1111 1111,1112 1161,1112 1212,1113 1262,1113 1313,1114 1363,1114 1414,1114 1464,1114 1515,1114 1565,1114 1616,1113"/>
                <TextEquiv>
                    <Unicode>Mädchen gerade heraus sant, daß es das Haus v</Unicode>
                </TextEquiv>
            </TextLine>
            <TextLine id="r1l34" custom="readingOrder {index:33;}">
                <Coords points="656,1153 1494,1155 1494,1119 656,1113"/>
                <Baseline points="664,1145 705,1146 746,1146 787,1147 828,1147 869,1148 910,1149 951,1149 992,1149 1033,1150 1074,1150 1115,1151 1156,1151 1197,1151 1238,1151 1279,1152 1320,1152 1361,1152 1402,1152 1443,1152 1485,1152"/>
                <TextEquiv>
                    <Unicode>assen müsse. Durch allerlei freundliche</Unicode>
                </TextEquiv>
            </TextLine>
            <TextLine id="r1l35" custom="readingOrder {index:34;}">
                <Coords points="2121,1183 2473,1184 2473,1118 2440,1120 2377,1099 2351,1102 2320,1130 2264,1110 2159,1128 2120,1118"/>
                <Baseline points="2129,1159 2154,1159 2180,1159 2206,1158 2232,1158 2258,1158 2284,1158 2309,1157 2335,1157 2361,1157 2387,1158 2413,1158 2439,1158 2465,1159"/>
                <TextEquiv>
                    <Unicode>Telefon 12801.</Unicode>
                </TextEquiv>
            </TextLine>
            <TextLine id="r1l36" custom="readingOrder {index:35;}">
                <Coords points="655,1191 1498,1190 1483,1157 1271,1144 1212,1164 656,1153"/>
                <Baseline points="664,1183 705,1184 746,1184 787,1185 828,1185 870,1186 911,1186 952,1187 993,1187 1034,1188 1076,1188 1117,1189 1158,1189 1199,1190 1240,1190 1282,1190 1323,1190 1364,1191 1405,1191 1446,1191 1488,1191"/>
                <TextEquiv>
                    <Unicode>ensarten und mateneür Versprechungen sucht</Unicode>
                </TextEquiv>
            </TextLine>
            <TextLine id="r1l37" custom="readingOrder {index:36;}">
                <Coords points="640,1222 931,1228 967,1256 1009,1231 1194,1250 1260,1222 1493,1239 1462,1201 1388,1191 640,1186"/>
                <Baseline points="648,1222 689,1223 731,1224 773,1224 815,1225 856,1225 898,1226 940,1227 982,1227 1023,1228 1065,1228 1107,1229 1149,1230 1190,1230 1232,1231 1274,1231 1316,1232 1357,1232 1399,1233 1441,1233 1483,1234"/>
                <TextEquiv>
                    <Unicode>m dann der Bedauernswerthen die bittere</Unicode>
                </TextEquiv>
            </TextLine>
            <TextLine id="r1l38" custom="readingOrder {index:37;}">
                <Coords points="2804,1282 2831,1266 2844,1275 2884,1273 2895,1283 2958,1273 2971,1262 2987,1267 2996,1257 3022,1271 3035,1269 3034,1215 2992,1223 2950,1217 2923,1234 2881,1218 2852,1237 2834,1239 2825,1230 2803,1236"/>
                <Baseline points="2813,1257 2839,1258 2866,1258 2892,1258 2919,1258 2945,1257 2972,1256 2998,1254 3025,1253"/>
                <TextEquiv>
                    <Unicode>Ausschnitt</Unicode>
                </TextEquiv>
            </TextLine>
            <TextLine id="r1l39" custom="readingOrder {index:38;}">
                <Coords points="1628,1282 2775,1258 2774,1221 2696,1190 1627,1230"/>
                <Baseline points="1637,1271 1693,1268 1749,1265 1806,1263 1862,1262 1919,1260 1975,1259 2031,1258 2088,1258 2144,1257 2201,1256 2257,1256 2313,1255 2370,1255 2426,1254 2483,1254 2539,1252 2595,1251 2652,1250 2708,1248 2765,1246"/>
                <TextEquiv>
                    <Unicode>0 Unternehmen für Zeitungs-Ausschnitte.</Unicode>
                </TextEquiv>
            </TextLine>
            <TextLine id="r1l40" custom="readingOrder {index:39;}">
                <Coords points="570,1261 622,1270 722,1260 822,1278 862,1263 917,1279 979,1266 979,1241 930,1228 901,1242 794,1226 724,1237 650,1223 570,1230"/>
                <Baseline points="578,1264 604,1263 630,1263 656,1263 682,1263 708,1263 734,1264 760,1264 787,1265 813,1265 839,1266 865,1266 891,1266 917,1266 943,1266 970,1265"/>
                <TextEquiv>
                    <Unicode>Pillesetwas zu</Unicode>
                </TextEquiv>
            </TextLine>
            <TextLine id="r1l41" custom="readingOrder {index:40;}">
                <Coords points="992,1264 1166,1284 1199,1264 1457,1282 1488,1280 1489,1237 1291,1245 1260,1221 1192,1243 992,1237"/>
                <Baseline points="1001,1264 1026,1265 1051,1265 1076,1266 1101,1266 1127,1267 1152,1268 1177,1268 1202,1269 1227,1269 1253,1270 1278,1270 1303,1270 1328,1270 1353,1270 1379,1270 1404,1270 1429,1269 1454,1269 1480,1268"/>
                <TextEquiv>
                    <Unicode>versüßen aber Toni</Unicode>
                </TextEquiv>
            </TextLine>
            <TextLine id="r1l42" custom="readingOrder {index:41;}">
                <Coords points="568,1303 1643,1309 1631,1272 568,1263"/>
                <Baseline points="577,1306 629,1304 682,1302 735,1302 788,1302 841,1302 894,1303 947,1304 1000,1306 1053,1307 1106,1309 1158,1310 1211,1310 1264,1311 1317,1311 1370,1310 1423,1308 1476,1305 1529,1302 1582,1297 1635,1291"/>
                <TextEquiv>
                    <Unicode>versteht, wie das im Grunde gemeintist Vers —</Unicode>
                </TextEquiv>
            </TextLine>
            <TextLine id="r1l43" custom="readingOrder {index:42;}">
                <Coords points="2764,1356 2815,1366 2835,1352 2886,1348 2918,1327 3008,1369 3047,1344 3048,1275 3032,1267 2986,1272 2974,1263 2913,1283 2885,1271 2841,1274 2807,1253 2786,1268 2766,1265"/>
                <Baseline points="2774,1344 2800,1343 2826,1343 2853,1343 2879,1344 2906,1344 2932,1345 2958,1346 2985,1347 3011,1348 3038,1348"/>
                <TextEquiv>
                    <Unicode>Nr. 4</Unicode>
                </TextEquiv>
            </TextLine>
            <TextLine id="r1l44" custom="readingOrder {index:43;}">
                <Coords points="568,1351 901,1335 1488,1367 1472,1314 569,1311"/>
                <Baseline points="577,1346 622,1345 667,1344 712,1344 757,1344 802,1344 847,1345 892,1345 937,1347 982,1348 1028,1349 1073,1350 1118,1351 1163,1352 1208,1353 1253,1353 1298,1353 1343,1353 1388,1352 1433,1351 1479,1348"/>
                <TextEquiv>
                    <Unicode>zweifelt verläßt sie das Haus, und aus einem</Unicode>
                </TextEquiv>
            </TextLine>
            <TextLine id="r1l45" custom="readingOrder {index:44;}">
                <Coords points="1981,1406 2040,1406 2073,1383 2203,1393 2391,1369 2463,1395 2592,1376 2579,1331 2393,1352 2313,1322 2276,1358 2235,1359 2113,1316 2062,1318 1980,1362"/>
                <Baseline points="1989,1386 2018,1384 2048,1381 2078,1379 2107,1376 2137,1375 2167,1373 2196,1372 2226,1371 2256,1370 2286,1369 2315,1368 2345,1368 2375,1367 2404,1367 2434,1366 2464,1366 2493,1366 2523,1365 2553,1364 2583,1363"/>
                <TextEquiv>
                    <Unicode>„OBEERVEN</Unicode>
                </TextEquiv>
            </TextLine>
            <TextLine id="r1l46" custom="readingOrder {index:45;}">
                <Coords points="1491,1398 1509,1399 1526,1391 1560,1409 1584,1392 1606,1391 1611,1397 1629,1385 1638,1391 1676,1383 1675,1344 1663,1347 1652,1338 1627,1353 1616,1348 1585,1356 1565,1354 1552,1343 1539,1347 1526,1339 1490,1339"/>
                <Baseline points="1499,1384 1527,1382 1555,1380 1583,1380 1611,1380 1639,1380 1667,1379"/>
                <TextEquiv>
                    <Unicode>—.— </Unicode>
                </TextEquiv>
            </TextLine>
            <TextLine id="r1l47" custom="readingOrder {index:46;}">
                <Coords points="563,1368 1358,1410 1485,1397 1486,1348 564,1356"/>
                <Baseline points="572,1385 617,1383 662,1383 707,1382 752,1382 798,1383 843,1383 888,1384 933,1385 978,1386 1024,1387 1069,1388 1114,1389 1159,1390 1204,1391 1250,1391 1295,1392 1340,1392 1385,1392 1430,1392 1476,1391"/>
                <TextEquiv>
                    <Unicode>zurückgelassenen Zettel geht hervor, daß sie bestimmt</Unicode>
                </TextEquiv>
            </TextLine>
            <TextLine id="r1l48" custom="readingOrder {index:47;}">
                <Coords points="605,1414 1478,1445 1506,1406 606,1387"/>
                <Baseline points="615,1410 659,1410 703,1411 747,1412 791,1413 835,1414 879,1416 923,1418 967,1419 1011,1421 1055,1422 1099,1424 1143,1425 1187,1426 1231,1427 1275,1429 1319,1429 1363,1430 1407,1430 1451,1430 1496,1430"/>
                <TextEquiv>
                    <Unicode>wschfussen sei dem Geliebten und ihrem Kinde.</Unicode>
                </TextEquiv>
            </TextLine>
            <TextLine id="r1l49" custom="readingOrder {index:48;}">
                <Coords points="1585,1465 2874,1442 3032,1425 3031,1362 1584,1412"/>
                <Baseline points="1594,1448 1665,1447 1736,1446 1808,1444 1879,1443 1951,1442 2022,1440 2094,1439 2165,1438 2237,1436 2308,1435 2379,1433 2451,1431 2522,1429 2594,1428 2665,1426 2737,1424 2808,1422 2880,1420 2951,1418 3023,1415"/>
                <TextEquiv>
                    <Unicode>I. österr. behördl. concess. Bureau für Zeitungsberichte und Personalnachrichten</Unicode>
                </TextEquiv>
            </TextLine>
            <TextLine id="r1l50" custom="readingOrder {index:49;}">
                <Coords points="567,1445 1507,1463 1507,1434 567,1419"/>
                <Baseline points="576,1449 622,1449 668,1450 714,1450 760,1451 806,1452 852,1453 898,1454 944,1455 990,1455 1037,1456 1083,1458 1129,1459 1175,1460 1221,1461 1267,1462 1313,1462 1359,1463 1405,1464 1451,1465 1498,1465"/>
                <TextEquiv>
                    <Unicode>in den Tod zu folgen. Dem Hausarzteber brus</Unicode>
                </TextEquiv>
            </TextLine>
            <TextLine id="r1l51" custom="readingOrder {index:50;}">
                <Coords points="556,1498 1491,1519 1492,1475 557,1454"/>
                <Baseline points="566,1490 611,1490 657,1489 703,1489 749,1489 795,1489 840,1490 886,1490 932,1491 978,1491 1024,1492 1069,1493 1115,1493 1161,1494 1207,1496 1253,1497 1298,1497 1344,1499 1390,1500 1436,1501 1482,1503"/>
                <TextEquiv>
                    <Unicode>sein herzloses Handeln keinen Segen, entrüstet und</Unicode>
                </TextEquiv>
            </TextLine>
            <TextLine id="r1l52" custom="readingOrder {index:51;}">
                <Coords points="1876,1524 2616,1535 2747,1503 2746,1458 1875,1481"/>
                <Baseline points="1885,1518 1927,1519 1970,1520 2012,1520 2055,1520 2098,1520 2140,1519 2183,1519 2226,1517 2268,1517 2311,1515 2354,1514 2396,1512 2439,1511 2482,1510 2524,1509 2567,1508 2610,1507 2652,1506 2695,1506 2738,1506"/>
                <TextEquiv>
                    <Unicode>Wien, IX/1 Türkenstrasse 17.</Unicode>
                </TextEquiv>
            </TextLine>
            <TextLine id="r1l53" custom="readingOrder {index:52;}">
                <Coords points="571,1534 1498,1551 1499,1518 657,1484 572,1505"/>
                <Baseline points="580,1526 625,1527 671,1527 716,1528 762,1528 807,1529 853,1529 898,1530 944,1531 989,1532 1035,1533 1080,1533 1126,1534 1171,1535 1217,1536 1262,1537 1308,1538 1353,1538 1399,1539 1444,1540 1490,1541"/>
                <TextEquiv>
                    <Unicode>erkältetwendet die älteste Tochter des Hauses, Tonie</Unicode>
                </TextEquiv>
            </TextLine>
            <TextLine id="r1l54" custom="readingOrder {index:53;}">
                <Coords points="568,1575 1476,1593 1493,1546 569,1531"/>
                <Baseline points="578,1565 623,1566 668,1567 713,1568 759,1569 804,1570 849,1571 895,1572 940,1573 985,1573 1031,1574 1076,1575 1121,1576 1166,1576 1212,1577 1257,1578 1302,1579 1348,1579 1393,1580 1438,1581 1484,1582"/>
                <TextEquiv>
                    <Unicode>warme Fürsprecherin, sich von ihm und schließt mit</Unicode>
                </TextEquiv>
            </TextLine>
            <TextLine id="r1l55" custom="readingOrder {index:54;}">
                <Coords points="1826,1608 2804,1595 2803,1551 2723,1531 1825,1566"/>
                <Baseline points="1834,1598 1882,1597 1930,1596 1978,1596 2026,1595 2074,1594 2122,1593 2170,1593 2218,1592 2266,1591 2314,1590 2362,1589 2410,1588 2458,1587 2506,1586 2554,1584 2602,1583 2650,1581 2698,1579 2746,1577 2795,1575"/>
                <TextEquiv>
                    <Unicode> Fillale in Budapest: „Flgyelö“, ViII. Josefsring 31 a.</Unicode>
                </TextEquiv>
            </TextLine>
            <TextLine id="r1l56" custom="readingOrder {index:55;}">
                <Coords points="564,1613 1418,1637 1494,1602 1405,1577 565,1580"/>
                <Baseline points="573,1604 618,1605 664,1606 709,1607 755,1608 800,1609 846,1610 891,1611 937,1612 982,1613 1028,1614 1074,1615 1119,1616 1165,1617 1210,1617 1256,1618 1301,1618 1347,1619 1392,1619 1438,1619 1484,1619"/>
                <TextEquiv>
                    <Unicode>vielen warmherzigen und trefflichen Worten über das</Unicode>
                </TextEquiv>
            </TextLine>
            <TextLine id="r1l57" custom="readingOrder {index:56;}">
                <Coords points="560,1643 602,1668 744,1645 1457,1663 1441,1624 561,1618"/>
                <Baseline points="570,1643 613,1644 657,1645 701,1645 745,1647 789,1648 833,1648 877,1650 921,1651 965,1652 1009,1653 1052,1653 1096,1654 1140,1655 1184,1656 1228,1656 1272,1657 1316,1657 1360,1657 1404,1657 1448,1657"/>
                <TextEquiv>
                    <Unicode>an Toni begangene Unrecht das Schauspiel ab.</Unicode>
                </TextEquiv>
            </TextLine>
            <TextLine id="r1l58" custom="readingOrder {index:57;}">
                <Coords points="635,1680 1491,1714 1492,1665 635,1646"/>
                <Baseline points="643,1682 687,1683 731,1684 775,1686 819,1686 863,1688 907,1689 952,1690 996,1691 1040,1691 1084,1692 1128,1693 1172,1694 1217,1694 1261,1695 1305,1695 1349,1695 1393,1695 1437,1695 1482,1695"/>
                <TextEquiv>
                    <Unicode>Schnitzler hat in dieser Handlung, die ich hier</Unicode>
                </TextEquiv>
            </TextLine>
            <TextLine id="r1l59" custom="readingOrder {index:58;}">
                <Coords points="565,1738 1480,1753 1481,1705 566,1680"/>
                <Baseline points="574,1722 618,1723 663,1724 708,1726 753,1726 798,1727 843,1728 888,1729 933,1729 978,1730 1023,1730 1067,1731 1112,1731 1157,1731 1202,1732 1247,1732 1292,1732 1337,1733 1382,1733 1427,1733 1472,1733"/>
                <TextEquiv>
                    <Unicode>nur in großen Zügen andeutete, ein Thema an¬</Unicode>
                </TextEquiv>
            </TextLine>
            <TextLine id="r1l60" custom="readingOrder {index:59;}">
                <Coords points="1576,1750 2780,1742 2779,1675 2646,1653 1576,1713"/>
                <Baseline points="1585,1751 1644,1747 1703,1744 1763,1742 1822,1740 1881,1739 1941,1738 2000,1737 2059,1737 2119,1736 2178,1736 2237,1736 2297,1735 2356,1735 2415,1734 2475,1734 2534,1732 2593,1731 2653,1730 2712,1727 2772,1724"/>
                <TextEquiv>
                    <Unicode>Ausschnitt aus: Magdeburgische Zing.</Unicode>
                </TextEquiv>
            </TextLine>
            <TextLine id="r1l61" custom="readingOrder {index:60;}">
                <Coords points="560,1759 1493,1781 1399,1737 560,1731"/>
                <Baseline points="568,1767 613,1767 659,1766 705,1766 751,1766 796,1766 842,1767 888,1767 934,1768 979,1769 1025,1770 1071,1771 1117,1772 1162,1773 1208,1774 1254,1775 1300,1776 1345,1777 1391,1777 1437,1778 1483,1778"/>
                <TextEquiv>
                    <Unicode>geschlagen, das wohl den Vorwurf zu einem</Unicode>
                </TextEquiv>
            </TextLine>
            <TextLine id="r1l62" custom="readingOrder {index:61;}">
                <Coords points="568,1821 1494,1817 1458,1782 1280,1770 569,1770"/>
                <Baseline points="578,1804 623,1803 668,1802 713,1802 759,1802 804,1802 849,1803 895,1803 940,1804 985,1805 1031,1807 1076,1808 1121,1809 1166,1810 1212,1811 1257,1812 1302,1813 1348,1813 1393,1813 1438,1813 1484,1812"/>
                <TextEquiv>
                    <Unicode>großen und dedeutsamen Bühnenwerk bilden konnte.</Unicode>
                </TextEquiv>
            </TextLine>
            <TextLine id="r1l63" custom="readingOrder {index:62;}">
                <Coords points="561,1844 1470,1864 1497,1863 1498,1816 561,1809"/>
                <Baseline points="570,1842 615,1842 661,1842 707,1842 753,1842 799,1843 845,1843 891,1844 937,1845 983,1846 1029,1847 1074,1849 1120,1850 1166,1851 1212,1852 1258,1853 1304,1854 1350,1855 1396,1855 1442,1855 1488,1855"/>
                <TextEquiv>
                    <Unicode>Aber der Sioff ist unter seinen Händon kein</Unicode>
                </TextEquiv>
            </TextLine>
            <TextLine id="r1l64" custom="readingOrder {index:63;}">
                <Coords points="1585,1883 1837,1911 1976,1880 2051,1918 2197,1913 2200,1811 2001,1810 1953,1779 1916,1811 1825,1794 1760,1840 1586,1845"/>
                <Baseline points="1594,1881 1623,1880 1653,1879 1683,1879 1712,1879 1742,1879 1772,1879 1801,1880 1831,1881 1861,1881 1891,1883 1920,1883 1950,1884 1980,1886 2009,1887 2039,1888 2069,1889 2098,1890 2128,1891 2158,1892 2188,1892"/>
                <TextEquiv>
                    <Unicode>an (1./ 48.</Unicode>
                </TextEquiv>
            </TextLine>
            <TextLine id="r1l65" custom="readingOrder {index:64;}">
                <Coords points="558,1888 1349,1911 1486,1897 1487,1852 957,1844 913,1869 559,1844"/>
                <Baseline points="568,1879 613,1879 658,1879 704,1880 749,1880 795,1881 840,1882 885,1884 931,1885 976,1886 1022,1888 1067,1889 1112,1890 1158,1891 1203,1892 1249,1892 1294,1893 1339,1893 1385,1892 1430,1891 1476,1889"/>
                <TextEquiv>
                    <Unicode>Drama, sondern ein dreiaktiges Stimmungs¬</Unicode>
                </TextEquiv>
            </TextLine>
            <TextLine id="r1l66" custom="readingOrder {index:65;}">
                <Coords points="561,1930 1436,1945 1498,1920 1499,1891 562,1888"/>
                <Baseline points="571,1918 616,1919 662,1919 708,1921 754,1922 800,1923 846,1924 891,1925 937,1926 983,1927 1029,1929 1075,1930 1121,1930 1167,1931 1212,1931 1258,1932 1304,1932 1350,1931 1396,1931 1442,1930 1488,1928"/>
                <TextEquiv>
                    <Unicode>bild geworden. Die Stellung der vom Sohn</Unicode>
                </TextEquiv>
            </TextLine>
            <TextLine id="r1l67" custom="readingOrder {index:66;}">
                <Coords points="559,1965 1478,1987 1479,1938 1250,1922 1202,1947 560,1928"/>
                <Baseline points="568,1957 613,1958 658,1959 703,1960 748,1961 793,1963 838,1963 883,1965 928,1966 973,1967 1018,1968 1063,1969 1108,1970 1153,1971 1198,1972 1243,1972 1288,1973 1333,1973 1378,1973 1423,1973 1469,1973"/>
                <TextEquiv>
                    <Unicode>der Familie als Vermächtniß hinterlassenen</Unicode>
                </TextEquiv>
            </TextLine>
            <TextLine id="r1l68" custom="readingOrder {index:67;}">
                <Coords points="1850,2006 1867,2002 1889,2012 1902,2003 1914,2012 1922,2002 1953,1996 1972,1972 1994,1976 1985,1904 1963,1903 1956,1910 1942,1900 1910,1917 1890,1936 1884,1933 1867,1952 1854,1943 1842,1944"/>
                <Baseline points="1857,1991 1882,1988 1908,1984 1933,1981 1959,1978 1985,1975"/>
                <TextEquiv>
                    <Unicode>72</Unicode>
                </TextEquiv>
            </TextLine>
            <TextLine id="r1l69" custom="readingOrder {index:68;}">
                <Coords points="553,2007 1493,2012 1493,1983 1426,1976 553,1965"/>
                <Baseline points="562,1999 608,2000 654,2000 700,2001 746,2001 792,2002 838,2002 884,2003 930,2003 976,2004 1022,2005 1068,2005 1114,2006 1160,2007 1206,2007 1252,2008 1298,2009 1344,2010 1390,2011 1436,2012 1483,2014"/>
                <TextEquiv>
                    <Unicode>Geliebten und ihres Kindes — dieser eigenartige</Unicode>
                </TextEquiv>
            </TextLine>
            <TextLine id="r1l70" custom="readingOrder {index:69;}">
                <Coords points="554,2031 1356,2067 1493,2039 1386,2013 555,2006"/>
                <Baseline points="564,2039 610,2040 656,2041 702,2041 748,2042 794,2043 840,2043 886,2044 932,2044 978,2045 1024,2045 1070,2046 1116,2047 1162,2047 1208,2048 1254,2049 1300,2050 1346,2051 1392,2052 1438,2054 1484,2055"/>
                <TextEquiv>
                    <Unicode>Vorwurf gab Schnitzler nicht die Gelegenheit zu</Unicode>
                </TextEquiv>
            </TextLine>
            <TextLine id="r1l71" custom="readingOrder {index:70;}">
                <Coords points="562,2071 1439,2106 1487,2055 563,2046"/>
                <Baseline points="571,2078 616,2079 661,2079 706,2080 752,2080 797,2081 842,2082 888,2082 933,2083 978,2084 1024,2084 1069,2085 1114,2086 1159,2087 1205,2087 1250,2088 1295,2089 1341,2089 1386,2090 1431,2090 1477,2091"/>
                <TextEquiv>
                    <Unicode>einer bewegten dramatischen Entwicklung. Er</Unicode>
                </TextEquiv>
            </TextLine>
            <TextLine id="r1l72" custom="readingOrder {index:71;}">
                <Coords points="556,2114 1491,2145 1483,2090 557,2096"/>
                <Baseline points="565,2116 610,2117 656,2118 702,2120 748,2121 794,2122 840,2122 885,2123 931,2124 977,2125 1023,2125 1069,2126 1115,2126 1161,2127 1206,2127 1252,2128 1298,2128 1344,2128 1390,2129 1436,2129 1482,2129"/>
                <TextEquiv>
                    <Unicode>nahm sie nur als Auregung und Hintergrund zu</Unicode>
                </TextEquiv>
            </TextLine>
            <TextLine id="r1l73" custom="readingOrder {index:72;}">
                <Coords points="1962,2166 2040,2188 2364,2145 2465,2165 2703,2149 2697,2031 2643,2050 2596,2031 2529,2067 2421,2056 2343,2093 2123,2100 2065,2075 1959,2103"/>
                <Baseline points="1972,2165 2008,2162 2044,2159 2080,2157 2116,2154 2152,2152 2188,2151 2224,2149 2260,2147 2296,2146 2332,2144 2368,2143 2404,2142 2440,2139 2476,2138 2512,2136 2548,2134 2584,2131 2620,2128 2656,2124 2692,2121"/>
                <TextEquiv>
                    <Unicode>Theater und Musik.</Unicode>
                </TextEquiv>
            </TextLine>
            <TextLine id="r1l74" custom="readingOrder {index:73;}">
                <Coords points="557,2159 1355,2189 1492,2180 1493,2140 558,2114"/>
                <Baseline points="567,2156 612,2156 658,2157 704,2158 750,2159 796,2160 841,2161 887,2162 933,2163 979,2164 1025,2165 1070,2166 1116,2167 1162,2167 1208,2168 1254,2169 1299,2169 1345,2169 1391,2169 1437,2169 1483,2168"/>
                <TextEquiv>
                    <Unicode>breiter Stimmungsmalerei und tiefdringender</Unicode>
                </TextEquiv>
            </TextLine>
            <TextLine id="r1l75" custom="readingOrder {index:74;}">
                <Coords points="554,2201 1363,2206 1486,2234 1477,2177 555,2165"/>
                <Baseline points="563,2194 608,2195 654,2196 700,2197 746,2199 791,2200 837,2201 883,2202 929,2203 974,2204 1020,2205 1066,2206 1112,2207 1157,2207 1203,2208 1249,2209 1295,2210 1340,2210 1386,2210 1432,2211 1478,2211"/>
                <TextEquiv>
                    <Unicode>Charakteristik einiger Figuren. Toni, die leidet</Unicode>
                </TextEquiv>
            </TextLine>
            <TextLine id="r1l76" custom="readingOrder {index:75;}">
                <Coords points="1880,2237 2717,2208 2773,2181 2772,2150 1879,2204"/>
                <Baseline points="1890,2230 1933,2229 1977,2228 2021,2227 2065,2225 2108,2224 2152,2222 2196,2220 2240,2218 2283,2216 2327,2214 2371,2211 2415,2209 2458,2207 2502,2204 2546,2201 2590,2199 2633,2196 2677,2193 2721,2190 2765,2187"/>
                <TextEquiv>
                    <Unicode>Berlin, 9. October. „Das Vermächtniß“</Unicode>
                </TextEquiv>
            </TextLine>
            <TextLine id="r1l77" custom="readingOrder {index:76;}">
                <Coords points="561,2246 1260,2262 1305,2241 1487,2266 1487,2235 1364,2208 562,2191"/>
                <Baseline points="571,2234 616,2235 661,2236 707,2237 752,2238 797,2238 843,2239 888,2240 933,2241 979,2241 1024,2242 1069,2243 1115,2243 1160,2244 1205,2245 1251,2246 1296,2247 1341,2248 1387,2249 1432,2251 1478,2252"/>
                <TextEquiv>
                    <Unicode>und duldet, ist wohl die eigentliche Heldin,</Unicode>
                </TextEquiv>
            </TextLine>
            <TextLine id="r1l78" custom="readingOrder {index:77;}">
                <Coords points="1867,2273 2749,2245 2781,2231 2779,2182 2141,2244 1865,2230"/>
                <Baseline points="1877,2274 1921,2272 1966,2270 2011,2268 2055,2266 2100,2264 2145,2262 2189,2259 2234,2258 2279,2256 2324,2253 2368,2252 2413,2249 2458,2247 2502,2245 2547,2242 2592,2240 2636,2238 2681,2235 2726,2233 2771,2231"/>
                <TextEquiv>
                    <Unicode>ein monotones gequältes dreiactiges Schauspiel von</Unicode>
                </TextEquiv>
            </TextLine>
            <TextLine id="r1l79" custom="readingOrder {index:78;}">
                <Coords points="564,2271 1492,2294 1492,2259 1307,2241 565,2246"/>
                <Baseline points="573,2276 618,2276 663,2276 709,2276 754,2277 800,2277 845,2278 891,2279 936,2279 982,2280 1027,2281 1072,2282 1118,2283 1163,2284 1209,2285 1254,2286 1300,2287 1345,2288 1391,2290 1436,2290 1482,2291"/>
                <TextEquiv>
                    <Unicode>nicht aber die interessanteste Person des</Unicode>
                </TextEquiv>
            </TextLine>
            <TextLine id="r1l80" custom="readingOrder {index:79;}">
                <Coords points="1877,2319 2779,2279 2777,2241 2698,2234 2332,2272 2297,2253 2249,2278 1875,2275"/>
                <Baseline points="1887,2313 1931,2312 1975,2309 2019,2307 2063,2306 2107,2304 2151,2303 2195,2301 2239,2298 2283,2297 2328,2295 2372,2293 2416,2290 2460,2289 2504,2286 2548,2284 2592,2281 2636,2279 2680,2276 2724,2272 2769,2269"/>
                <TextEquiv>
                    <Unicode>Arthur Schnitzler, hat gestern im Deutschen</Unicode>
                </TextEquiv>
            </TextLine>
            <TextLine id="r1l81" custom="readingOrder {index:80;}">
                <Coords points="559,2326 911,2311 988,2338 1385,2342 1486,2302 560,2269"/>
                <Baseline points="569,2316 614,2316 659,2316 705,2316 750,2316 795,2317 841,2318 886,2318 931,2320 977,2321 1022,2322 1067,2323 1113,2324 1158,2325 1203,2325 1249,2326 1294,2327 1339,2327 1385,2326 1430,2326 1476,2325"/>
                <TextEquiv>
                    <Unicode>Stückes, die ist vielmehr das wackere Ober¬</Unicode>
                </TextEquiv>
            </TextLine>
            <TextLine id="r1l82" custom="readingOrder {index:81;}">
                <Coords points="1872,2368 2763,2323 2774,2277 1870,2326"/>
                <Baseline points="1879,2353 1923,2351 1967,2349 2012,2347 2056,2345 2100,2342 2145,2341 2189,2339 2233,2337 2278,2335 2322,2333 2366,2331 2411,2328 2455,2327 2499,2324 2544,2322 2588,2320 2632,2317 2677,2315 2721,2312 2766,2308"/>
                <TextEquiv>
                    <Unicode>[Theater, wie die „B. B.=Ztg.“ mittheilt, dank</Unicode>
                </TextEquiv>
            </TextLine>
            <TextLine id="r1l83" custom="readingOrder {index:82;}">
                <Coords points="552,2356 1183,2359 1242,2386 1392,2361 1466,2389 1485,2337 552,2321"/>
                <Baseline points="560,2355 605,2355 651,2356 697,2356 743,2357 789,2358 834,2358 880,2359 926,2360 972,2361 1018,2362 1063,2362 1109,2363 1155,2364 1201,2365 1247,2366 1292,2366 1338,2367 1384,2368 1430,2369 1476,2369"/>
                <TextEquiv>
                    <Unicode>haupt der Familie, der Herr Professor der</Unicode>
                </TextEquiv>
            </TextLine>
            <TextLine id="r1l84" custom="readingOrder {index:83;}">
                <Coords points="1876,2402 2736,2361 2789,2342 2788,2307 1874,2359"/>
                <Baseline points="1885,2391 1929,2390 1974,2388 2019,2387 2064,2384 2108,2383 2153,2380 2198,2378 2243,2376 2287,2374 2332,2372 2377,2369 2422,2366 2466,2364 2511,2362 2556,2359 2601,2357 2645,2355 2690,2352 2735,2350 2780,2348"/>
                <TextEquiv>
                    <Unicode>dem rührigen Eifer guter Freunde und dank einer</Unicode>
                </TextEquiv>
            </TextLine>
            <TextLine id="r1l85" custom="readingOrder {index:84;}">
                <Coords points="549,2388 993,2415 1053,2392 1211,2413 1212,2362 550,2368"/>
                <Baseline points="558,2395 590,2395 622,2395 654,2395 686,2395 719,2395 751,2396 783,2396 815,2397 847,2397 880,2398 912,2398 944,2399 976,2400 1008,2400 1041,2401 1073,2402 1105,2402 1137,2403 1169,2404 1202,2404"/>
                <TextEquiv>
                    <Unicode>Nationalökonomie Adolf Losatti,</Unicode>
                </TextEquiv>
            </TextLine>
            <TextLine id="r1l86" custom="readingOrder {index:85;}">
                <Coords points="1207,2399 1216,2399 1228,2410 1235,2407 1239,2411 1248,2412 1250,2384 1230,2384 1229,2382 1221,2382 1218,2378 1209,2377"/>
                <Baseline points="1215,2406 1238,2408"/>
                <TextEquiv>
                    <Unicode></Unicode>
                </TextEquiv>
            </TextLine>
            <TextLine id="r1l87" custom="readingOrder {index:86;}">
                <Coords points="1243,2400 1274,2413 1330,2406 1343,2414 1358,2408 1370,2418 1434,2412 1448,2422 1460,2411 1480,2410 1480,2381 1462,2375 1449,2382 1439,2374 1429,2380 1419,2372 1386,2375 1360,2389 1340,2375 1306,2376 1290,2368 1280,2377 1244,2376"/>
                <Baseline points="1252,2405 1279,2405 1306,2406 1333,2407 1361,2408 1388,2409 1415,2410 1442,2410 1470,2409"/>
                <TextEquiv>
                    <Unicode>ein alter</Unicode>
                </TextEquiv>
            </TextLine>
            <TextLine id="r1l88" custom="readingOrder {index:87;}">
                <Coords points="1887,2438 2792,2387 2780,2342 1885,2400"/>
                <Baseline points="1896,2432 1940,2429 1984,2426 2028,2424 2073,2421 2117,2419 2161,2417 2206,2415 2250,2413 2294,2411 2339,2409 2383,2407 2427,2405 2471,2404 2516,2402 2560,2399 2604,2397 2649,2394 2693,2392 2737,2389 2782,2386"/>
                <TextEquiv>
                    <Unicode>vorzüglichen Darstellung dem Autor einen lauten</Unicode>
                </TextEquiv>
            </TextLine>
            <TextLine id="r1l89" custom="readingOrder {index:88;}">
                <Coords points="549,2448 1480,2449 1480,2409 549,2388"/>
                <Baseline points="558,2435 603,2436 649,2436 694,2436 740,2436 786,2436 831,2436 877,2437 922,2437 968,2437 1014,2438 1059,2438 1105,2439 1150,2440 1196,2440 1242,2441 1287,2443 1333,2444 1378,2445 1424,2447 1470,2449"/>
                <TextEquiv>
                    <Unicode>Poseur, der sich selbst und den Andern Komödie</Unicode>
                </TextEquiv>
            </TextLine>
            <TextLine id="r1l90" custom="readingOrder {index:89;}">
                <Coords points="1869,2468 2749,2438 2787,2427 2785,2385 1868,2445"/>
                <Baseline points="1879,2469 1926,2467 1973,2464 2020,2463 2068,2461 2115,2459 2162,2456 2210,2454 2257,2452 2304,2449 2352,2447 2399,2445 2446,2443 2494,2440 2541,2438 2588,2435 2636,2433 2683,2430 2730,2427 2778,2424"/>
                <TextEquiv>
                    <Unicode>1 Erfolg gebracht. Das Stück fängt gleich mit stark er¬</Unicode>
                </TextEquiv>
            </TextLine>
            <TextLine id="r1l91" custom="readingOrder {index:90;}">
                <Coords points="559,2463 1481,2500 1482,2444 560,2434"/>
                <Baseline points="569,2473 614,2474 659,2474 704,2474 749,2475 794,2476 839,2476 885,2477 930,2478 975,2479 1020,2480 1065,2481 1110,2482 1155,2482 1201,2483 1246,2484 1291,2485 1336,2485 1381,2486 1426,2486 1472,2487"/>
                <TextEquiv>
                    <Unicode>vorspielt, an dem jedes Wort und jedes Gefühl</Unicode>
                </TextEquiv>
            </TextLine>
            <TextLine id="r1l92" custom="readingOrder {index:91;}">
                <Coords points="1868,2514 2744,2478 2790,2465 2789,2431 2256,2450 2203,2477 1866,2469"/>
                <Baseline points="1876,2509 1921,2507 1966,2506 2011,2504 2057,2501 2102,2500 2147,2498 2192,2495 2238,2493 2283,2491 2328,2489 2373,2486 2419,2484 2464,2482 2509,2478 2554,2477 2600,2473 2645,2471 2690,2469 2735,2466 2781,2463"/>
                <TextEquiv>
                    <Unicode>regter Action an. Hugo Losatti, der Sohn eines</Unicode>
                </TextEquiv>
            </TextLine>
            <TextLine id="r1l93" custom="readingOrder {index:92;}">
                <Coords points="554,2513 1376,2540 1450,2532 1475,2496 554,2478"/>
                <Baseline points="563,2510 608,2512 653,2513 698,2514 743,2515 788,2516 833,2517 878,2517 923,2518 968,2518 1014,2519 1059,2519 1104,2520 1149,2521 1194,2521 1239,2522 1284,2523 1329,2525 1374,2526 1419,2528 1465,2530"/>
                <TextEquiv>
                    <Unicode>nnecht und dessen einzige wahre Empfindung der</Unicode>
                </TextEquiv>
            </TextLine>
            <TextLine id="r1l94" custom="readingOrder {index:93;}">
                <Coords points="1889,2548 2068,2569 2843,2511 2839,2454 1888,2517"/>
                <Baseline points="1899,2551 1945,2549 1992,2546 2039,2543 2085,2540 2132,2538 2179,2536 2225,2534 2272,2531 2319,2529 2366,2527 2412,2525 2459,2523 2506,2521 2552,2518 2599,2517 2646,2515 2692,2513 2739,2510 2786,2509 2833,2507"/>
                <TextEquiv>
                    <Unicode>diener Prolessors, verunglückt beim Reiten und wird 1.</Unicode>
                </TextEquiv>
            </TextLine>
            <TextLine id="r1l95" custom="readingOrder {index:94;}">
                <Coords points="552,2547 1473,2583 1475,2520 1350,2541 552,2519"/>
                <Baseline points="561,2548 606,2550 651,2551 696,2553 741,2554 787,2556 832,2557 877,2557 922,2558 967,2559 1013,2560 1058,2560 1103,2561 1148,2562 1193,2562 1239,2563 1284,2564 1329,2565 1374,2566 1419,2567 1465,2569"/>
                <TextEquiv>
                    <Unicode>Egoismus ist. Wie er für und wider Toni</Unicode>
                </TextEquiv>
            </TextLine>
            <TextLine id="r1l96" custom="readingOrder {index:95;}">
                <Coords points="1919,2606 2818,2574 2842,2569 2839,2515 2706,2544 1916,2564"/>
                <Baseline points="1928,2608 1973,2605 2018,2602 2063,2599 2108,2597 2154,2594 2199,2592 2244,2590 2289,2589 2334,2587 2380,2585 2425,2583 2470,2581 2515,2579 2560,2577 2606,2574 2651,2571 2696,2568 2741,2564 2786,2560 2832,2556"/>
                <TextEquiv>
                    <Unicode>mit zerschmetterten Gliedern in das Haus der ent¬</Unicode>
                </TextEquiv>
            </TextLine>
            <TextLine id="r1l97" custom="readingOrder {index:96;}">
                <Coords points="545,2590 1354,2602 1408,2625 1477,2623 1478,2583 546,2545"/>
                <Baseline points="553,2588 598,2589 644,2590 690,2591 736,2592 781,2593 827,2594 873,2595 919,2596 964,2597 1010,2598 1056,2599 1102,2599 1147,2600 1193,2601 1239,2602 1285,2603 1330,2603 1376,2604 1422,2605 1468,2606"/>
                <TextEquiv>
                    <Unicode>redet, wie er sie duldet, als „Vater“ liebt</Unicode>
                </TextEquiv>
            </TextLine>
            <TextLine id="r1l98" custom="readingOrder {index:97;}">
                <Coords points="1923,2666 2843,2601 2841,2568 2752,2567 1921,2621"/>
                <Baseline points="1931,2652 1976,2648 2021,2645 2066,2641 2111,2639 2156,2636 2201,2633 2247,2631 2292,2629 2337,2627 2382,2625 2427,2623 2472,2621 2517,2619 2563,2616 2608,2614 2653,2611 2698,2609 2743,2606 2788,2603 2834,2599"/>
                <TextEquiv>
                    <Unicode>setzten Aeltern gebracht. Vor dem Sterben gesteht</Unicode>
                </TextEquiv>
            </TextLine>
            <TextLine id="r1l99" custom="readingOrder {index:98;}">
                <Coords points="553,2641 1295,2639 1469,2670 1470,2613 1358,2604 554,2603"/>
                <Baseline points="563,2627 607,2628 652,2629 697,2631 742,2632 787,2634 832,2635 876,2636 921,2637 966,2638 1011,2639 1056,2640 1101,2640 1146,2641 1190,2642 1235,2642 1280,2643 1325,2643 1370,2643 1415,2644 1460,2644"/>
                <TextEquiv>
                    <Unicode>und bald darauf herzlos verstößt, wie er</Unicode>
                </TextEquiv>
            </TextLine>
            <TextLine id="r1l100" custom="readingOrder {index:99;}">
                <Coords points="1929,2698 2835,2650 2847,2602 1927,2660"/>
                <Baseline points="1938,2691 1983,2686 2028,2682 2073,2679 2118,2676 2163,2674 2208,2671 2253,2669 2298,2668 2343,2666 2388,2665 2433,2663 2478,2661 2523,2659 2568,2657 2613,2654 2658,2652 2703,2649 2748,2645 2793,2640 2839,2635"/>
                <TextEquiv>
                    <Unicode>ser, daß er eine Geliebte und ein Kind hat, und ver¬</Unicode>
                </TextEquiv>
            </TextLine>
            <TextLine id="r1l101" custom="readingOrder {index:100;}">
                <Coords points="545,2670 1474,2694 1399,2636 1351,2662 1297,2639 545,2643"/>
                <Baseline points="554,2665 599,2667 645,2668 690,2669 736,2670 781,2672 827,2673 872,2674 918,2675 963,2676 1009,2678 1054,2679 1100,2680 1145,2680 1191,2681 1236,2682 1282,2683 1327,2684 1373,2684 1418,2684 1464,2685"/>
                <TextEquiv>
                    <Unicode>den Tod des Sohnes und des Enkels auf¬</Unicode>
                </TextEquiv>
            </TextLine>
            <TextLine id="r1l102" custom="readingOrder {index:101;}">
                <Coords points="1934,2736 2662,2681 2757,2700 2851,2688 2849,2646 1932,2698"/>
                <Baseline points="1942,2726 1989,2723 2036,2720 2083,2718 2131,2715 2178,2713 2225,2711 2273,2709 2320,2707 2367,2705 2415,2702 2462,2700 2509,2698 2557,2695 2604,2692 2651,2690 2699,2686 2746,2683 2793,2679 2841,2675"/>
                <TextEquiv>
                    <Unicode>langt, als sein Vermächtniß, daß Beide in das Haus</Unicode>
                </TextEquiv>
            </TextLine>
            <TextLine id="r1l103" custom="readingOrder {index:102;}">
                <Coords points="550,2713 1392,2738 1487,2717 1488,2693 551,2689"/>
                <Baseline points="559,2705 607,2707 655,2708 704,2709 752,2710 800,2711 849,2712 897,2714 945,2715 994,2716 1042,2717 1091,2718 1139,2720 1187,2720 1236,2722 1284,2723 1332,2724 1381,2725 1429,2726 1478,2727"/>
                <TextEquiv>
                    <Unicode>nimmt — das bildet die interessantesten</Unicode>
                </TextEquiv>
            </TextLine>
            <TextLine id="r1l104" custom="readingOrder {index:103;}">
                <Coords points="1918,2786 2739,2736 2763,2713 2842,2729 2840,2682 1916,2744"/>
                <Baseline points="1927,2766 1972,2763 2017,2761 2062,2758 2108,2755 2153,2753 2198,2750 2244,2748 2289,2746 2334,2743 2380,2741 2425,2739 2470,2737 2515,2734 2561,2732 2606,2729 2651,2727 2697,2725 2742,2721 2787,2718 2833,2716"/>
                <TextEquiv>
                    <Unicode>der Aeltern ausgenommen werden. Der Vater, ein</Unicode>
                </TextEquiv>
            </TextLine>
            <TextLine id="r1l105" custom="readingOrder {index:104;}">
                <Coords points="548,2744 1475,2763 1403,2728 548,2712"/>
                <Baseline points="556,2748 601,2748 647,2749 692,2749 738,2750 783,2751 829,2751 874,2752 920,2753 965,2754 1011,2755 1056,2756 1102,2757 1147,2758 1193,2759 1238,2761 1284,2762 1329,2763 1375,2765 1420,2766 1466,2767"/>
                <TextEquiv>
                    <Unicode>Momente und den hauptsächlichsten Inhalt des</Unicode>
                </TextEquiv>
            </TextLine>
            <TextLine id="r1l106" custom="readingOrder {index:105;}">
                <Coords points="1919,2833 2242,2783 2847,2774 2848,2723 1916,2775"/>
                <Baseline points="1926,2806 1971,2803 2017,2800 2063,2797 2109,2795 2154,2792 2200,2789 2246,2788 2292,2785 2337,2783 2383,2781 2429,2779 2475,2776 2520,2774 2566,2772 2612,2769 2658,2767 2703,2764 2749,2762 2795,2758 2841,2755"/>
                <TextEquiv>
                    <Unicode>schwatzender alter Narr, will davon nichts wissen,</Unicode>
                </TextEquiv>
            </TextLine>
            <TextLine id="r1l107" custom="readingOrder {index:106;}">
                <Coords points="551,2784 1468,2814 1468,2772 1372,2761 552,2757"/>
                <Baseline points="561,2786 605,2787 650,2788 695,2788 740,2789 785,2790 830,2791 875,2792 920,2793 965,2794 1010,2795 1054,2796 1099,2798 1144,2798 1189,2800 1234,2800 1279,2801 1324,2802 1369,2802 1414,2803 1459,2803"/>
                <TextEquiv>
                    <Unicode>Stückes. Daraus erhellt wohl zur Genüge, in</Unicode>
                </TextEquiv>
            </TextLine>
            <TextLine id="r1l108" custom="readingOrder {index:107;}">
                <Coords points="1936,2849 2267,2840 2469,2801 2808,2810 2856,2789 2855,2760 1934,2813"/>
                <Baseline points="1944,2842 1989,2839 2034,2836 2079,2833 2124,2831 2169,2829 2214,2827 2260,2825 2305,2822 2350,2820 2395,2818 2440,2816 2485,2814 2530,2812 2576,2809 2621,2808 2666,2805 2711,2803 2756,2801 2801,2798 2847,2794"/>
                <TextEquiv>
                    <Unicode>aber die gutmüthige Mutter und die Schwester</Unicode>
                </TextEquiv>
            </TextLine>
            <TextLine id="r1l109" custom="readingOrder {index:108;}">
                <Coords points="543,2824 1403,2857 1481,2837 1482,2802 543,2789"/>
                <Baseline points="552,2824 598,2825 644,2825 690,2826 736,2827 782,2828 828,2829 874,2830 920,2831 966,2832 1012,2834 1058,2835 1104,2835 1150,2836 1196,2837 1242,2838 1288,2838 1334,2838 1380,2838 1426,2838 1472,2837"/>
                <TextEquiv>
                    <Unicode>welcher Art Schnitzler seinen in den Grundzügen</Unicode>
                </TextEquiv>
            </TextLine>
            <TextLine id="r1l110" custom="readingOrder {index:109;}">
                <Coords points="1939,2884 2839,2852 2852,2815 1937,2847"/>
                <Baseline points="1949,2882 1993,2879 2038,2877 2083,2875 2127,2872 2172,2870 2217,2867 2261,2864 2306,2862 2351,2860 2396,2857 2440,2855 2485,2853 2530,2850 2574,2848 2619,2845 2664,2843 2708,2840 2753,2837 2798,2835 2843,2831"/>
                <TextEquiv>
                    <Unicode>willigen ein, und mit dem Tode des Unglücklichen</Unicode>
                </TextEquiv>
            </TextLine>
            <TextLine id="r1l111" custom="readingOrder {index:110;}">
                <Coords points="553,2853 1423,2891 1474,2890 1475,2843 553,2833"/>
                <Baseline points="561,2862 606,2863 651,2864 696,2866 742,2867 787,2868 832,2869 877,2870 923,2872 968,2873 1013,2874 1058,2875 1104,2876 1149,2877 1194,2877 1239,2879 1285,2879 1330,2880 1375,2881 1420,2882 1466,2883"/>
                <TextEquiv>
                    <Unicode>so stark dramatischen Stoff behandelt. Darunter</Unicode>
                </TextEquiv>
            </TextLine>
            <TextLine id="r1l112" custom="readingOrder {index:111;}">
                <Coords points="1931,2924 2763,2894 2846,2882 2844,2849 1928,2888"/>
                <Baseline points="1939,2928 1983,2924 2028,2920 2073,2916 2118,2913 2163,2909 2208,2907 2253,2904 2298,2901 2343,2899 2388,2897 2432,2895 2477,2892 2522,2890 2567,2888 2612,2886 2657,2883 2702,2880 2747,2877 2792,2875 2837,2871"/>
                <TextEquiv>
                    <Unicode>zieht der unerwartete Familienzuwachs in das Haus</Unicode>
                </TextEquiv>
            </TextLine>
            <TextLine id="r1l113" custom="readingOrder {index:112;}">
                <Coords points="541,2906 1432,2934 1476,2924 1477,2890 542,2879"/>
                <Baseline points="551,2903 596,2904 642,2905 688,2906 734,2907 780,2908 825,2908 871,2909 917,2910 963,2911 1009,2911 1054,2912 1100,2913 1146,2914 1192,2915 1238,2916 1283,2917 1329,2918 1375,2919 1421,2920 1467,2922"/>
                <TextEquiv>
                    <Unicode>leidet auch die Glaubwürdigkeit der Handlung.</Unicode>
                </TextEquiv>
            </TextLine>
            <TextLine id="r1l114" custom="readingOrder {index:113;}">
                <Coords points="1940,2966 2818,2926 2852,2918 2850,2882 1938,2935"/>
                <Baseline points="1949,2960 1993,2957 2038,2955 2082,2952 2127,2950 2172,2947 2216,2945 2261,2943 2306,2940 2350,2938 2395,2936 2440,2933 2484,2931 2529,2929 2574,2926 2618,2924 2663,2921 2708,2919 2752,2916 2797,2913 2842,2910"/>
                <TextEquiv>
                    <Unicode>ein. — Im zweiten Act finden wir die Geliebte des</Unicode>
                </TextEquiv>
            </TextLine>
            <TextLine id="r1l115" custom="readingOrder {index:114;}">
                <Coords points="549,2938 1476,2973 1458,2920 550,2913"/>
                <Baseline points="559,2942 604,2943 649,2944 695,2945 740,2946 786,2947 831,2948 876,2949 922,2950 967,2951 1013,2952 1058,2952 1103,2953 1149,2954 1194,2955 1240,2956 1285,2957 1330,2958 1376,2959 1421,2960 1467,2961"/>
                <TextEquiv>
                    <Unicode>Die volle und skrupellose Hingabe der Familien¬</Unicode>
                </TextEquiv>
            </TextLine>
            <TextLine id="r1l116" custom="readingOrder {index:115;}">
                <Coords points="1946,2996 2835,2969 2862,2917 1945,2975"/>
                <Baseline points="1955,2998 2000,2995 2045,2993 2090,2990 2135,2988 2180,2986 2225,2984 2270,2981 2315,2979 2360,2977 2405,2974 2450,2972 2495,2971 2540,2968 2585,2966 2630,2963 2675,2960 2720,2957 2765,2954 2810,2951 2855,2948"/>
                <TextEquiv>
                    <Unicode>Sohnes, Toni Weber, und ihr Kind mitten in der</Unicode>
                </TextEquiv>
            </TextLine>
            <TextLine id="r1l117" custom="readingOrder {index:116;}">
                <Coords points="541,2985 1352,3020 1474,3003 1475,2970 651,2940 542,2962"/>
                <Baseline points="551,2983 596,2983 642,2984 688,2984 733,2985 779,2985 825,2986 870,2987 916,2987 962,2988 1008,2989 1053,2990 1099,2991 1145,2992 1190,2993 1236,2995 1282,2996 1327,2997 1373,2999 1419,3000 1465,3001"/>
                <TextEquiv>
                    <Unicode>mitglieder an Toni erscheint ebenso bedenklich wie</Unicode>
                </TextEquiv>
            </TextLine>
            <TextLine id="r1l118" custom="readingOrder {index:117;}">
                <Coords points="1949,3041 2639,3017 2812,3001 2866,2958 1946,2996"/>
                <Baseline points="1957,3040 2002,3037 2047,3033 2092,3031 2137,3028 2182,3025 2227,3023 2272,3021 2317,3019 2362,3017 2407,3015 2452,3013 2497,3011 2542,3008 2587,3005 2632,3003 2677,3000 2722,2997 2767,2993 2812,2989 2858,2985"/>
                <TextEquiv>
                    <Unicode>Professorensamilie wieder. Man behandelt sie freund¬</Unicode>
                </TextEquiv>
            </TextLine>
            <TextLine id="r1l119" custom="readingOrder {index:118;}">
                <Coords points="543,3016 1460,3037 1460,3006 1384,2997 1349,3020 544,2987"/>
                <Baseline points="553,3020 597,3021 642,3022 687,3023 732,3024 777,3025 822,3026 867,3028 912,3029 957,3029 1002,3030 1046,3031 1091,3032 1136,3033 1181,3034 1226,3035 1271,3036 1316,3036 1361,3037 1406,3037 1451,3038"/>
                <TextEquiv>
                    <Unicode>der rasche und brutale Umschlag in den Em¬</Unicode>
                </TextEquiv>
            </TextLine>
            <TextLine id="r1l120" custom="readingOrder {index:119;}">
                <Coords points="1946,3084 2854,3039 2852,2990 1944,3044"/>
                <Baseline points="1955,3077 1999,3074 2044,3073 2088,3070 2133,3068 2177,3066 2222,3063 2266,3061 2311,3059 2355,3056 2400,3054 2444,3051 2489,3049 2533,3046 2578,3044 2622,3041 2667,3039 2711,3036 2756,3034 2800,3032 2845,3030"/>
                <TextEquiv>
                    <Unicode>lich und schonend, aber die ganze Liebe wendet sich</Unicode>
                </TextEquiv>
            </TextLine>
            <TextLine id="r1l121" custom="readingOrder {index:120;}">
                <Coords points="539,3065 1473,3088 1474,3031 539,3032"/>
                <Baseline points="548,3059 593,3061 639,3062 685,3063 731,3064 777,3065 823,3066 868,3066 914,3068 960,3069 1006,3070 1052,3070 1098,3071 1144,3072 1189,3072 1235,3073 1281,3073 1327,3074 1373,3074 1419,3074 1465,3074"/>
                <TextEquiv>
                    <Unicode>pfindungen der Personen und die schleunige, lieb¬</Unicode>
                </TextEquiv>
            </TextLine>
            <TextLine id="r1l122" custom="readingOrder {index:121;}">
                <Coords points="1950,3121 2860,3070 2858,3037 2809,3035 1948,3084"/>
                <Baseline points="1959,3115 2003,3113 2048,3111 2092,3109 2137,3107 2182,3105 2226,3103 2271,3100 2315,3098 2360,3095 2405,3093 2449,3091 2494,3088 2538,3085 2583,3083 2628,3080 2672,3077 2717,3075 2761,3071 2806,3068 2851,3065"/>
                <TextEquiv>
                    <Unicode>doch ihrem Kinde zu, dem herzigen Bubi. Das Bubi</Unicode>
                </TextEquiv>
            </TextLine>
            <TextLine id="r1l123" custom="readingOrder {index:122;}">
                <Coords points="543,3103 1465,3114 1435,3075 543,3070"/>
                <Baseline points="552,3097 597,3098 642,3100 687,3101 732,3102 777,3103 822,3104 868,3106 913,3107 958,3108 1003,3108 1048,3109 1093,3110 1138,3111 1184,3112 1229,3112 1274,3113 1319,3113 1364,3114 1409,3114 1455,3115"/>
                <TextEquiv>
                    <Unicode>lose Verabschiedung des Mädchens, das sich</Unicode>
                </TextEquiv>
            </TextLine>
            <TextLine id="r1l124" custom="readingOrder {index:123;}">
                <Coords points="1949,3162 2868,3109 2866,3075 2666,3076 1948,3135"/>
                <Baseline points="1958,3153 2003,3151 2048,3148 2093,3146 2138,3144 2183,3142 2228,3140 2273,3138 2318,3136 2363,3134 2408,3132 2453,3129 2498,3127 2543,3125 2588,3122 2633,3120 2678,3117 2723,3114 2768,3111 2813,3107 2859,3104"/>
                <TextEquiv>
                    <Unicode>wird als die eigentliche Hinterlassenschaft des Todten</Unicode>
                </TextEquiv>
            </TextLine>
            <TextLine id="r1l125" custom="readingOrder {index:124;}">
                <Coords points="540,3132 1475,3160 1468,3112 541,3108"/>
                <Baseline points="550,3135 595,3137 641,3139 687,3140 733,3142 779,3143 824,3144 870,3145 916,3146 962,3147 1008,3148 1053,3148 1099,3149 1145,3150 1191,3151 1237,3151 1282,3152 1328,3152 1374,3152 1420,3153 1466,3153"/>
                <TextEquiv>
                    <Unicode>eben erst durch seinen längeren Aufenthalt</Unicode>
                </TextEquiv>
            </TextLine>
            <TextLine id="r1l126" custom="readingOrder {index:125;}">
                <Coords points="1947,3213 2837,3159 2867,3148 2865,3108 1944,3161"/>
                <Baseline points="1955,3192 2000,3190 2045,3187 2090,3185 2135,3183 2180,3181 2225,3179 2271,3177 2316,3174 2361,3172 2406,3170 2451,3168 2496,3166 2541,3163 2587,3161 2632,3158 2677,3156 2722,3153 2767,3150 2812,3148 2858,3145"/>
                <TextEquiv>
                    <Unicode>angesehen und die Mutter darf so mit nebenbei ihren</Unicode>
                </TextEquiv>
            </TextLine>
            <TextLine id="r1l127" custom="readingOrder {index:126;}">
                <Coords points="549,3179 1043,3206 1100,3176 1240,3210 1275,3176 1440,3200 1468,3158 550,3135"/>
                <Baseline points="559,3173 604,3175 649,3177 694,3179 739,3182 784,3183 829,3184 874,3186 919,3187 964,3188 1009,3189 1054,3189 1099,3190 1144,3190 1189,3191 1234,3191 1279,3192 1324,3192 1369,3193 1414,3194 1459,3194"/>
                <TextEquiv>
                    <Unicode>im Hause als gut und würdig erwiesen.</Unicode>
                </TextEquiv>
            </TextLine>
            <TextLine id="r1l128" custom="readingOrder {index:127;}">
                <Coords points="1959,3237 2863,3181 2861,3157 2808,3151 1957,3199"/>
                <Baseline points="1968,3228 2012,3227 2056,3225 2100,3224 2145,3222 2189,3220 2233,3218 2277,3216 2322,3214 2366,3211 2410,3209 2454,3207 2499,3204 2543,3201 2587,3198 2631,3196 2676,3194 2720,3191 2764,3188 2808,3186 2853,3183"/>
                <TextEquiv>
                    <Unicode>Theil an dem „Vermächtniß“ haben. So wäre</Unicode>
                </TextEquiv>
            </TextLine>
            <TextLine id="r1l129" custom="readingOrder {index:128;}">
                <Coords points="550,3232 1241,3224 1366,3247 1457,3239 1458,3196 551,3174"/>
                <Baseline points="559,3216 603,3217 648,3218 692,3218 737,3220 781,3220 826,3222 870,3223 915,3224 959,3225 1004,3227 1048,3228 1093,3229 1137,3230 1182,3230 1226,3231 1271,3231 1315,3231 1360,3230 1404,3230 1449,3228"/>
                <TextEquiv>
                    <Unicode>Betrachtei man aber das Schauspiel Schnitzlers</Unicode>
                </TextEquiv>
            </TextLine>
            <TextLine id="r1l130" custom="readingOrder {index:129;}">
                <Coords points="1965,3281 2874,3240 2871,3190 2829,3189 1963,3236"/>
                <Baseline points="1973,3264 2017,3264 2062,3263 2106,3262 2151,3261 2195,3259 2240,3258 2284,3255 2329,3252 2373,3250 2418,3248 2463,3245 2507,3242 2552,3240 2596,3237 2641,3235 2685,3232 2730,3230 2774,3228 2819,3226 2864,3224"/>
                <TextEquiv>
                    <Unicode>Alles schön und freundlich, wenn der Dichter nicht</Unicode>
                </TextEquiv>
            </TextLine>
            <TextLine id="r1l131" custom="readingOrder {index:130;}">
                <Coords points="545,3240 644,3276 1456,3265 1427,3234 545,3216"/>
                <Baseline points="553,3254 597,3256 642,3257 687,3259 731,3260 776,3261 821,3263 865,3263 910,3264 955,3266 1000,3266 1044,3267 1089,3268 1134,3268 1178,3269 1223,3269 1268,3269 1312,3269 1357,3269 1402,3269 1447,3268"/>
                <TextEquiv>
                    <Unicode>auf seinen Werth als dramatisches Stimmungs¬</Unicode>
                </TextEquiv>
            </TextLine>
            <TextLine id="r1l132" custom="readingOrder {index:131;}">
                <Coords points="1621,3282 1650,3274 1721,3295 1741,3278 1845,3277 1951,3298 1949,3240 1922,3244 1894,3225 1805,3240 1747,3227 1691,3246 1665,3234 1649,3247 1620,3241"/>
                <Baseline points="1629,3278 1655,3278 1681,3278 1707,3277 1733,3277 1759,3276 1785,3275 1811,3274 1837,3274 1863,3273 1889,3273 1915,3272 1941,3272"/>
                <TextEquiv>
                    <Unicode>Für 50 Zeitung</Unicode>
                </TextEquiv>
            </TextLine>
            <TextLine id="r1l133" custom="readingOrder {index:132;}">
                <Coords points="1960,3314 3034,3255 3032,3222 2966,3209 2856,3244 1959,3283"/>
                <Baseline points="1969,3309 2021,3307 2074,3304 2127,3301 2180,3299 2233,3296 2285,3294 2338,3292 2391,3290 2444,3287 2497,3285 2549,3282 2602,3279 2655,3276 2708,3273 2761,3270 2813,3266 2866,3262 2919,3259 2972,3254 3025,3250"/>
                <TextEquiv>
                    <Unicode>auf einen tragischen Couflict hinarbeitete. Für diesen inclusive</Unicode>
                </TextEquiv>
            </TextLine>
            <TextLine id="r1l134" custom="readingOrder {index:133;}">
                <Coords points="2874,3284 2936,3292 2943,3286 2980,3290 2987,3283 2996,3288 3012,3284 3011,3258 2989,3263 2967,3262 2958,3257 2926,3262 2902,3259 2873,3265"/>
                <Baseline points="2883,3289 2913,3285 2943,3283 2973,3282 3003,3285"/>
                <TextEquiv>
                    <Unicode>Porto.</Unicode>
                </TextEquiv>
            </TextLine>
            <TextLine id="r1l135" custom="readingOrder {index:134;}">
                <Coords points="543,3290 1313,3336 1374,3308 1451,3331 1469,3274 543,3266"/>
                <Baseline points="551,3295 596,3295 641,3296 687,3297 732,3298 778,3299 823,3300 868,3301 914,3302 959,3303 1005,3304 1050,3305 1095,3306 1141,3307 1186,3308 1232,3308 1277,3309 1322,3309 1368,3309 1413,3309 1459,3308"/>
                <TextEquiv>
                    <Unicode>bild, auf Gehalt an warmer Empfindung und</Unicode>
                </TextEquiv>
            </TextLine>
            <TextLine id="r1l136" custom="readingOrder {index:135;}">
                <Coords points="1956,3347 2954,3323 3023,3283 1954,3307"/>
                <Baseline points="1965,3353 2017,3350 2070,3347 2122,3344 2175,3341 2227,3337 2280,3334 2332,3330 2385,3327 2437,3324 2490,3322 2543,3319 2595,3316 2648,3314 2700,3312 2753,3310 2805,3309 2858,3309 2910,3308 2963,3309 3016,3310"/>
                <TextEquiv>
                    <Unicode>Zweck aber giebt es nur ein Mittel: das Bubi muß Zahlbar</Unicode>
                </TextEquiv>
            </TextLine>
            <TextLine id="r1l137" custom="readingOrder {index:136;}">
                <Coords points="539,3342 1461,3365 1462,3318 1375,3307 540,3299"/>
                <Baseline points="549,3336 594,3335 639,3335 684,3336 729,3336 774,3337 819,3338 865,3339 910,3340 955,3342 1000,3343 1045,3344 1090,3346 1135,3347 1181,3348 1226,3349 1271,3349 1316,3350 1361,3350 1406,3350 1452,3349"/>
                <TextEquiv>
                    <Unicode>schönen Worten, dann wird man den gestern</Unicode>
                </TextEquiv>
            </TextLine>
            <TextLine id="r1l138" custom="readingOrder {index:137;}">
                <Coords points="1706,3341 1717,3340 1741,3361 1789,3359 1806,3350 1817,3352 1816,3324 1807,3325 1796,3318 1778,3323 1761,3320 1730,3323 1727,3320 1721,3324 1714,3318 1705,3319"/>
                <Baseline points="1716,3358 1746,3356 1777,3354 1808,3354"/>
                <TextEquiv>
                    <Unicode>200</Unicode>
                </TextEquiv>
            </TextLine>
            <TextLine id="r1l139" custom="readingOrder {index:138;}">
                <Coords points="1966,3390 3049,3346 3047,3310 2821,3308 1964,3352"/>
                <Baseline points="1975,3388 2028,3386 2081,3383 2134,3381 2188,3378 2241,3375 2294,3372 2347,3369 2401,3366 2454,3363 2507,3360 2560,3357 2614,3354 2667,3351 2720,3349 2773,3347 2827,3345 2880,3343 2933,3342 2986,3341 3040,3340"/>
                <TextEquiv>
                    <Unicode>weg. Und richtig, mitten im zweiten Act wird das im Voraus</Unicode>
                </TextEquiv>
            </TextLine>
            <TextLine id="r1l140" custom="readingOrder {index:139;}">
                <Coords points="534,3367 1465,3394 1465,3352 534,3346"/>
                <Baseline points="542,3376 587,3375 633,3374 679,3374 724,3374 770,3375 816,3376 861,3377 907,3379 953,3380 999,3382 1044,3383 1090,3385 1136,3386 1181,3387 1227,3388 1273,3389 1318,3389 1364,3389 1410,3388 1456,3387"/>
                <TextEquiv>
                    <Unicode>gespendeten Beis#l einigermaßen begreiflich finden.</Unicode>
                </TextEquiv>
            </TextLine>
            <TextLine id="r1l141" custom="readingOrder {index:140;}">
                <Coords points="1714,3390 1728,3389 1740,3400 1761,3401 1778,3395 1796,3398 1805,3390 1814,3391 1819,3397 1829,3396 1827,3351 1816,3349 1778,3362 1752,3359 1713,3372"/>
                <Baseline points="1723,3395 1755,3393 1787,3392 1819,3391"/>
                <TextEquiv>
                    <Unicode>500</Unicode>
                </TextEquiv>
            </TextLine>
            <TextLine id="r1l142" custom="readingOrder {index:141;}">
                <Coords points="1965,3429 2875,3382 2853,3345 2573,3380 2541,3358 1963,3391"/>
                <Baseline points="1973,3425 2017,3423 2062,3421 2106,3419 2151,3417 2196,3415 2240,3413 2285,3411 2329,3410 2374,3407 2419,3405 2463,3404 2508,3401 2552,3399 2597,3397 2642,3395 2686,3392 2731,3389 2775,3387 2820,3384 2865,3380"/>
                <TextEquiv>
                    <Unicode>Kind urplötzlich krank, ohne daß uns ein Mensch</Unicode>
                </TextEquiv>
            </TextLine>
            <TextLine id="r1l143" custom="readingOrder {index:142;}">
                <Coords points="548,3417 1459,3443 1460,3395 549,3383"/>
                <Baseline points="557,3412 601,3413 646,3413 690,3414 735,3415 780,3416 824,3417 869,3418 914,3419 958,3420 1003,3421 1048,3422 1092,3424 1137,3424 1182,3425 1226,3427 1271,3427 1316,3428 1360,3429 1405,3429 1450,3430"/>
                <TextEquiv>
                    <Unicode>Mit vornehm abgetönter Reaustik schildert der</Unicode>
                </TextEquiv>
            </TextLine>
            <TextLine id="r1l144" custom="readingOrder {index:143;}">
                <Coords points="1664,3450 1694,3446 1708,3451 1727,3442 1754,3457 1785,3438 1827,3441 1824,3399 1805,3406 1793,3396 1777,3401 1735,3396 1717,3407 1706,3406 1685,3422 1678,3415 1661,3418"/>
                <Baseline points="1673,3441 1701,3438 1730,3435 1759,3433 1788,3432 1817,3431"/>
                <TextEquiv>
                    <Unicode>" 1000</Unicode>
                </TextEquiv>
            </TextLine>
            <TextLine id="r1l145" custom="readingOrder {index:144;}">
                <Coords points="1760,3479 2949,3442 3043,3430 3041,3383 1758,3446"/>
                <Baseline points="1768,3480 1831,3476 1894,3472 1957,3468 2021,3465 2084,3461 2147,3457 2211,3453 2274,3449 2337,3446 2401,3442 2464,3439 2527,3436 2590,3434 2654,3431 2717,3429 2780,3427 2844,3426 2907,3425 2970,3425 3034,3425"/>
                <TextEquiv>
                    <Unicode>Im Gegen gesagt hätte, warum und wieso, und weuige Minuten je ist da</Unicode>
                </TextEquiv>
            </TextLine>
            <TextLine id="r1l146" custom="readingOrder {index:145;}">
                <Coords points="538,3437 1470,3496 1471,3438 1382,3425 538,3419"/>
                <Baseline points="547,3450 592,3451 638,3452 684,3453 729,3454 775,3455 821,3456 866,3458 912,3459 958,3460 1004,3461 1049,3462 1095,3463 1141,3464 1186,3465 1232,3466 1278,3467 1323,3467 1369,3468 1415,3468 1461,3469"/>
                <TextEquiv>
                    <Unicode>Autor Menschen und Dinge gerade in den kleinsten</Unicode>
                </TextEquiv>
            </TextLine>
            <TextLine id="r1l147" custom="readingOrder {index:146;}">
                <Coords points="1979,3516 3091,3479 3100,3435 1977,3478"/>
                <Baseline points="1987,3506 2042,3503 2097,3500 2152,3496 2208,3493 2263,3490 2318,3487 2373,3484 2429,3481 2484,3479 2539,3475 2594,3473 2650,3471 2705,3469 2760,3467 2815,3465 2871,3464 2926,3463 2981,3462 3036,3461 3092,3461"/>
                <TextEquiv>
                    <Unicode>später läßt der Autor das arme Wesen hinter der ght es den</Unicode>
                </TextEquiv>
            </TextLine>
            <TextLine id="r1l148" custom="readingOrder {index:147;}">
                <Coords points="541,3484 858,3492 902,3519 1463,3509 1429,3473 542,3472"/>
                <Baseline points="551,3490 596,3491 641,3492 686,3493 731,3495 776,3496 821,3497 867,3498 912,3499 957,3501 1002,3502 1047,3503 1092,3504 1137,3505 1183,3506 1228,3507 1273,3508 1318,3509 1363,3510 1408,3510 1454,3511"/>
                <TextEquiv>
                    <Unicode>und intimsten Zügen ungemein scharf und</Unicode>
                </TextEquiv>
            </TextLine>
            <TextLine id="r1l149" custom="readingOrder {index:148;}">
                <Coords points="2318,3525 2619,3524 2671,3502 2879,3524 2978,3514 2977,3479 2815,3466 2776,3484 2688,3471 2317,3496"/>
                <Baseline points="2327,3525 2359,3523 2391,3522 2423,3521 2455,3519 2487,3517 2519,3515 2552,3514 2584,3512 2616,3511 2648,3510 2680,3509 2712,3507 2744,3506 2777,3505 2809,3505 2841,3505 2873,3505 2905,3505 2937,3506 2970,3507"/>
                <TextEquiv>
                    <Unicode>Im dritten Act ist dann, wie fern.</Unicode>
                </TextEquiv>
            </TextLine>
            <TextLine id="r1l150" custom="readingOrder {index:149;}">
                <Coords points="1642,3524 1759,3537 1787,3524 1868,3525 1894,3512 1933,3522 1978,3514 1977,3485 1935,3480 1902,3490 1886,3478 1832,3492 1682,3487 1641,3505"/>
                <Baseline points="1651,3523 1677,3522 1704,3521 1730,3520 1757,3519 1783,3518 1810,3517 1836,3515 1863,3515 1889,3513 1916,3511 1942,3511 1969,3509"/>
                <TextEquiv>
                    <Unicode>Abonnement dure</Unicode>
                </TextEquiv>
            </TextLine>
            <TextLine id="r1l151" custom="readingOrder {index:150;}">
                <Coords points="1974,3542 2035,3553 2096,3537 2112,3546 2165,3537 2222,3544 2264,3525 2283,3535 2322,3520 2321,3497 2249,3511 2232,3498 2174,3495 2140,3508 2126,3499 1973,3516"/>
                <Baseline points="1983,3541 2008,3540 2033,3540 2059,3538 2084,3537 2109,3536 2135,3535 2160,3533 2186,3532 2211,3530 2236,3530 2262,3527 2287,3526 2313,3524"/>
                <TextEquiv>
                    <Unicode>Scene sterben. —</Unicode>
                </TextEquiv>
            </TextLine>
            <TextLine id="r1l152" custom="readingOrder {index:151;}">
                <Coords points="534,3522 594,3541 767,3530 798,3550 889,3523 958,3551 1022,3536 1163,3557 1243,3555 1276,3541 1277,3510 775,3512 535,3486"/>
                <Baseline points="544,3529 580,3530 616,3531 652,3532 688,3533 724,3534 760,3534 797,3535 833,3535 869,3536 905,3537 941,3537 977,3537 1013,3538 1050,3539 1086,3539 1122,3540 1158,3541 1194,3541 1230,3542 1267,3544"/>
                <TextEquiv>
                    <Unicode>lebensvoll, und einige Charaktere,</Unicode>
                </TextEquiv>
            </TextLine>
            <TextLine id="r1l153" custom="readingOrder {index:152;}">
                <Coords points="1649,3563 1693,3570 1714,3585 1751,3567 1770,3576 1809,3563 1846,3576 1882,3574 1898,3561 1958,3556 1956,3516 1896,3519 1882,3534 1861,3521 1760,3535 1723,3526 1647,3532"/>
                <Baseline points="1657,3563 1683,3562 1709,3560 1736,3558 1762,3558 1789,3556 1815,3554 1842,3553 1868,3551 1895,3551 1921,3549 1948,3548"/>
                <TextEquiv>
                    <Unicode>Abonnenten frei</Unicode>
                </TextEquiv>
            </TextLine>
            <TextLine id="r1l154" custom="readingOrder {index:153;}">
                <Coords points="1979,3601 2887,3550 2893,3520 2684,3501 1976,3538"/>
                <Baseline points="1987,3581 2031,3579 2076,3577 2121,3575 2166,3572 2211,3570 2256,3567 2301,3566 2346,3563 2391,3561 2436,3559 2480,3556 2525,3554 2570,3552 2615,3550 2660,3548 2705,3546 2750,3545 2795,3543 2840,3542 2885,3541"/>
                <TextEquiv>
                    <Unicode>vorauszusehen war, die Familie der ganz Verwaisten;</Unicode>
                </TextEquiv>
            </TextLine>
            <TextLine id="r1l155" custom="readingOrder {index:154;}">
                <Coords points="542,3581 1422,3597 1463,3545 543,3529"/>
                <Baseline points="552,3573 597,3572 642,3572 687,3572 732,3573 777,3573 822,3574 867,3575 912,3576 957,3577 1003,3578 1048,3580 1093,3581 1138,3582 1183,3582 1228,3583 1273,3583 1318,3584 1363,3583 1408,3583 1454,3582"/>
                <TextEquiv>
                    <Unicode>sonders der alte Herr Professor, sind in ihrer</Unicode>
                </TextEquiv>
            </TextLine>
            <TextLine id="r1l156" custom="readingOrder {index:155;}">
                <Coords points="1985,3627 2852,3593 2897,3549 1983,3589"/>
                <Baseline points="1993,3622 2037,3620 2082,3617 2127,3614 2172,3612 2217,3610 2261,3607 2306,3604 2351,3601 2396,3599 2441,3596 2485,3594 2530,3592 2575,3590 2620,3588 2665,3586 2709,3585 2754,3584 2799,3583 2844,3583 2889,3583"/>
                <TextEquiv>
                    <Unicode>gegenüber herzlich kühl und ##ist ihr unter einem !</Unicode>
                </TextEquiv>
            </TextLine>
            <TextLine id="r1l157" custom="readingOrder {index:156;}">
                <Coords points="532,3615 1463,3638 1448,3583 533,3584"/>
                <Baseline points="542,3609 587,3609 633,3610 678,3611 724,3611 770,3612 815,3613 861,3614 907,3615 952,3616 998,3617 1044,3618 1089,3619 1135,3620 1181,3621 1226,3622 1272,3622 1318,3623 1363,3623 1409,3624 1455,3624"/>
                <TextEquiv>
                    <Unicode>breiten, prächtig nügneirten Ausgestaltung wahre</Unicode>
                </TextEquiv>
            </TextLine>
            <TextLine id="r1l158" custom="readingOrder {index:157;}">
                <Coords points="1983,3661 2384,3634 2489,3662 2778,3619 2882,3644 2893,3574 1981,3626"/>
                <Baseline points="1992,3661 2036,3658 2081,3655 2126,3652 2170,3649 2215,3647 2260,3644 2304,3641 2349,3639 2394,3637 2439,3635 2483,3633 2528,3631 2573,3629 2617,3628 2662,3626 2707,3624 2751,3623 2796,3621 2841,3619 2886,3618"/>
                <TextEquiv>
                    <Unicode>Schwall salbungsvoller Worte die Thür. Die arme</Unicode>
                </TextEquiv>
            </TextLine>
            <TextLine id="r1l159" custom="readingOrder {index:158;}">
                <Coords points="540,3648 1461,3675 1462,3640 540,3617"/>
                <Baseline points="549,3646 594,3647 639,3648 684,3649 729,3650 775,3651 820,3652 865,3652 910,3653 955,3654 1001,3655 1046,3655 1091,3656 1136,3657 1181,3658 1227,3659 1272,3661 1317,3662 1362,3664 1407,3665 1453,3667"/>
                <TextEquiv>
                    <Unicode>Meisterwerke dramatischer Charakteristik. Die</Unicode>
                </TextEquiv>
            </TextLine>
            <TextLine id="r1l160" custom="readingOrder {index:159;}">
                <Coords points="1967,3702 2082,3719 2148,3692 2211,3713 2252,3685 2471,3698 2468,3642 2397,3638 2100,3669 1996,3661 1966,3681"/>
                <Baseline points="1975,3699 2000,3697 2026,3697 2051,3695 2077,3694 2102,3693 2128,3692 2154,3691 2179,3690 2205,3689 2230,3688 2256,3687 2281,3685 2307,3684 2333,3683 2358,3681 2384,3680 2409,3678 2435,3676 2461,3674"/>
                <TextEquiv>
                    <Unicode>Toni=aber geht ins Wasser.</Unicode>
                </TextEquiv>
            </TextLine>
            <TextLine id="r1l161" custom="readingOrder {index:160;}">
                <Coords points="530,3692 1456,3712 1456,3674 1367,3662 531,3660"/>
                <Baseline points="539,3685 584,3685 629,3687 675,3687 720,3689 765,3690 811,3691 856,3692 901,3693 947,3693 992,3694 1037,3695 1083,3695 1128,3696 1173,3696 1219,3697 1264,3697 1309,3697 1355,3696 1400,3696 1446,3695"/>
                <TextEquiv>
                    <Unicode>Sprache ist schlicht und natürlich, wird aber nie¬</Unicode>
                </TextEquiv>
            </TextLine>
            <TextLine id="r1l162" custom="readingOrder {index:161;}">
                <Coords points="538,3719 1225,3751 1284,3730 1460,3767 1461,3712 1394,3705 539,3694"/>
                <Baseline points="547,3725 592,3725 637,3726 682,3727 727,3728 773,3729 818,3730 863,3731 908,3732 953,3733 999,3735 1044,3736 1089,3737 1134,3738 1179,3739 1225,3740 1270,3741 1315,3741 1360,3742 1405,3742 1451,3742"/>
                <TextEquiv>
                    <Unicode>mals absichtlich trivial und hält sich von der</Unicode>
                </TextEquiv>
            </TextLine>
            <TextLine id="r1l163" custom="readingOrder {index:162;}">
                <Coords points="532,3748 579,3772 1350,3801 1447,3763 533,3722"/>
                <Baseline points="541,3760 585,3763 630,3764 675,3765 720,3767 765,3768 809,3769 854,3770 899,3771 944,3772 989,3772 1033,3773 1078,3774 1123,3775 1168,3775 1213,3776 1257,3777 1302,3778 1347,3779 1392,3780 1437,3782"/>
                <TextEquiv>
                    <Unicode>brutalen Effekthascherei des modernen Naturalis¬</Unicode>
                </TextEquiv>
            </TextLine>
            <TextLine id="r1l164" custom="readingOrder {index:163;}">
                <Coords points="539,3798 1456,3816 1392,3782 540,3773"/>
                <Baseline points="549,3801 593,3803 638,3804 683,3806 728,3807 773,3808 818,3809 863,3811 908,3811 953,3812 998,3813 1042,3813 1087,3814 1132,3814 1177,3815 1222,3815 1267,3816 1312,3816 1357,3817 1402,3817 1447,3818"/>
                <TextEquiv>
                    <Unicode>mus völlig fern. Wer im Theater nur echte</Unicode>
                </TextEquiv>
            </TextLine>
            <TextLine id="r1l165" custom="readingOrder {index:164;}">
                <Coords points="533,3842 1367,3872 1446,3857 1447,3817 533,3811"/>
                <Baseline points="542,3838 586,3840 631,3842 676,3843 721,3844 765,3845 810,3846 855,3846 900,3847 944,3848 989,3848 1034,3849 1079,3849 1123,3850 1168,3851 1213,3851 1258,3852 1302,3854 1347,3855 1392,3856 1437,3858"/>
                <TextEquiv>
                    <Unicode>Stimmung und treffliche Reden sucht und empfind¬</Unicode>
                </TextEquiv>
            </TextLine>
            <TextLine id="r1l166" custom="readingOrder {index:165;}">
                <Coords points="528,3882 1461,3915 1461,3878 1409,3862 529,3851"/>
                <Baseline points="538,3879 583,3880 629,3881 675,3882 720,3883 766,3884 812,3885 857,3886 903,3887 949,3888 995,3889 1040,3890 1086,3891 1132,3892 1177,3893 1223,3894 1269,3895 1314,3895 1360,3896 1406,3897 1452,3898"/>
                <TextEquiv>
                    <Unicode>same Frauen, die gern weinen — der wird in</Unicode>
                </TextEquiv>
            </TextLine>
            <TextLine id="r1l167" custom="readingOrder {index:166;}">
                <Coords points="531,3926 1423,3947 1457,3902 532,3879"/>
                <Baseline points="539,3917 584,3917 629,3918 675,3919 720,3920 766,3921 811,3922 856,3923 902,3924 947,3925 993,3927 1038,3928 1083,3929 1129,3930 1174,3931 1220,3932 1265,3932 1310,3933 1356,3933 1401,3934 1447,3934"/>
                <TextEquiv>
                    <Unicode>dem „Vermächtniß" Schnitzlers mit seiner tiefen</Unicode>
                </TextEquiv>
            </TextLine>
            <TextLine id="r1l168" custom="readingOrder {index:167;}">
                <Coords points="537,3963 1466,3985 1466,3950 1329,3934 537,3923"/>
                <Baseline points="546,3953 591,3956 637,3958 682,3960 728,3962 773,3964 819,3966 864,3966 910,3967 955,3968 1001,3969 1046,3969 1092,3970 1137,3970 1183,3971 1228,3971 1274,3972 1319,3973 1365,3974 1410,3976 1456,3978"/>
                <TextEquiv>
                    <Unicode>Sentimentalität und seinem warmen Empfinden</Unicode>
                </TextEquiv>
            </TextLine>
            <TextLine id="r1l169" custom="readingOrder {index:168;}">
                <Coords points="529,4019 1312,4042 1313,3987 1244,3969 530,3962"/>
                <Baseline points="538,3999 576,4000 614,4001 652,4002 691,4003 729,4003 767,4004 805,4005 844,4005 882,4006 920,4006 958,4007 997,4008 1035,4008 1073,4009 1111,4010 1150,4010 1188,4011 1226,4012 1264,4013 1303,4014"/>
                <TextEquiv>
                    <Unicode>ein wahrhaft erhebendes Drama erblicken.</Unicode>
                </TextEquiv>
            </TextLine>
            <TextEquiv>
                <Unicode>eeen ee Tere fenden ernntlngt. 
Jahre hat der junge Dr. jur. Losatti hinter dem
Rücken seiner höchst ehrenwerthen Familie ein
inniges Familienleben mit seinem Fräulein Frau
und dem Bübchen geführt. Da verunglückt er¬
eines Tages mit dem Pferde und wird sterbend
ins Haus seiner Eltern gebracht. Von Todesahnen
ergriffen, gesteht er alles, dringt darauf, daß man
die Geliebte und ihr Kindlein hole, und nimmt den
Eltern das Versprechen ab. Mutter und Sohn
dauernd in ihr Haus nehmen und für sie sorgen 7.50)
Für 50
Inclusive
100
zue wollent, afs gehöre sir zur Zumitie. Man er¬
Porto.
200 füllt den Wunsch des Sterbenden, und im nächsten 25.—
Zahlbar
500 Alt sehen wir die arme onk und ihr von allen 35.—] im Voraus
1060 verhätscheltes Kind gewissermaßen als Mittel=100.—)
 punkt der trauernden Familie. Aber noch hat lausschnitte ist das
Al hne Tomt Schlimmeres zu erdulden. Auch ihr Kind: auch steht es den
Abonnejr ihr genommen, und durch dessen Toder zu ändern.
wendet sich
ihr
Geschick. Alles, was
Gerechtigkeitsgefühl, Milde und Edelmuth sich in —
den Familienmitgliedern regt, wird durch den
Wortführer der Opposition den geschraubt
moralischen Hausarzt, in Grund und Boden ge¬
redet, und so gieht man schüdhsich zu, daß dieser
wackere Herr dem um Geliebtesr und Sohn trauernden
Mädchen gerade heraus sant, daß es das Haus v
assen müsse. Durch allerlei freundliche
Telefon 12801.
ensarten und mateneür Versprechungen sucht
m dann der Bedauernswerthen die bittere
Ausschnitt
0 Unternehmen für Zeitungs-Ausschnitte.
Pillesetwas zu
versüßen aber Toni
versteht, wie das im Grunde gemeintist Vers —
Nr. 4
zweifelt verläßt sie das Haus, und aus einem
„OBEERVEN
—.— 
zurückgelassenen Zettel geht hervor, daß sie bestimmt
wschfussen sei dem Geliebten und ihrem Kinde.
I. österr. behördl. concess. Bureau für Zeitungsberichte und Personalnachrichten
in den Tod zu folgen. Dem Hausarzteber brus
sein herzloses Handeln keinen Segen, entrüstet und
Wien, IX/1 Türkenstrasse 17.
erkältetwendet die älteste Tochter des Hauses, Tonie
warme Fürsprecherin, sich von ihm und schließt mit
 Fillale in Budapest: „Flgyelö“, ViII. Josefsring 31 a.
vielen warmherzigen und trefflichen Worten über das
an Toni begangene Unrecht das Schauspiel ab.
Schnitzler hat in dieser Handlung, die ich hier
nur in großen Zügen andeutete, ein Thema an¬
Ausschnitt aus: Magdeburgische Zing.
geschlagen, das wohl den Vorwurf zu einem
großen und dedeutsamen Bühnenwerk bilden konnte.
Aber der Sioff ist unter seinen Händon kein
an (1./ 48.
Drama, sondern ein dreiaktiges Stimmungs¬
bild geworden. Die Stellung der vom Sohn
der Familie als Vermächtniß hinterlassenen
72
Geliebten und ihres Kindes — dieser eigenartige
Vorwurf gab Schnitzler nicht die Gelegenheit zu
einer bewegten dramatischen Entwicklung. Er
nahm sie nur als Auregung und Hintergrund zu
Theater und Musik.
breiter Stimmungsmalerei und tiefdringender
Charakteristik einiger Figuren. Toni, die leidet
Berlin, 9. October. „Das Vermächtniß“
und duldet, ist wohl die eigentliche Heldin,
ein monotones gequältes dreiactiges Schauspiel von
nicht aber die interessanteste Person des
Arthur Schnitzler, hat gestern im Deutschen
Stückes, die ist vielmehr das wackere Ober¬
[Theater, wie die „B. B.=Ztg.“ mittheilt, dank
haupt der Familie, der Herr Professor der
dem rührigen Eifer guter Freunde und dank einer
Nationalökonomie Adolf Losatti,

ein alter
vorzüglichen Darstellung dem Autor einen lauten
Poseur, der sich selbst und den Andern Komödie
1 Erfolg gebracht. Das Stück fängt gleich mit stark er¬
vorspielt, an dem jedes Wort und jedes Gefühl
regter Action an. Hugo Losatti, der Sohn eines
nnecht und dessen einzige wahre Empfindung der
diener Prolessors, verunglückt beim Reiten und wird 1.
Egoismus ist. Wie er für und wider Toni
mit zerschmetterten Gliedern in das Haus der ent¬
redet, wie er sie duldet, als „Vater“ liebt
setzten Aeltern gebracht. Vor dem Sterben gesteht
und bald darauf herzlos verstößt, wie er
ser, daß er eine Geliebte und ein Kind hat, und ver¬
den Tod des Sohnes und des Enkels auf¬
langt, als sein Vermächtniß, daß Beide in das Haus
nimmt — das bildet die interessantesten
der Aeltern ausgenommen werden. Der Vater, ein
Momente und den hauptsächlichsten Inhalt des
schwatzender alter Narr, will davon nichts wissen,
Stückes. Daraus erhellt wohl zur Genüge, in
aber die gutmüthige Mutter und die Schwester
welcher Art Schnitzler seinen in den Grundzügen
willigen ein, und mit dem Tode des Unglücklichen
so stark dramatischen Stoff behandelt. Darunter
zieht der unerwartete Familienzuwachs in das Haus
leidet auch die Glaubwürdigkeit der Handlung.
ein. — Im zweiten Act finden wir die Geliebte des
Die volle und skrupellose Hingabe der Familien¬
Sohnes, Toni Weber, und ihr Kind mitten in der
mitglieder an Toni erscheint ebenso bedenklich wie
Professorensamilie wieder. Man behandelt sie freund¬
der rasche und brutale Umschlag in den Em¬
lich und schonend, aber die ganze Liebe wendet sich
pfindungen der Personen und die schleunige, lieb¬
doch ihrem Kinde zu, dem herzigen Bubi. Das Bubi
lose Verabschiedung des Mädchens, das sich
wird als die eigentliche Hinterlassenschaft des Todten
eben erst durch seinen längeren Aufenthalt
angesehen und die Mutter darf so mit nebenbei ihren
im Hause als gut und würdig erwiesen.
Theil an dem „Vermächtniß“ haben. So wäre
Betrachtei man aber das Schauspiel Schnitzlers
Alles schön und freundlich, wenn der Dichter nicht
auf seinen Werth als dramatisches Stimmungs¬
Für 50 Zeitung
auf einen tragischen Couflict hinarbeitete. Für diesen inclusive
Porto.
bild, auf Gehalt an warmer Empfindung und
Zweck aber giebt es nur ein Mittel: das Bubi muß Zahlbar
schönen Worten, dann wird man den gestern
200
weg. Und richtig, mitten im zweiten Act wird das im Voraus
gespendeten Beis#l einigermaßen begreiflich finden.
500
Kind urplötzlich krank, ohne daß uns ein Mensch
Mit vornehm abgetönter Reaustik schildert der
" 1000
Im Gegen gesagt hätte, warum und wieso, und weuige Minuten je ist da
Autor Menschen und Dinge gerade in den kleinsten
später läßt der Autor das arme Wesen hinter der ght es den
und intimsten Zügen ungemein scharf und
Im dritten Act ist dann, wie fern.
Abonnement dure
Scene sterben. —
lebensvoll, und einige Charaktere,
Abonnenten frei
vorauszusehen war, die Familie der ganz Verwaisten;
sonders der alte Herr Professor, sind in ihrer
gegenüber herzlich kühl und ##ist ihr unter einem !
breiten, prächtig nügneirten Ausgestaltung wahre
Schwall salbungsvoller Worte die Thür. Die arme
Meisterwerke dramatischer Charakteristik. Die
Toni=aber geht ins Wasser.
Sprache ist schlicht und natürlich, wird aber nie¬
mals absichtlich trivial und hält sich von der
brutalen Effekthascherei des modernen Naturalis¬
mus völlig fern. Wer im Theater nur echte
Stimmung und treffliche Reden sucht und empfind¬
same Frauen, die gern weinen — der wird in
dem „Vermächtniß" Schnitzlers mit seiner tiefen
Sentimentalität und seinem warmen Empfinden
ein wahrhaft erhebendes Drama erblicken.</Unicode>
            </TextEquiv>
        </TextRegion>
    </Page>
</PcGts>
