3484 4224
862 847 1212 931 Telefon 12801.
567 932 1772 1027 Unternehmen für Zeitungs-Ausschnitte. Ausschnlt
341 977 589 1112 10 5
1481 1017 1775 1112 Nr. 68
681 1001 1327 1135 „OBSERVER“
321 1128 1778 1181 #I. österr. betörd'. concers Bureau für Zeitungsberichte und Personalnachrichten
617 1188 1478 1274 Wien, IX/1 Türkenstrasse 17.
558 1265 1543 1355 Filiale in Budapest: „Figyelö“. VIII. Josefsring 31a. —
306 1352 1501 1499 Ausschnitt aus: Berliner ud Matt
327 1526 719 1656 vom 13/24 0
412 1703 1599 1779 Dieser Tage hat sich hier ein Stuck Leben angespielt, das
349 1746 1598 1820 so aussteht, als hätte es Arthur Schnitzlers „Vermächtniß“
360 1794 1601 1848 abschrechen wollen. Der Sohn eines reichen Mannes, Bank¬
360 1827 1607 1914 virektoes und Generalkonsuls, der sogar in den Ritterstand
356 1893 1591 1937 erhoben würde, heirathete vor einigen Jahren trotz des heftig¬
349 1923 1593 2007 den Widerstandes seiner Familie ein schönes, armes Mädchen.
352 1964 1574 2021 eine Erzieherin. Die Jamilie zog sich von ihm zurack Der
353 2006 1475 2089 junge Mann lummettt sich nicht darum, er-orwarb lei#
836 2049 1556 2103 siches Heim und das Weib dari. ber
832 2098 1611 2150 r plötzlich von einem tückischen Leiden
353 2102 504 2163 er nen
1199 2132 1572 2188 bähinrafte. Sein¬
892 2134 1054 2193 nigen 5
341 2140 568 2202 Vergrißen
876 2179 1558 2226 wohl der jungen Wittwe annehmner
353 2183 540 2240 riche ##
926 2217 1471 2277 den War es sein letzter
344 2204 506 2281 welche
870 2255 1301 2321 nahm die sogar ins H#
339 2262 677 2324 sein Vermachtn
564 2303 1341 2360 Gule, das man ihr erwies, mußte sie woh
349 2344 1269 2407 pfunden haben, deun gineb Tages griff sie zum
334 2387 1502 2443 eine Rugel in den Kopf zr schießen. Ist es nicht ganz die F
349 2439 1450 2491 des Theaterstückes? Aber das Leben schemttt gummen
349 2465 1540 2526 gransamer zu sein, als es die Dichtung selbst der ouekseal
821 2507 1368 2570 So auch in diesem Falle
344 2526 678 2575 losen Moderner
1339 2543 1502 2611 #dtlich.
381 2550 1208 2612 junge Frau traf nicht gut, der Schuß war
1340 2593 1530 2648 brachte
351 2599 1235 2652 Kugel zerstörte nur ein Auge, vernnste#
1315 2607 1588 2689 Siendemacht
357 2641 1179 2699 bleibendes Siechthum — ihrem Leben 1##
1339 2674 1577 2752 Loben, selb
354 2684 1114 2741 zie kein Ende. So trübe Geschichten
376 2727 998 2796 ##r der fröhlichen Faschingszeit.
1152 2737 1500 2834 Huge Kiel.
711 2895 1400 2983 Bezugs-Bedingungen.
1353 2951 1538 3025 fl. 7.50
328 2963 1276 3040 Far 50 Zeitungsausschnitte (Artikel oder Notizen)
1549 2991 1745 3058 inclusive
1406 3008 1488 3057 14.-
1572 3039 1717 3073 Porto.
1406 3048 1526 3106 25.—
1572 3061 1722 3106 Zahlbar
400 3063 529 3112 200
1404 3063 1558 3160 55.—
1553 3095 1754 3158 im Voraus
413 3097 525 3144 500
1396 3122 1528 3184 100.—
386 3137 526 3201 " 1000
458 3143 1793 3223 Im Gegensatze zu anderen Bureaux für Zeitungsausschnitte ist das
1422 3207 1796 3269 auch steht es den
334 3222 1366 3269 Abonnement durch keine bestimmte Zeitdauer begrenzt;
335 3259 1688 3323 Abonnenten frei die aufgegebenen Theinen zu erganzen oder zu ändern.
2394 64 2736 128 Telefon 12801.
3080 143 3303 233 Ausschnitt
2088 163 3024 248 Unternehmen für Zeitungs-Ausschnitte,
3002 236 3120 330 Nr.
3116 242 3294 337 35
2255 231 2852 339 „OBSERVER“
1835 329 3294 403 I. österr. behördl. concess. Bureau für Zeitungsberichte und Personalnachrichten
2140 398 3005 487 Wien, IX/1 Türkenstrasse 17.
2071 484 3079 561 Filiale in Budapest: „Figyelö“. VIII. Josefering 31a. —
2679 591 2852 697 oner
1836 619 2312 707 Ausschnitt aus:
1834 757 2286 868 von /3. 00
2132 945 3085 1023 * (Gerhart Hauptmann überall.) Man be¬
2039 992 3079 1104 ainnt Gerhart Hauptmann zu parodiren — ein sicheres
2054 1051 3075 1124 Zeichen, daß der starkgeistige Poet populär geworden ist.
2065 1115 3068 1177 Auf den letzten Unterhaltungsabend der Wiener „Lite¬
2050 1142 3089 1205 ##arischen Wochenvereinigung“ lernte man
2046 1195 3076 1251 eine köstliche Parodie auf den „Fuhrmann Heuschel“
2052 1235 3082 1298 kennen. Deu Abend leitete eine wirkungsvolle Begrüßungs¬
2040 1290 3090 1346 rede des Vorstandes Dr. Niedermayerein; es folgten
2042 1333 3079 1397 dann brillante Vorträge (Fräulein Löw — Clavier, Herr
2051 1383 3083 1450 Rosenbaum — Violine, Fräulein Therese Großmann — Ge¬
2038 1437 3088 1483 sang, Mary Spieler— Recitation), sowie ein vom Club¬
2047 1475 3088 1535 mitgliede Herrn Beer verfaßtes und von demselben im
2057 1513 3089 1578 Vereine mit den Herren Cugelmann und Dr. Cohn
2054 1572 3077 1625 excellent vorgetragenes Terzett, betitelt „Eine Clubsitzung
2047 1614 3081 1672 der Literaturfreunde". Darauf folgte der von den Herren
2042 1664 3086 1729 Dr. Niedermayer. Dr. Lemberner. Engelmann und Beer
2049 1704 3081 1776 parodirte Gerhart Hauptmann. Die Hanne Schal gab
2047 1759 3077 1818 Fräulein Svieler, eine glänzend begabte Schülerin der
2054 1800 3087 1861 Frau Pros. Roth, mit übersprudelndem Temperoment,
2054 1852 3098 1912 Henschel's erste Frau gab Dr. Lemberger. Gelacht
2043 1896 3089 1962 wurde bei jeder Sceue, denn in jeder gab es gutgeprägte
2050 1936 3091 2012 Witzworte und Einfälle von drolligster Wirkung. So als
2032 2000 3069 2080 der Fuhrmann Henschel (Dr. Niedermaher) nach
2030 2037 3064 2112 dem Tode seiner ersten Frau, feei nach der berühmten
2037 2091 2714 2159 „Kleinen Witwe“, zu singen begaun:
2316 2144 2725 2212 „Heßt bin ich ein Witwer.
2305 2189 2733 2245 So ein armer Wiwer
1964 2203 2060 2264 100
1963 2246 2054 2297 200
2121 2212 3061 2290 So ferner, als er sich selbst zum Bruch des Schmures
3087 2170 3293 2323 M.
1955 2291 3061 2354 500 perfuadirend, den jabelhaften Kalauer riskirte: „Es is
1944 2336 3056 2397 1000 nicht gut, daß der Hensch allein sei“, eine Sen¬
3066 2338 3242 2406 ilte ist
2031 2366 3320 2451 #tenz dies, der der Siebenhaar der Parodie (Herr Beer) fsteht es den
1882 2398 2781 2492 Ahonn“ durchaus zustimmt, indem er hinzusügt:
3057 2430 3229 2499 ändern.
1875 2452 2054 2517 Abonne
2153 2465 2897 2536 „Wissen Sie Heuschel, seit Schnl###r's „Vermächtnit“
2143 2511 2818 2571 Hab ich sin derlei überhaupt kein Gedächtniß:
2153 2546 2759 2591 Was man am Todtenbeit hat versprochen,
2145 2582 2883 2651 Das hält man höchstens — zwei bis drei Wochen.“
2126 2615 3075 2702 Die weitere Entwicklung ist überwältigend. Be##
2027 2651 3068 2752 Gerhart Hauptmann ist Henschel edelmüthig, indem er
2036 2735 3061 2785 seiner Hanne ihr einziges Kind ins Haus bringt. Ein
2027 2769 3070 2843 Kind — was will das heißen? Bei den lustigen Paro¬
2033 2807 3072 2872 disten der „Wochenvereinigung" bringt er deren gleich
2037 2859 3065 2947 sechs. Und dennoch ist sie fühllos und untreu!.. . Was
2037 2917 3065 2986 hilft da der Trost, den ihm Siebenhaar zuspricht, indem
2036 2963 3059 3031 er darauf verweist, was Alles „in den besten Familien“
2039 2998 3060 3077 vorkommt? „Was die zu thun haben — erwidert Henschel
2078 3051 3062 3133 das wissen's immer — gezeigt hat's ihnen Alexander
2032 3093 2218 3159 Dumas,
2187 3128 2860 3190 Da wird einfach umgebracht odne Schouung —
2192 3190 2932 3251 Doch was thu ich in einer Kellerwohnung?
2109 3237 3062 3302 Und so sieht denn Siebenhaar ein, „es wird nichts
2031 3283 3053 3348 übrig bleiben — ein Fuhrmann kann nur sich selbst ent¬
2035 3324 3065 3406 leiben" Oder ist ein anderer Schluß möglich? Es wird
2034 3372 3064 3457 hin und her erwogen; aber es hilit nichts, Tod muß sein,
2024 3395 2765 3484 einen anderen Schlus gibt's nicht, denn
2302 3472 2713 3526 Tragik, sagt das Pubicum,
2311 3515 2734 3565 Tragil, sagt der Schlenther,
2307 3523 2800 3610 Tragik, sagt der Hauptmann auch.
2303 3587 2771 3644 Tenn seine Leute kenut er
2118 3627 3052 3714 Dies in Kürze die Inhaltsangabe der lustigen
2034 3673 3053 3739 „Dichtung", die das Publicum nicht aus dem Lachen
2025 3725 3048 3799 kommen ließ und stellenweise geradezu stürmische Heiter¬
2033 3774 3054 3849 keitsausbrüche hervorrief. Und gespielt wurde von der
2029 3831 3054 3890 jungen hübschen Darstellerin der Hanne, sowie von den
2031 3872 3045 3930 mitwirkenden Herren allen in derselben Art, wie das er¬
2026 3912 3067 3982 götliche Stückchen geschrieben worden ist: frisch, keck und
2034 3973 3061 4026 mit einer Laune, wie man sie leider auf mancher Lust¬
2030 3997 2556 4080 spielbühne nicht immer sieht.
