3436 4256
1811 171 3214 245 sehit ihm die Frische der Anschanung, sehlt ihm der dramatische Zug.
1810 218 3219 289 In der ungewöhnlich breiten und ungefügen Exposition verschießt der
709 166 1482 317 Feuilleton.
1810 261 3223 345 Autor sein Pulver; die beiden letzten Akte muthen wie dürftige Rechen¬
1468 201 1745 358 24
1806 305 3234 380 exempel an, und es hilft nichts, daß Schnitzler den unergiebigen Stoff
456 223 682 406 7u
790 318 1416 417 Berliner Theaterbrief.
1814 352 3227 426 durch allerhand Flitterwerk, Einschiebsel und Wiederholungen zu beleben
849 383 1805 471 Schauspiel in drei Akten von Arthur Schnitzler.
384 384 838 464 „Das Vermächtniß
1814 395 3223 468 sucht. Als Beweis dichterischen Vermögens kann in der Arbeit nur die
388 443 1801 490 (Deutsches Theater.) — „Großmama.“ Schwank in vier Allfzügen von Max
1798 449 3232 528 Figur des Professors Colatti gelten, eines prächtigen Schönredners
392 479 1801 530 Dreyer. (Lessing=Theater.) — „Auf der Sonnenseite.“ Lustspiel in drei
1810 494 3237 571 und Komödianten, dessen Leben vom Morgen bis zum Abend Pose ist
392 516 1804 565 Aufzügen von Oskar Blumenthal und Gustav Kadelburg. (Königliches
393 542 1805 610 Schauspielhaus.) — Jörg Trugenhoffen.“ Ein deutsches Schauspiel in
1808 538 3235 607 und der immer den Taschenspiegel offen trägt, um sich an der Schön¬
1636 583 1817 636 „Hof¬
382 578 1617 657 fünf Aufzügen von Rudoli Stratz. (Königliches Schauspielhaus.) —
1805 601 3232 671 heit jedes seiner Worte, jeder seiner Handlungen selbstgefällig lächelnd
376 621 1761 695 gunst.“ Lustspiel in vier Aufzügen von Thilo v. Trotha. (Neues Theater.) —
1800 641 2179 728 laben zu können.
403 659 1805 717 „Zaza.“ Schauspiel in fünf Aufzügen von Pierre Berton und Charles
1924 677 3230 747 Während Schnitzler in seinem neuen Nichts=als=Theaterstücke
384 694 1817 751 Simon. (Berliner Theater.) — „Der Herr Sekretär.“ Schwank in drei
1475 727 1806 784 „Cyrano von
381 739 1418 788 Akten von Maurice Hennequin. (Residenz=Theater.)
1816 743 3232 798 wenigstens den realistischen Schein zu wahren suchte, hat Max
3181 769 3236 812 4
382 765 1805 821 Bergerac.“ Romantische Komödie in fünf Aufzügen von Edmond Rostand.
1812 774 3221 863 Dreyer, den wir als verflossenen „strengen Wirklichkeitsschilderer“.
1294 801 1811 879 „Paméla.“ Schauspiel in
388 810 1273 889 Deutsch von Ludwig Fulda. (Deutsches Theater.)
1816 825 3236 895 an dieser Stelle schon wiederholt erwähnten, auch diesen Plunder
613 845 1590 896 fünf Akten von Victorien Sardou. (Lessing=Theater.)
1815 867 3232 936 couragirt über Bord geworfen und einen gar nicht literarischen, dafür
496 868 1816 956 Den Wiener Jungen hat Arthur Schnitzler Eingang in
1814 929 3241 986 aber recht lustigen Schwank geschrieben. Der Spaß heißt „Groß¬
384 929 1814 1007 Berlin verschafft. Es gehört nicht nur in Norddeutschland zum guten
1818 957 3245 1033 mama“ und handelt von der Eroberung des bekannten Weiber¬
566 984 1805 1051 erächtlich oder gar mitleidig von der Wiener Kunst zu sprechen,
1813 1013 3244 1087 feindes, der nur noch vor seinem Magen auf den Knien liegt — eine
580 1024 1809 1090 mer Theater, das bei Licht besehen, eitel Götzendienst vor den
1806 1072 3240 1125 etwas schwierige, dafür aber genußreiche Freiübung. Seine alte Liebe,
387 1077 1807 1137 Altären beliebter Schauspieler, skandalumwitterter Schauspielerinnen sei.
1815 1101 3249 1171 die inzwischen zur jugendlichen Großmama aufgerückt ist, schneit ihm
374 1122 1805 1204 Solchen schiefen Ansichten, die ohne viel Bedenken verallgemeinern und
1813 1145 3243 1227 unvermittelt ins Haus und bekehrt ihn nach allerlei derbhumoristischem
387 1169 1814 1242 das ernsthafte Streben des literarischen Nachwuchses in der Donaustadt
1812 1201 3254 1259 Hin und Her und nach Gesprächen von echt niederdeutscher, behaglicher
386 1222 1806 1295 ganz ignoriren, begegnet man auch außerhalb der schwarzweißen Grenz¬
1825 1250 3245 1312 Saftigkeit. Man hätte von Max Dreyer freilich etwas Anderes als
389 1255 1816 1334 pfähle. Schnitzler darf sich das Verdienst zusprechen, hier eine
1823 1296 3254 1361 diese bedenkenlose, untiefe Schnurre erwartet, die schnurstracks auf
376 1301 1810 1387 gründliche Wandlung angebahnt zu haben. Unter den Fittigen seines
1820 1347 3254 1418 Benedix zurückführt, aber man ist in diesen Tagen der weit unter
384 1358 1815 1437 Talents ist es einer ganzen Reihe von Wiener Küchlein geglückt, auf
1818 1388 3260 1461 Benedix stehenden, blos kalauernden Blumenthalia schon mit einer gut
387 1408 1807 1472 die Berliner Bretter zu kommen, während man sie ohne ihn kaum
1834 1436 2454 1526 erzählten Anekdote zufrieden.
379 1469 1809 1524 beachtet oder in Bausch und Bogen als Backhendl bezeichnet hätte —
1922 1458 3246 1546 Herr Oskar Blumenthal fängt an — und das dünkt mich
389 1498 1819 1577 „schmecken ganz gut, aber das ist auch Alles.“ Schnitzler war dem
1817 1528 3234 1593 der Schrecken schrecklichster — sich selbst abzuschreiben. Daß in „seinem“
390 1551 1810 1622 Berliner Realismus hoch willkommen als sein österreichischer Vorposten,
1836 1578 3235 1659 Uid Kadelburg's neuen Lustspiel „Auf der Sonnenseite“
395 1576 1818 1664 und die hiesige Gemeinde, die grundsätzlich jeden ihrer Apostel mit
1914 1610 3253 1697 h die Anlehnung an andere Schriftsteller nicht fehlt, bedarf der
386 1645 1817 1720 Lorbeer überschüttet, verhätschelte den Anatolpoeten noch ganz besonders,
1861 1677 3260 1737 Erwähnung nicht. Die Oede des Stückes wird diesmal durch einen
378 1678 1819 1784 briet ihm eine Extrawurst. So fand denn auch sein neuestes Schauspiel
1861 1725 3263 1791 chgewordenen Töpfermeister, seinen Diener und zwei verarmte
398 1744 1822 1822 „Das Vermächtniß“ beim Premièrenpublikum die übliche
1822 1771 3263 1835 ##belige bestritten. Wir vernehmen die originellen Lehren, daß der
391 1797 1828 1851 jubelnde Aufnahme, und es ist bezeichnend, daß gerade der schwächste
1820 1813 3261 1895 Schuster bei seinem Leisten bleiben solle und daß nur die Arbeit
399 1836 1822 1897 Akt des Stückes, der letzte, zu der größten Zahl von Hervorrufen
1826 1882 3253 1945 glücklich macht, außerdem feiern wir ein frohes Wiedersehen mit zahl¬
395 1882 1822 1971 führte. Fast erstaunt blickte der Dichter zu der in Delirien des Ent¬
1829 1900 3267 1985 reichen jener lustigen Personen, die es nur in Blumenthal's Lustspiel¬
391 1926 1832 2017 zückens rasenden Galerie empor, die an seinem Ehrentage ein Uebriges
1819 1966 3260 2028 phantasie gibt und deren Humor darin besteht, daß sie ein körperliches
395 1979 1829 2045 thun zu müssen glaubte und durch ihren trommelfellzerstörenden Be¬
1836 2003 3256 2074 Gebrechen oder einen Sparren haben. Von den beiden Baronen, die das Werk
394 2023 1828 2098 geisterungslärm jedenfalls dafür den Beweis erbrachte, daß das Gerede
1831 2054 3265 2127 schmücken, wird der Eine als edler und anständiger Charakter gekenn¬
386 2070 1831 2148 von den schwachen Nerven unserer Zeit auf irrigen Annahmen beruht.
1829 2081 3277 2182 zeichnet. Schon dieser Umstand hätte ihn davon abhalten sollen, ganz
393 2128 1823 2195 Herr Schnitzler schien gerührt. Er wußte ja nicht, daß die jungen
1833 2168 3260 2221 dreist bejahrte Scherze für sein geistiges Eigenthum auszugeben und
403 2174 1830 2237 Leute dort oben auch bei Premièren um 50 Perzent ermäßigte Preise
1830 2195 3257 2280 sich damit protzenhaft zu brüsten, wie es die Herren Verfasser thum.
403 2209 1834 2287 genießen und daß sie sich offenbar für verpflichtet halten, die ersparten
1955 2237 3265 2307 Im königlichen Schauspielhause, das ein Altersversorgungsinstitut
402 2258 1833 2336 50 Perzent in reinem Kunstenthusiasmus und Handarbeit nachträglich
1838 2283 3262 2354 für ramponirte Musen werden zu wollen scheint, war vor dem mora¬
396 2319 687 2402 abzuliefern.
1832 2328 3263 2412 lischen Lustspiel Blumenthal's das deutsche Schauspiel „Jörg
531 2337 1827 2423 Herr Schnitzler ist seines Zeichens Sozialkritiker, und unerbittlich
1830 2379 3271 2445 Trugenhoffen“ von Rudolf Stratz in Szene gegangen. Herrn
396 2407 1837 2460 schwingt er die scharfe Waffe der Satire. Diesmal wendet er sich gegen
1835 2438 3273 2491 Stratz! Romane und Offiziersstücke haben seinen Namen einigermaßen
399 2447 1833 2520 den albernen Zopf, daß unsere heuchlerische Gesellschaft nette junge
1832 2476 3269 2554 bekannt gemacht, obgleich sie außerhalb der Kritikerkreise kaum Jemand
397 2497 1842 2563 Damen deshalb ächtet, weil sie aufgeklärt genug sind, außer auf die
1830 2530 3271 2594 zu lesen oder zu hören bekommt. Der Jörg Trugenhoffen wird nach
393 2533 1838 2611 kirchliche auch auf die Ziviltrauung zu verzichten. Der Held der Tragödie
1843 2572 3267 2643 menschlichem Ermessen nicht dazu beitragen, seinem Dichter größere
398 2578 1836 2661 bricht sich gelegentlich das Genick; vorher aber hat er noch gerade
1845 2631 3272 2695 Volksthümlichkeit zu verschaffen. Wie Hauptmann und Andere mehr,
412 2643 1835 2714 Zeit, seinen Eltern das Versprechen abzupressen, seine liebe Nicht¬
1840 2656 3278 2736 hat auch Herrn Stratz die Zeit des deutschen Bauernkrieges mächtig
409 2684 1839 2753 Ehefrau und ihr vierjähriges Knäblein ins Haus zu holen und so zu
1843 2719 3278 2785 angezogen. Aus dem richtigen Empfinden heraus, daß man das wilde
407 2731 1837 2802 behandeln, als seien die Beiden hochgradig legitim. Trotzdem die alten
1835 2757 3263 2832 Jahr nicht in seiner Totalität, sondern nur in einer Episode dramatisch
404 2780 1839 2866 Herrschaften eigentlich Rücksicht auf eine unverheiratete Tochter nehmen
1840 2808 3270 2876 wirksam darzustellen vermag, erfand er sich eine Handlung, die den
415 2836 1835 2911 müssen und trotzdem sich ihre liebsten Freunde chockirt von ihnen ab¬
1846 2859 3262 2923 Ritter Jörg in Gegensatz zu seinen Standesgenossen sowohl wie zu
410 2873 1844 2936 wenden, lösen sie ihr Wort redlich ein, bis das Bebé stirbt. Seine
1834 2895 3269 2959 den Bauern bringt. Aber die arg romantische Liebesgeschichte
408 2916 1846 3004 Mama, ein dralles Ding, das sich wahrhaftig nicht von wildfremden
1844 2950 3271 3025 könnte zu jeder beliebig anderen Zeit auch passirt oder nicht passirt
413 2968 1840 3036 Menschen ernähren zu lassen brauchte, möchte indeß die angenehme
1844 3003 3271 3067 sein; mit der wirthschafts= und sozialrevolutionären Bauernbewegung
411 3021 1848 3089 Gastfreundschaft noch weiter genießen, obgleich ihr nicht entgehen kann,
1848 3063 3261 3117 hat sie wenig zu thun. Jörg macht dem Kanzler des mächtigen Pfalz¬
416 3059 1850 3135 daß sie den Wirthen allmälig eine Last geworden ist. Aber die Geduld
1847 3091 3274 3173 grafen die junge Braut abspenstig, um sich dafür zu rächen, daß man
408 3109 1835 3198 der guten Leute ist nun erschöpft und sie lassen Fräulein Toni durch
1851 3146 3271 3204 ihm die geliebte Gattin ermordet hat. Nebenbei ist Jörg der Busen¬
419 3161 1836 3238 den Mund eines unangenehmen Herrn, der das böse Prinzip ver¬
1845 3181 3272 3256 freund des Bauernführers Pfaff Eisenhut und im innern Herzen
423 3207 1840 3280 körpert, Wohnung und Kost kündigen. Eine Rente dagegen, die solle
1848 3231 3271 3299 überzeugt von der göttlichen Wahrheit des neuen Evangeliums. Weil
409 3253 1819 3343 sie auch in Zukunft erhalten. Toni nimmt sich die Aussage, die sie
1845 3281 3275 3357 doppelt besser hält, benutzt Stratz beide Umstände, um seinen geplagten
411 3300 1838 3375 mitten in ihrer tiefen Trauer um Kind und Vater traf, ungemein zu
1842 3331 3277 3401 Helden in tragische Konflikte zu stürzen. Aber die Fäden verwirren
1229 3328 1838 3423 daß jeder von den drei
408 3362 1247 3436 Herzen und geht ins Wasser, so
1847 3361 3274 3458 sich in seiner Hand, er läßt sie schließlich fallen und begnügt sich mit
418 3391 1844 3465 Akten einen Todten liefert. Ihr trauriges Geschick gibt dem
1846 3414 3277 3494 nicht fehr talentvoll nachgeahmten Opern= und Wildenbruch=Effekten.
410 3434 1852 3509 Dichter Anlaß zu einer sulminanten Anklagerede gegen die Hart¬
1844 3471 3278 3538 Stratz galt bisher für eine kleine Hoffnung unseres Theaters; nach
409 3489 1839 3563 herzigkeit der in konventioneller Lüge erstarrten Kulturmenschheit.
1853 3517 3276 3593 seinem roh zusammengepinselten Jörg, der sich nur durch die be¬
423 3540 1843 3619 Befremdenderweise hat Herr Schnitzler es aber unterlassen den
1844 3568 3278 3633 ängstigende Bühnenunsicherheit des nach Bühnenwirkungen haschenden
409 3587 1846 3652 eigentlich Schuldigen zur Rechenschaft zu ziehen, den Genußbengel,
1846 3615 3276 3694 Autors auszeichnet, wird man gut thun, diese Hoffnung fallen
414 3636 1848 3693 der das junge Weib vier Jahre lang an sich gekettet hat,
1846 3674 2074 3760 zu lassen.
409 3675 1840 3764 ohne ein einzigesmal seiner Pflichten zu gedenken. Gewiß, es mag feige
1961 3693 3271 3771 Da hat's Thilo von Trotha, des alten Moser's langjähriger
422 3725 1845 3802 sein, daß die Eltern schließlich aus Furcht vor dem Urtheile der Welt
1844 3754 3267 3813 Geschäftstheilhaber, mit seinem Lustspiel „Hofgunst“ besser getroffen.
417 3773 1848 3839 die Geliebte ihres Sohnes von sich stoßen. Doch was bedeutet diese
1856 3797 3280 3866 Abend für Abend drängt sich das „feine Familienpublikum“ in Frau
412 3816 1847 3898 immerhin sehr entschuldbare Schwäche — handelt es sich doch für sie
1846 3846 3277 3919 Nuscha Butzes' Neues Theater, um die dramatisirte Gänseliesel
413 3865 1844 3930 um eine fremde Person! — gegenüber der niederträchtigen Feigheit
1851 3896 3278 3974 zu schauen und die große Donnerwetterrede zu hören, womit das
421 3909 1852 3980 des „Helden“, der das Mädchen seiner Liebe nicht zu seinem ehelichen
1859 3937 3272 4014 ungebändigte Prachtmädel am Schluß des vorletzten Aktes allem
410 3955 1844 4028 Weib zu machen wagte, ebenfalls aus Furcht vor dem Urtheile der
1850 3985 3284 4070 Intriguanten= und Kriechervolk gehörig die Meinung sagt. Gänseliesel,
407 4005 1852 4076 Welt? — Herrn Schnitzler's These ist schief und halb. Doch das ginge
425 4039 3292 4147 hin, wenn das darum geschriebene Schauspiel ein Ganzes wäre. Leider! die auf Vaters Gut nichts als jene entzückenden, burschikosen Dummheiten
