3436 4256
170 168 1848 272 10. Das Vermaechtnis box 16/2
1433 1164 3315 1260 These. Und um diese These durchführen zu können, muß jenen Schichten sein muß, sieht es
563 1193 1172 1305 Deitilleton.
1427 1229 2595 1318 er sorgfältig Alles entfernen, was den Beweis dieser
2593 1255 3335 1318 sache besser, als aus dem ganzen ih
584 1261 912 1344 TIS
329 1208 591 1357 Au
1426 1288 2601 1369 seiner These giltig machen könnte. Er arbeitet mit
2597 1304 3339 1370 Es ist wieder einmal das süße Mch
1434 1350 2594 1416 Zufälligkeiten von Anbeginn ab. Er häuft das Traurige.
2594 1354 3311 1405 Traum von einem Liebesglück
571 1332 1109 1433 Burgtheater.
1427 1391 2598 1473 Weil aber dies Traurige nicht als ein Nothwendiges
2579 1385 3337 1465 Verhältnisse bei sich zu Hause mit
243 1403 1426 1500 [Arthus=Schnitzler: „Das Vermächtnieß“ Schauspiel
1415 1429 2589 1506 empfunden wird, so verfehlt es seine Wirkung. Lessingisch
2582 1446 3342 1524 Aber Christine stirbt dem Geliebten
251 1467 1431 1549 in drei Acten. Im Burgtheater zum ersten Male aufgeführt
1418 1471 2586 1569 gesprochen: er vergnügt den Verstand und nicht das
2590 1496 3320 1565 ihren Gefühlen als Weib tödtlich
583 1499 1091 1580 am 30. November 1898.)
1425 1537 2592 1608 Herz. Und so gings denn hier, wie in Berlin. Denn
2584 1546 3345 1608 nicht einmal an seinem Grabe durft
329 1541 1416 1641 Es ist sehr traurig, daß sich Hugo Losatti, Dr. jur.,
1424 1594 2584 1650 Schnitzler als Mensch wie als Dichter hat Freunde,
2585 1592 3341 1669 sie Alles gegeben, weil er ihr Alles
239 1608 1425 1693 bei einem Spazierritt im Prater eine innere tödtliche
1419 1628 2583 1711 nichts als Freunde: Den ersten Abend machten sie einen
2592 1648 3334 1732 gar nichts. Aber Toni? Was sin
233 1646 1423 1734 „Verletzung zuzieht. Es ist sehr traurig, daß er in ster¬
1416 1681 2584 1750 tosenden Beifall. Den zweiten Abend, an dem ich erst
2577 1688 3318 1758 Nichts wie sie ihnen nichts war.
241 1692 1421 1788 bendem Zustand den Wunsch äußerte, seine Angehörigen
1414 1724 2589 1801 der Vorstellung anwohnen wollte, war der Besuch schwach
2584 1739 3341 1816 überleben mußte sie — da war das
232 1746 1419 1839 möchten seine Geliebte Toni Weber und sein Kind, seinen
1416 1786 2496 1856 und es regte sich kaum eine Hand mehr im Hause.
2584 1785 3341 1865 sie auch nicht mehr. Wozu also d
244 1820 1419 1887 Buben, den er nach seiner Schwester Franziska taufen
1517 1832 2581 1902 Es ist das Werk eines sehr geschickten Technikers
2584 1844 3333 1914 nicht um Gelegenheit zu einem wirk
243 1871 1418 1935 ließ, zu sich nehmen, statt wie es Einer mit nicht
1414 1886 2578 1941 dies „Vermächtniß". An einer gewissen Engbrüstigkeit
2578 1886 3335 1949 zu einer großen Tir. de zu geben, d
247 1905 1423 1984 erschüttertem Gehirn fordern würde, ihr und dem
1413 1930 2581 1994 der Erfindung hat Schnitzler immer gelitten. Er arbeitet
2581 1922 3334 2007 pufft, weil sie nicht weiß, was sie
235 1963 1421 2028 Knaben eine angemessene Rente zu sichern. Es ist weiter¬
1413 1973 2576 2038 mit dem Einzelzug; seine bestechendste Eigenschaft ist die
2580 1987 3340 2057 des Todten Schwester hält sie, nacht
242 2007 1425 2092 hin sehr traurig, daß Toni Weber in das sehr sittsame
1426 2024 2582 2082 große Anmuth der Form und die Kunst des Details.
2575 2031 3332 2110 gam den Laufpaß gegeben, weil er
231 2060 1422 2131 Haus des Professors der Nationalökonomie und Abge¬
1418 2077 2585 2131 Damit wirkt er. Er kennt die Gesetze der Bühne, wie unter
2581 2085 3330 2165 mit hinausgeekelt; aber gegen wen
241 2110 1420 2186 ordneten Losatti kommt, zum großen Mißvergnügen seiner
1418 2120 2585 2197 den Deutschen nur noch der kräftigere, aber auch wahrere
2576 2130 2814 2204 Anklage?
240 2161 1411 2231 Freunde und ganz besonders des Hausarztes Dr. Fer¬
1425 2169 2581 2250 Sudermann. Er baut erste Acte von einer entzückenden
2668 2171 3344 2267 Es fehlt nicht an feinen Detail
239 2207 1419 2281 dinand Schmidt, vordem der Lehrer Hugo's, nun Bräu¬
1413 2220 2576 2298 Sicherheit der Gliederung — er ist ein Facadenarchitekt,
2581 2212 3330 2303 fallen auf die innere Fäulniß jener
228 2237 1419 2333 tigam seiner Schwester; ungemein traurig, daß auch das
1416 2260 2576 2333 je mehr man aber ins Haus selber kommt, desto unan¬
2569 2274 3344 2349 der Vater gar nichts dagegen,
237 2303 1412 2380 Knäblein seinem Vater nachstirbt; am allertraurigsten
1415 2317 2582 2382 genehmer empfindet man den Widerspruch der prächtigen
2573 2333 3342 2398 Tochter derselben Frau heiraten wür
242 2358 1421 2431 aber, daß seine Mutter, weil man sie deutlich an das
1418 2368 2578 2445 Außenseite und der dürftigen, nur mit Geschmack deco¬
2577 2381 3330 2451 nachgestellt, mit der der würdige Na
239 2409 1415 2480 alte Sprichwort: „Das Kind ist todt, die Gevatterschaft
1402 2409 2584 2481 rirten Inneuräume. Er wird sehr gerne sentimental, wo
2569 2414 3345 2494 Sohn im Verdachte gehabt. Diese l
228 2438 1410 2512 hat ein End“ erinnerte, ihrem jungen Leben ein Ende
1403 2456 2583 2543 er tragisch sein müßte. Er will erweichen, weil er den
2576 2467 3333 2543 construirte Reinheit unserer Mädch
227 2489 1417 2565 macht. Denn sie zählt erst 22 Jahre und alle Welt
1405 2515 2439 2585 einen entscheidenden Hauptschlag nicht thun kann.
2579 2527 3340 2597 Diese Treibhausblume der ein fris
229 2535 1408 2618 schwärmte von ihrer Schönheit. Wer da weiß, daß sie
1507 2566 2575 2635 Er kennt ein sehr kleines Ausschnittchen der Welt.
2577 2562 3331 2652 er an Toni Weber haftet, schon e
241 2601 1412 2686 Frau Schratt spielt und wie die schöne Frau Schratt in
1403 2603 2578 2689 Es ist das die Welt, in der man sich amüsirt, und auch
2565 2623 3326 2705 Und die Frage selber: was wird
234 2635 1132 2713 diesem Alter war, der wird das begreifen.
1414 2655 2571 2733 das Amüsement Anderer duldet, vol isgesetzt, daß es
2574 2676 3319 2760 wohl geschehen, wenn Derjenige,
327 2682 1418 2764 Drei Todesfälle sind also mit weiser Oekonomie
1405 2716 2569 2784 mit der eigentlichen Lebensaufgabe in keinen Conflict
2567 2717 3339 2790 bracht, nicht mehr ist, war wohl we
229 2729 1409 2816 durch die drei Acte des Stückes vertheilt. In jedem Auf¬
1409 2758 2569 2833 geräth. Diese Lebensaufgabe aber besteht im Carrière¬
2573 2775 3337 2830 Nur so ließ sie sich nicht beantwort
232 2793 1407 2861 zuge stirbt Einer. Mit erbarmungsloser Consequenz rastet
1410 2802 2566 2867 machen und reich Heiraten. Das ist ja wohl auch wirk¬
2570 2823 3323 2895 hat sichs Schnitzler in anderer
228 2851 1411 2919 Dr. Schnitzler nicht, ehe er nicht die ganze illegitime
1409 2853 2573 2935 lich so in unseren „besseren Kreisen“ und wird so bleiben,
2565 2866 3337 2945 gemacht. Er nahm einfach seine bew
237 2889 1412 2961 Familie Hugo's vom Erdboden vertilgt hat. Er thut
1414 2905 2566 2969 ehe nicht die Umwälzung unserer socialen Begriffe voll¬
2569 2917 3346 2990 stellte sie auf die Bühne. Anatol stirh
223 2939 1417 3011 das in der Absicht des Anklägers. Toni Weber soll ein
1406 2951 2569 3031 endet ist. Es ist bezeichnend für Schnitzler: ehe einer seiner
2570 2977 3285 3049 seinen süßen Mädeln endgiltig.
222 2992 1412 3059 Opfer unserer socialen Verhältnisse sein. Das aber wäre
1408 3001 2579 3070 Helden auf den Einfall geräth, er könne das Mädchen
2563 3008 3312 3086 Professor Losatti. Er allein, in
224 3040 1415 3116 sie doch nur dann, wenn Hugo am Leben bliebe und sie
1401 3047 2572 3133 auch heiraten, das er verführt hat, auf einen Einfall
2565 3059 3333 3122 müthigkeit, in seinem Spielen mit 1
230 3092 1402 3158 nicht geheiratet hätte, oder, wenn schon diese Zu¬
1400 3106 2564 3171 also, der in der Regel ziemlich nahe liegt und nicht ein¬
2574 3119 3327 3189 Betonen seines Mannesmuthes, der
226 3142 1409 3214 fälligkeit mit seinem Todessturz zugegeben wird, wenn
1403 3145 2567 3223 mal so gar selten zur That gemacht wird, muß er einen
2565 3167 3337 3233 ist, er allein bedeutet eine Bereicherung
230 3191 1401 3263 mindestens ihr Kind nicht stürbe, so daß nicht einmal
1400 3201 2564 3272 unheilbaren Schaden an seinem Gehirn genommen haben.
2562 3205 3346 3282 Besitzstandes. Ein großes Muster schl#
227 3245 1398 3299 das unmittelbare Gefühlsband zwischen Großeltern und
1397 3243 2561 3325 Und auch dann spricht er davon nur als von einer
2558 3269 3327 3333 Eckdal. Aber Hjalmar ist überall zu
231 3284 1410 3335 Enkelin sie vor Verstoßung schützen würde. So aber — was
1398 3294 2569 3369 vielleicht möglichen Sache: und die Verpflichtung, die er
2568 3307 3336 3394 Anderer, und so mag er wohl in
229 3341 1408 3399 will Toni nach Franzl's Heimgang noch bei einer Familie, zu
1396 3332 2563 3410 selber nur von ferne empfunden, die schiebt er seelenruhig
2566 3347 2970 3430 Ständen aussehen.
228 3378 1399 3448 der sie in gar keiner Hinsicht gehört, der sie immerdar
1408 3388 2572 3471 seinen Eltern zu. Das ist für ihn und für seinen Dichter
2653 3394 3341 3482 Gespielt wurde glänzend. Glückl
230 3408 3340 3543 eine Fremde bleiben muß? Schnitzler stellte sich eine bequemer; man sieht aber, wie stark der Kastengeist ingeprüften“ trat diesmal Frau Sch
