3392 4384
1353 264 1821 352 box 16/4
184 253 1215 373 10. Das Vermaechtnis
727 788 1362 1024 Dano-d
657 1015 1546 1178 Pe0 Mt)
956 1153 1654 1234 Teil eingehender gewünscht. Immerhin
1683 1171 2409 1238 sympathischer Dialektik. Kann ein
942 1219 1667 1278 genügen die hier kurz skizzierten Mit¬
1683 1234 2415 1291 solches Stück das Gefühl des Volkes
1688 1276 2404 1334 bilden, erweitern in unserem Sinne?
937 1268 1661 1331 teilungen, um, wie gesagt, zu Vergleichen
945 1319 1660 1380 anzuregen, die für unser deutsches
1686 1319 2404 1387 Mir scheint, die Leitung steht da noch
938 1366 1659 1436 öffentliches Kunstleben nicht günstig
1693 1372 2413 1429 zu sehr im Banne des „freien" Bühnen¬
946 1412 1661 1473 ausfallen können. Wir überlassen die
1681 1420 2406 1471 ideals, das mit seiner Neigung für
954 1465 1660 1529 aufklärende Arbeit der Tageskritik,
1685 1471 2411 1538 polizeilich verbotene Werke ja unzweifel¬
949 1513 1662 1583 der gar oft nicht ein Mal der Raum
1677 1529 2416 1582 haft von Segen war, das aber jetzt
953 1566 1669 1628 und die Muße vergönnt ist, sie auch
1685 1573 2409 1626 doch überwunden werden muß. Man
943 1607 1663 1672 nur nach bestem Wollen und Ver¬
1682 1623 2410 1682 gebe getrost ältere Werke, und Denn
952 1660 1659 1717 mögen verrichten zu können. Dabei
1683 1665 2416 1730 sie auch auf der Hofbühne um so und
948 1709 1658 1779 darf man von unserer dramatischen
1679 1713 2402 1779 soviel bunte Dinge schöner dargestellt
947 1759 1662 1824 Literatur keck behaupten, daß ihre her¬
1679 1773 2410 1824 werden. Es muß ja nicht immer
947 1805 1663 1872 vorragenden Werke weit mehr Anlaß
1686 1811 2404 1877 das Funkelnagelneueste sein, und für
936 1849 1656 1908 zu tiefer greifender aufklärender Arbeit
1692 1860 2407 1929 ganz verfehlt hielte ichs, ließe man
941 1907 1665 1962 geben, als die der Franzosen, ein Grund
1691 1914 2407 1968 sich vom literarischen Cergeiz verführen,
947 1950 1670 2004 mehr, die Verbindung von theatralischen
1684 1944 2407 2020 in der Premierenhatz der ständigen
944 2004 1654 2068 Vorstellungen mit kritisch=historischen
1682 2007 2411 2073 Bühnen mitzuthun. Der ästhetischen
947 2055 1667 2117 Pro= oder Epilogen an Ort und Stelle
1678 2061 2414 2126 Erziehung zu dienen — das, meine
938 2098 1663 2163 mit allem Ernst ins Auge zu fassen.
1684 2111 2399 2174 ich, wäre jetzt das Ideal einer Volks¬
1690 2149 1832 2211 bühne.
949 2152 1668 2216 Es muß übrigens festgestellt werden,
945 2194 1660 2265 daß man Max Banner nicht nur für
1743 2199 2408 2266 Das Stück wurde merkwürdig
939 2242 1666 2307 diese spezielle Anregung, obwohl er sie
1675 2259 2408 2311 achtungsvoll von den annähernd fünf¬
952 2295 1654 2364 direkt nicht ausspricht, zu Dank ver¬
1682 2303 2407 2364 hundert Menschen aufgenommen. Kein
951 2344 1652 2411 pflichtet ist, sondern auch für so man¬
1683 2359 2415 2412 lärmendes Bejubeln der Tendenz, aber
943 2406 1660 2462 ches treffende Wort in seinem sachlich
1684 2400 2405 2467 eine festlich=andächtige Aufmerksamkeit,
948 2448 1661 2508 gut orientierenden und hübsch zu lesen¬
1675 2447 2405 2516 die einen gehaltvolleren Gegenstand
951 2502 1662 2549 den Buche. Er bringt über das mo¬
1681 2495 2373 2571 verdient hätte. E. Kalkschmidt.
951 2538 1648 2603 derne französische Theater viel klar und
1686 2562 1835 2651 musik.
944 2598 1661 2641 scharf Beobachtetes aus eigener, inter¬
947 2642 1662 2711 essierter Anschauung und ohne Vor¬
1773 2645 2406 2700 Unter unserm Aufsatz über Anton
937 2693 1553 2762 eingenommenheit pro et contra.
1683 2697 2402 2756 Bruckner stand im vorigen Hefte
1442 2735 1637 2798 L. Tier.
1683 2737 2414 2804 „Schluß folgt“. Aber es soll nicht
1035 2785 1653 2838 Die Münhner Volksbühne
1680 2796 2409 2854 sofort der Schluß, sondern es sollen
937 2819 1662 2898 ist nun gegründe!. Die erste Vor¬
1684 2836 2403 2900 ein paar Aufsätze folgen, welche die
951 2879 1651 2951 stellung fand kürzlich an einem Sonn¬
1690 2883 2401 2958 wesentlichsten Seiten im Schaffen
947 2936 1666 2993 tag Nachmittag im Schauspielhause
1683 2936 2400 3001 dieses Bedeutenden und viel zu wenig
948 2991 1667 3045 statt; man gab Schnitzlers „Vermächt¬
1684 2988 2409 3049 Gekannten besprechen. Zu einem jeden
943 3035 1661 3088 nis“ mit den Schauspielern des Hauses.
1687 3042 2405 3091 möchten wir gern ein paar Notenbei¬
954 3074 1664 3145 „Ein Volksstück im besten, im edelsten
1679 3081 2401 3148 spiele geben. Damit dadurch nicht
947 3134 1658 3191 Sinne dieses Wortes“ wird hier an
1690 3134 2401 3185 andere Komponisten ungebührlich zu¬
1687 3178 2407 3246 rückgedrängt werden, haben wir uns
943 3221 1656 3287 habe nichts Volkstümliches in diesem
1681 3229 2408 3298 entschlossen, die Bruckner=Aufsätze über
944 3271 1664 3344 Stücke gefunden, sondern eine aus¬
1682 3283 2298 3344 eine Strecke Wegs zu verteilen.
951 3322 1660 3388 gesprochene Tendenz, die an das gute
1779 3326 2405 3395 Ueber Mascagnis neue Oper
942 3370 1652 3435 Herz der Gebildeten pocht. Plaidiert
1683 3375 2394 3439 „Iris“ schreibt man uns aus Frank¬
950 3415 1662 3488 doch das unglückliche „Mädchen aus
1685 3429 2401 3491 furt: Das dem japanesischen Leben
941 3483 1652 3530 dem Volke“ deren Sache verfochten
1686 3472 2402 3523 entnommene etwas anrüchige Libretto
949 3519 1660 3582 wird selbst ganz wohlüberlegt für
1682 3522 2413 3586 ist mit wirklichem Geschick theatralisch
941 3548 1662 3640 diese Sache, noch dazu in recht wenig
1678 3573 2472 3645 wirkungsvoll hergerichtet. Es behandelt —
974 3621 1205 3697 Kunstwart
