3436 4320
217 129 1896 228 10. Das Vermaschinis box 16/3
293 992 3366 1094 Berlin ist nun einmal ein Hauptstapelplatz für zarte Kindchen Franz auch das Zeitliche segnet, die Weisen, den Text und die Herren Verfasser i Interesse an d
295 1037 1241 1099 jedwede Bühsenwagre geworden. Allein schon
1246 1033 2162 1116 steigert sich die Schwierigkeit für Toni Weber im
2150 1062 3077 1145 nachgrade schon auswendig, so daß die ganze bis
3056 1060 3369 1136 steigert. Herr
303 1066 1253 1135 der Anblick zhak otwas Vepwirxendes. Der Be¬
1243 1074 2151 1155 Hause Losattis bis zur Unleidlichkeit. Das arme
2154 1106 3062 1176 ins Kleinste ausgeführte Seelenmalerei schon be¬
3054 1115 3374 1178 gewisse Seiten
295 1124 1241 1181 schäuer jst #anschtutsig an Cfelner-Wahl: Soll er
1234 1131 2154 1201 Weib soll, namentlich auf das Betreiben jenes
2146 1151 3069 1217 denklich langweilig zu werden beeinnt. Geläugnet
3058 1162 3371 1223 Kreisen unsere
304 1165 1243 1229 sich für frankösische, füy'heimische Muster, oder soll
1235 1172 2166 1248 Doctors hin, aus dem Hause geschickt werden. Ein
2159 1191 3064 1256 soll indessen auch nicht werden, daß sich die Ge¬
3062 1199 3364 1265 dens angeschla
304 1215 1243 1271 er sich für die wiener Mode entscheiden? Aus
1238 1222 2154 1283 Versuch, den die Schwägerin Losattis, eine ver¬
2140 1237 3068 1303 sammtkünstlerschaft des Deutschen Theaters auf
3049 1242 3374 1322 starken Widerh#
293 1261 1244 1322 freandnochbarlicher Gesinnung greist man sich die
1242 1267 2146 1330 wittwete Frau Winter, macht, um Toni bei sich
2147 1278 3372 1361 diese sogenannte naturwahre Spielweise ganz] rufen vermocht.
290 1286 3064 1381 wiener Waare zuerst heraus und folgt Herru aufzunehmen, scheitert an dem Widerstande der meisterlich versteht, wenngleich es den verehrlichen
3057 1336 3362 1391 „Vermächtniß“
292 1323 1254 1420 Arthur Schnitzler, dem Dichter des famosen
1233 1350 3068 1435 Tochter eben dieser Wittwe. Im dritten Acte Herrschaften nicht schaden könnte, wenn sie mit
3053 1374 3374 1440 dessen scenischer
296 1381 3069 1440 Anaiol=Cyclüs und von „Liebelei“. Dieser geht Toni ins Wasser, der Dr. Schmidt aber erhält der Verwendung der Pausen beim Sprechen er¬
3053 1421 3370 1479 lung kaum ein
298 1430 2151 1511 wiener Schriftsteller hat sich eine ganz besondere durch die über sein Benehmen gegenuber der
2152 1455 3064 1529 heblich sparsamer umgingen. Mit diesen Sprech¬
3057 1462 3374 1531 Personen jedoch
297 1461 1247 1524 Eigenart unter den gesellschaftlichen Elementen
1226 1473 2157 1557 armen Tom auf das Aeußerste empörte Franziska,
2152 1502 3057 1566 pausen auf der Buhne verhält es sich genau so,
3046 1504 3378 1581 geringes Inter
298 1518 2152 1598 der Grofstadt auserkoren, die er bühnengemäß zu die Schwester des verunglückten Hugo, den Lauf¬
2151 1537 3063 1605 wie mit den Gedankenstrichen beim Schreiben.
3049 1558 3369 1611 nimmt in diesen
295 1570 1245 1620 verwenden weix. Nämlich die sogenannten „süßen
1228 1584 3063 1656 paß. In jedem Acte eine Leiche, im zweiten sogar] Mit Vorsicht und mit Discretion angewendet
3067 1583 3377 1658 Anlauf zu einen
300 1604 1231 1669 Modeln“ von der Weanerstadt und die zu ihnen
1225 1612 2152 1680 eine Kindesleiche — und doch keine dramatisch
2138 1625 3058 1691 kann solch ein Gedankenstrich eine außer¬
3054 1640 3371 1697 Ernst mit sein
290 1643 1240 1712 passenden jungen Herren aus guten Häusern.
1228 1660 2151 1728 entwickelte, das heißt keine mit Nothwendigkeit von
2142 1670 3058 1737 ordentliche Wirkung hervorbringen. Allein der
3059 1676 3376 1745 stimmten social
296 1684 1242 1749 Meistens kann man schon aus der bloßen Auf¬
1227 1705 2147 1768 innen heraus entwickelte Handlung. Wor es denn
2136 1719 3063 1784 verschwenderische Gebrauch derartiger Kunstgriffe
3047 1712 3364 1788 Stücks, die Ge
296 1744 1238 1794 zählung der Personen im Stück auf seinen Inhalt
1224 1742 2139 1808 nothwendig, daß der vierjährige „Bubi“ an einer
2136 1767 3055 1827 stumpft ihre Wirkung ab und fordert gradezu
3046 1768 3363 1838 sohnes, betrach
296 1779 1239 1839 und sehr bald auch auf das Ende mit Sicherheit
1226 1789 2149 1854 unheilbaren allgemeinen Schwäche starb? An und
2132 1804 3055 1873 unsere Spottlust heraus. Wer in Gedankenstrichen
3051 1799 3376 1872 gegenüber der
287 1824 1233 1885 schließen. Es giebt bei Herrn Arthur Schnitzler
1226 1832 2138 1897 für sich nicht. Allein das arme Würmchen mußte
2143 1847 3059 1916 herumwühlt oder in Kunstpausen sich überbietet,
3049 1858 3378 1916 Sitte. Sie er#
285 1863 1239 1933 für den Zuschauer auch nicht die mindeste Ueber¬
1228 1877 2144 1937 zu Grunde gehen, weil Herr Schnitzler auf diese
2134 1893 3065 1970 der bezeugt nur Eines, daß er wirklich keine Ge¬
3050 1898 3367 1967 die „Gefallene“
291 1912 1230 1970 roschung. Wirft man beispielshalver einen Blick
1232 1919 2148 1990 Weise Gelegenheit sand, die Erhärmlichkeit
2138 1934 3062 2001 danken und keine Empfindunen hat. Es wäre
3051 1933 3376 2007 zeugtes Kind gil
283 1944 1237 2020 auf den Theaterzettel zu seinem neuesten Stück
1228 1958 2144 2019 der Gesinnung eines durchaus hohlen und
2134 1973 3062 2049 denn, man käme dahin, in der erzwungenen Wort¬
3042 1976 3363 2051 dem Stigma de
297 2004 1232 2068 „Das Vermäcktniß“, das vor einigen Tagen auf
1230 2011 2142 2066 albernen Professors und eines schurkischen Arztes
2133 2022 3061 2096 losigkeit den eigentlichen kunstierischen Empfindungs¬
3045 2033 3369 2098 Es ist als sei
284 2031 1226 2103 dem Deutschen Theater aufgeführt wurde, dann
1232 2061 2133 2117 uns zu demonstriren. Ist das aber in Wahrheit
2132 2069 2641 2131 ausdruck gelten zu lassen.
3045 2074 3373 2136 Familie des P
286 2074 1247 2152 weiß man sofort und ganz genau, daß sich die Ge¬
1222 2092 2138 2161 ein verständliches Motiv für den Tod eines un¬
2167 2095 3053 2179 Aber es läßt sich anderseits nicht in Abrede
3043 2117 3363 2181 Mutter dieses
282 2119 1236 2200 schichte um Tomi Weber und ihr Kind Fronz
1215 2129 2135 2201 schuldigen Kindes? Sieht man von diesen em¬
2135 2136 3051 2229 stellen, daß man den scenischen Vorgängen, die,
3043 2165 3360 2225 denn auch ganz
290 2180 1240 2234 drehen wird. So wie jedoch der Dr. jur. Hugo
1218 2190 2142 2247 pfindlichen Mängeln in der Anlage des Stückes
2135 2196 3052 2269 vom bühnentechnischen Stondpunkte aus betrachtet,
3041 2208 3376 2266 scheidet mich den
282 2215 1221 2280 Losatti sterbend in die älterliche Wohnung gebracht
1224 2227 2129 2291 und von der Dürftigkeit der dramatischen Fort¬
2128 2241 3047 2309 gar nichts Spannendes hoben können, weil man
3040 2254 3375 2315 eine Frau den
278 2252 1228 2323 wird und er der verzweifelten Mutter seine pre¬
1220 2262 2140 2332 bewegung ab, dann kann man dem Dichter die
2121 2278 3052 2342 ja Alles mit der größten Bestimmtheit vorherzu¬
3042 2300 3367 2353 als ich?“ Man
292 2290 1226 2360 täre Lage offenbart, ist auch selbst dem naibsten
1222 2317 2131 2375 Anerkennung nicht versagen, daß die in dem Stucke
2124 2323 3052 2399 ahnen vermag, dennoch mit ener gewissen inneren
3046 2334 3352 2397 verteufelt ernst
290 2340 1224 2401 Zuschauer jede Möglichkeit des Zweisels und her
1221 2359 2130 2421 e##tretenden Personen mit einer, man möchte
2132 2366 3052 2440 Anthcilnahme folgt. Der Grund liegt unseres
3038 2382 3370 2447 Daß alle Bethe
287 2390 1226 2455 Unsicherheit über das sogenannte Problem selbst
1225 2399 3361 2495 ##### phelog, aphiichen Le#enstreue wiedergegeben] Dafürhaltens in dem Umstande, daß von den ein= der Beweggrünk
279 2433 3369 2475 in dem Stück genommen. In diesem Um= sind. Auch die satirischen Momente, wie soiche zelnen Personen im Stück gelegemlich Fragen ge= daß sie aberan
291 2472 2134 2558 stande liegt unseres Dafürhaltens der sich in den Figuren des Professors und des urzees
2119 2500 3360 2574 streift werden, die so zu sagen innerhalb des Gesellschaftsansch
278 2520 1239 2593 große Fehler in der Anlage des Stückes. Dieser
1216 2538 2132 2602 zeigen, entbehren der Wirkung auf den Zuhörer
2126 2554 3370 2609 moralischen Gesichtsfeldes unserer Zeitgenossen können, eben we
288 2576 1219 2626 gänzliche Mangel an Spannung auf die Ent¬
1214 2586 2137 2653 nicht. Aber wan kommt beim besten Willen nicht
2120 2586 3364 2656 liegen. Namentlich dürfte es unter den Zu= philistern gehör
294 2607 1229 2670 wicklung und den Ausgang des Problems soll nun
1216 2617 2128 2690 über die Armseligkeit in der Erfindung hinaus.
2129 2632 3048 2700 schauerinnen eine sehr große Anzahl geben, die in
3040 2645 3368 2706 hältnist zwischen
275 2645 1225 2710 durch eine wahrhaft unerträgliche Breite ersetzt
1216 2664 2128 2733 Es ist zu wenig dramatische Bewegtheit und zu
2132 2673 3036 2743 ihren inneren Empfindungen vielfoch mit d##en
3033 2678 3369 2746 Hande“ für die
280 2704 1219 2765 verden, in der die einzelnen Vorgänge innerhalb
1207 2711 2130 2766 viel Stimmungsmalerei, zu viel Beobachtungs¬
2119 2719 3046 2790 übereinstimmen, welchen die weitaus interessameste
3034 2726 3359 2791 der einzige Aus
288 2731 1223 2803 der Familie des verunglückten Hugo Losatti veran¬
1208 2747 2140 2831 kram. Herr Arthur Schnitzler versügt nur
2127 2768 3047 2835 Frau im Stucke, nämlich die verwittwete Frau
3040 2774 3376 2838 Dafürhaltens die
294 2772 1214 2851 schaulicht werden. Toni Weber und ihr Kind
1218 2797 2126 2853 über eine äuferst geringe Zahl Modelle. Er be¬
2126 2812 3038 2874 Emma Winter, einen oftmals bis zur shärfsten
3042 2820 3370 2885 schaftliche Zustä
281 2807 1216 2885 bleiben vorerst also im Hause des Professors
1208 2839 2139 2903 wegt sich in einem zu engen Gesellschaftskreise, es
2118 2856 3037 2917 Rücksichtslosigkeit gehenden Ausdruck verleiht.
3028 2863 3364 2920 satirisches Schla
291 2871 1221 2940 Losatti, des Vaters Hugos. Die, Familie erfullt
1208 2883 2128 2953 ist daher unausbleiblich, daß seine Typen immer
2128 2895 3048 2958 Diese vollreise Wittwe mit ihren klugen, offenen
3029 2902 3368 2971 schaftliche Mora
282 2912 1221 2976 junächst treu das dem Sterbenden gegebene Ver¬
1212 2931 2135 2985 von Neuem in seinen Stücken uiderkehren. Das
2124 2940 3044 3012 Augen, der anständigen Gesinnung und jener un¬
3031 2950 3367 3018 läufige gesellschaft
280 2963 1215 3027 prechen. Die Schwester und eine Tante Hugos
1216 2963 2132 3039 muß schließlich auch den Geduldigsten ermüden.
2111 2974 3035 3054 befangenen Auffassung menschlicher Verhältnisse,
3037 2999 3365 3064 dem Gewande er
289 3002 1220 3063 zehmen sich der in ihrem Schmerze verzweiselten
1214 3017 3048 3112 Von dieser Eintönigkeit in dem dichterischen Proceß die das Errebniß von Lebenserfahrung und
3022 3038 3362 3106 sogenannte äuß
292 3044 1215 3108 Toni Weber recht menschlich an. Nur der Haus¬
1214 3061 3030 3137 muß ganz naturgemäß auch der Tarsteller beein=I nüchterner Ueberlegung zu sein pflegt, kann als ein
3024 3076 3364 3145 spectability, wie
288 3094 1223 3159 irzt Schmiet, der zukünftige Schwiegersohn des
1211 3103 3034 3185 flußt werden. Es sind immer wieder in der] Typus für die in manchen Frauenkreisen sich durch¬
3022 3127 3358 3183 lassen, hat der
288 3121 1219 3197 Professors Losatti, fühlt sich in seinem moralischen
1201 3145 3021 3225 Hauptsache dieselben Menschen und die gleichen dringende Anschauungen gelten. Es spinnen sich
3022 3167 3361 3233 dramotische Aufb
282 3171 1217 3243 Gefürl darüber verletzt, daß die ehemalige
1205 3197 2121 3254 Situationen. Alles wird zuletzt in diesen ver¬
2104 3209 3024 3266 allerhand Empfindungsfäden zwischen dieser Frau
3027 3203 3359 3274 verfehlt, denn e
283 3219 1210 3295 Geliebte Hugos mit ihrem Kinde in der Familie
1205 3233 2125 3304 meintlich „naturwahren“ Stücken schablonenhaft
2101 3238 3033 3320 auf der Bühne und den Frauen im Zuschauer¬
3015 3244 3366 3316 wendigkeit in de
278 3258 1229 3338 des Professors Aufnahme gefunden hat. Als
1245 3281 3358 3362 — die Sprache der handelnden Personen ebenso räume. Das merken aber auch die Männer, und hat dem Zufall zu
276 3303 3362 3413 zun gar noch während des zweiten Actes das wie die stilvolle Zimmereinrichtungen. Man kennt daher kommt es, daß sich das psychologische dramatischen Co#
3029 3385 3364 3455 Ter ist stets ein
3051 3431 3367 3500 e den Anhänge
3028 3470 3357 3560 Korischen Rich
