3484 4384
1403 160 1864 254 box 16/6
208 169 1246 276 10. Das Vernaechtnis
1168 523 2153 643 ADOLF SCHUSTERMANN
1110 611 2206 714 ZEITUNGSNACHRICHTEN-BUREAU
1264 713 2059 786 BERLIN SO. 16, RUNGESTR 22-24
1197 791 2110 900 Zeitang Die Reichspost
1205 914 1695 1007 Adresse. Wien
1747 905 2237 1059 13 TAE
1206 1037 1431 1116 Datum:
1087 1183 2299 1286 Theater,=Kunnt aus Musik.
1178 1256 2283 1338 —Raimundtheater. Zum erstenmal: Artur Schnitz¬
1112 1301 2294 1378 lex, „,Das Vermächtnis“ — Auftreten der Luise Kar¬
1115 1356 2292 1421 tuse Dis Stück hat nicht übel gewirkt, zwar der zweite
1115 1395 2293 1473 Akt ist etwas langweilig und die Moral von der Geschichte
1115 1438 2293 1521 ist an die #ltliveralen Kreise gerichtet, die heute selten ge¬
1127 1485 2297 1558 worden sindi auch enthält es einige Spitzen gegen das
1124 1525 2299 1597 Bürgerlich=Christliche, aber sonst läßt es sich sehen und
1108 1578 2283 1647 hören und mag gut gemeint sein. Es handelt sich um die
1108 1614 2285 1682 Abneigung der Eltern besserer Kreise, gegen eine nicht
1103 1658 2283 1726 ebenbürtige Schwiegertochter und die Art, wie man solchen
1101 1707 2291 1777 entgegenkommt; die „Schwiegertochter“ in diesem Stück
1110 1748 2284 1813 ist freilich nicht kirchlich getraut und kommt mit ihrem
1111 1784 2284 1855 Söhnchen erst ins Haus, als der Geliebte auf seinem
1115 1831 2283 1908 Totenbett es verlangt, also als sein Vermächtnis. Solange
1095 1880 2286 1949 der Kleine lebt, geht es beiläufig, dann aber wird sie
1102 1925 2283 1966 eiligst entfernt. Das Stück ist nicht neu. Man nahm es
1099 1963 2277 2032 im Raimundtheater freundlich — wohl als eine Geburts¬
1108 2003 2287 2079 tagsfeier Schnitzlers — auf. — Luise Kartousch aber
1101 2048 2276 2100 blieb im Schatten; es gelang ihr nicht, sich irgendwie als
1107 2097 2276 2152 Schauspielerin hervorzutun, die Rolle dieser „Schwieger¬
1092 2128 2270 2208 tochter“ ist auch nicht darnach angetan, zu besonderen
1089 2182 2279 2258 Glanz zu verhelfn, und Resches, Fesches, was man von
1094 2228 2273 2295 Luise Kartusch dartet, ist schon gar nichts dran. Sehr
1091 2270 2261 2323 gut gaben sich Frau Förster als Mutter Betty und
1091 2301 2270 2384 Lily Karlv als Emma Winter; auch Adrienne Geßner
1097 2358 2268 2428 hatte einen guten Tag. Kurt Lessen brachte das Kunst¬
1086 2399 2269 2466 stück, den Vertreter der „starren“ Moral nicht allzu un¬
1093 2453 2277 2520 liebenswürdig zu geben, recht annehmbar zustande. Karl
1086 2488 2293 2546 Forests Vaterrolle könnte man sich ruhiger, sachlicher
1083 2536 2271 2587 und damit wirksamer vorstellen. Es wirkten zum Vorteil
1090 2574 2271 2658 des Stückes u. a. noch mit Hermann Wail, Louis
1080 2606 1705 2690 Böhm und Wolf Karsten.
2137 2631 2225 2691 N.
1236 2662 2275 2738 Metropoltheater. Der größte Erfolg, der hier vor
1076 2713 2290 2767 Jahren zu verzeichnen war, hat gestern mit der Auf¬
1083 2755 2268 2839 führung von „Frülingsluft“ von Josef Strauß eine
1083 2817 2254 2868 Neuauflage erlebt, die, nach allen Anzeichen zu schließen,
1085 2844 2256 2913 den Erstlingserfolg noch übertrifft. Wiener Musik in ihrer
1078 2882 2273 2958 starken Natürlichkeit und ihrem Melodienreichtum feierte
1085 2931 2257 3005 mühelos einen stolzen Triumph. Dazu eine Darstellung und
1083 2979 2261 3051 eine Aufführung, die zu den besten der letzten Theater¬
1079 3016 2259 3091 ereignisse zu zählen ist. Man muß es der Leitung des
1089 3055 2251 3126 Metropoltheaters lassen, sie versteht es, großzügig in das
1086 3111 2253 3165 Wiener Theatergetriebe einzugreifen und der starke künst¬
1077 3152 2268 3200 lerische Erfolg und das ausverkaufte Haus geben diesem
1084 3195 2270 3263 Beginnen Recht. Eine köstliche Charge der Knickebein des
1080 3247 2259 3291 Herrn König, der allein schon für die Stimmung des
1072 3283 2252 3336 ganzen Abends sorgte. Mizzi Freihardt war eine resche
1079 3335 2247 3382 Hanni und Robert Nästelberger, der auch für die In¬
1082 3371 2249 3435 szenierung zeichnet, ihr ambitionierter trefflicher Partner.
1078 3421 2256 3467 Doch auch alle übrigen Rollen lagen durchaus in bewährten
1077 3466 2245 3523 Händen. Richard Waldemar holte sich mit dem unnach¬
1082 3509 2256 3568 ahmlichen Vortrag eines zeitgemäßen Couplets einen wohl¬
1071 3540 2246 3595 verdienten Separatbeifall. Herr Viktora, Herr
1071 3592 2246 3652 Greisnegger, Herr Kotanyi und die Damen Hilde
1068 3642 2244 3699 Schulz und Mizzi Griebl sekundierten mit bestem Er¬
1078 3677 2239 3725 folge. Die Primaballerine der Staatsoper Else Stroh¬
1080 3710 2240 3781 lendorf tanzte die „G'schichten aus dem Wienerwald“ und
1084 3761 2252 3849 schuf damit einen wirkungsvollen und stilgemäßen Ausklang
1070 3802 1619 3875 der prächtigen Aufführung.
