3392 4384
263 4009 371 4125 ig¬
618 174 1325 289 Horsens Ceater.
622 333 1279 425 I Aftes: „J Dodens Stund“.
710 406 1181 489 („Hans sidste Vilje").
538 506 1420 598 Der var kun folgt lidt til „Den frie Sce¬
468 575 1418 654 ne“s Tournéforestilling i Aftes. Men den
474 621 1409 716 wienske Forfatter Arthux Schuntzlers
476 676 1412 756 Skuespil er ogsaa megek krist og tungt og bit¬
461 737 1407 841 tert, og det er ikke noget for Folk i den lyse,
469 799 1408 877 om end ikke milde Maj. I forste Akt for¬
456 860 1411 940 ulykker en ung Mand ved at styrte med Hesten
452 899 1399 988 paa en Ridetur, og hans sidste Bon til hans
458 963 1396 1044 Foraeldre og Soskende er, at Familien skal
457 1019 1391 1096 antage sig den Kvinde, med hvem han har
453 1067 1400 1160 levet i frit Forhold=og den lille Dreng, som
457 1122 1398 1213 er Frugten af denne Forbindelse. I de fol¬
446 1189 1399 1253 gende Akter ser man, hvorledes Familien op¬
451 1241 1396 1317 fylder denne Forpligtelse. I anden Akt dor
448 1293 1395 1378 ogsaa Barnet, og derefter bliver man i sidste
448 1356 1391 1436 Akt Vidne til, hvorledes Familien, tilskyndet
445 1415 1402 1481 af en hjeertelos Svigerson in spe, vil frigore
458 1465 1385 1547 sig for den stakkels Kvinde, som nu netop
444 1524 1390 1599 trangte til dobbelt Trost, og derved driver
436 1575 1395 1663 hende til selv at soge Doden. Kun Husets
447 1635 1398 1738 Datter har Hjertet paa det rette Sted, og da
437 1682 1402 1770 hun horer Sammenhangen, bryder hun med;
439 1744 1378 1827 sin usympatetiske Forlovede. I Behandlin¬
436 1815 1389 1887 gen af disse morke Wmner har Forfatteren
443 1863 1387 1940 nedlagt megen sand og bitter Mennesteskil¬
429 1924 1376 2005 dring, megen dyb Menneskekundskab. Skue¬
436 1972 1384 2069 spillet er umiskendeligt en Digters Veerk, og
435 2035 1391 2122 Replikernes Ord har dagligdags Virkeligheds¬
441 2081 577 2155 klang.
498 2140 1385 2236 Til at begynde med syntes det Spil, der
431 2199 1387 2289 i dette dystre Stykke ydedes af denne neesten
425 2273 1366 2344 ukendte Skuespillerstab, sor fleres Vedkom¬
430 2325 1375 2405 mende noget dilettantisk. Men adskillige vok¬
428 2369 1376 2463 sede med Dramaet og ydede god og agte Kunst.
428 2438 1368 2521 Som den stakkels Kvinde mindede Fru El¬
419 2491 1370 2576 len Rassow med sit sorte Haar og sine ve¬
420 2554 1363 2634 modige Zine om et adelt Maleri, hvis Titel
415 2613 1375 2684 kunde have varet „Sorgen“; hendes Ydre og
410 2657 1368 2734 Spil havde forovrigt Lighedspunkter med
415 2717 1360 2806 Anna Larssens. Ogsaa Hr. Axel Strom
409 2781 1366 2868 som Husherren, der er Professor og Rigsdags¬
413 2843 1372 2918 mand, og hvis Liberalitet viser sig at vere af
409 2885 1359 2976 ret udvendig Art, Frk. Fausta Nilsson
416 2941 1355 3036 som den retsindige Datter samt Frkn. Emma
415 3008 1356 3087 Christiansen og Karen Madsen
412 3062 1331 3152 som et Par andre Slagtninge ydede dygtigt
403 3127 1226 3202 Spil. Derimod var Fru Amalie B
401 3171 1243 3247 som Moderen og Hr. Knud Rassow
399 3230 1222 3340 den hiertelose Lage noget min##
391 3290 981 3389 Den lille 4 Aars Dreng ag¬
392 3337 758 3419 med sit Legetoj.
460 3399 859 3480 Der blev gredt en
391 3447 709 3535 gen Mellemal
395 3516 693 3584 ovrigt var d#
387 3567 1000 3648 Tilstuerpladsen, mens Täfe,
397 3625 1309 3718 talrige Dore klaprede og peb ustandsengen de
388 3670 1322 3766 tabte snart et, snart et andet med stort Ra¬
391 3735 1337 3830 balder, og der var megen Forkolelse. Det var
389 3798 1338 3886 derfor vanskeligt at folge det daempede Ord¬
392 3855 1341 3950 skfte, saa meget mere som Skuespillerne i For¬
374 3908 908 3989 vejen talte for lavmelt.
1095 3928 1262 3997 J. A.
367 3993 953 4103 —
1023 3977 1353 4099 —
2599 328 2939 436 Telepher 1##.
2143 460 2773 563 CDSERTER
1888 560 3000 621 1. österr. behördl. konz. Unternahmen für Zeitunge-Ausschnle#e
2085 600 2815 675 Wien, I., Concordlaplats 4.
2297 660 2610 726 Vertretungen
1898 701 2989 773 in Bertin, Basel, Budapest, Chicago, Cleveland, Christiande.
1892 753 2992 802 Oent, Kopenhagen, London, Madrid, Mailand, Minncapols,
1902 784 2991 846 Nu#-Vork, Paris, Roen, San Francisco, Stocktoinn, St. Potese¬
2288 829 2600 882 burg, Toronto.
1892 911 3135 1041 prone Jocta tohuos
1898 1019 2123 1086 vomra
2821 1015 3077 1110 A
2118 1028 2480 1157 B
1893 1081 1932 1142 A
2457 1151 2919 1270 Ooke.
2224 1412 2730 1542 Teatret.
2042 1576 2853 1662 Arthur Schnitzler: „J Dodens
2345 1655 2561 1727 Stund“
2082 1763 2846 1877 Det var et i sjalden Grad smukt og
2043 1815 2855 1927 idealt dramanisk Arbejde, som Skue¬
2054 1910 2840 1994 spillere fra „Kobenhavns frie Scene“
2049 1975 2861 2044 i Aftes opforte her paa Teatret, kun
2056 2035 2852 2099 maa beklages, at Publikum var modt
2040 2093 2838 2163 saa faatalligt. Handlingen, der er
2055 2158 2844 2226 overmaade origi ial og speendende, fore¬
2046 2210 2839 2284 gaar i en velhavende wiensk Embeds¬
2047 2264 2848 2326 familie. I forste Akt, hvor til at be¬
2050 2338 2847 2409 gynde med straalende Ungdom og Lykke
2044 2381 2844 2456 slaar en i Mode, faar alt dette en brat
2049 2444 2839 2526 Assluting, da alle Damers Yndling,
2049 2504 2839 2588 Husets unge Son Hugo, bringes doende
2046 2557 2847 2631 til sit Hjem, efter at vere forulykket
2045 2617 2848 2688 paa en Ridetur. Inden Hugo dor,
2040 2681 2848 2758 betror han sin Moder, at han har en
2044 2721 2865 2807 lille Dreng med sin Elskerinde Toni¬
2037 2787 2843 2867 Weber, og det er hans „sidste Villie",
2031 2857 2853 2937 at de to skal optagesi Huset og knyttes
2049 2910 2842 2966 til Familien. Dette sker. Og alle
2039 2959 2832 3044 elsker den lille Dreng og er taalelig
2043 3014 2844 3102 flinke mod Moderen; men da ogsaahan,
2048 3087 2844 3168 den lille blege Skrantning, dor, saa
2054 3130 2847 3224 merker den fattige Toni forst rigtig,
2044 3194 2842 3282 ## oberstsbig hun er i det rige Hjem.
2049 3260 2846 3344 Man skammer sig over hende, og da
2045 3317 2849 3385 tilmed Husets Svigerson, den bornerte
2053 3378 2853 3447 og hadske Dr. Schmidt, saa utvetydig
2050 3442 2849 3519 fordrer heude drevet ud af Huset, for¬
2047 3497 2849 3572 lader den stakkels Toni sonderknust det
2049 3551 2847 3627 Hjem, der havde givet hende Naadsens¬
2057 3614 2839 3686 brod, men ikke det, hun trengte mest
2049 3677 2844 3748 til: Kerlighed. Derfor fortrekker hun
2055 3738 2851 3798 Doben. Men Franziska — den afdodes
2055 3788 2840 3870 varmtsolende Spster — hun er som
2060 3855 2845 3922 Famliens onde Samvittighed; da hun
2049 3915 2848 3982 erfarer at Toni er borte og har fundet
2053 3966 2858 4034 den Seddel, hvorpaa stod, at „de aldrig
2055 4024 2855 4095 mere fik hende at se“, retter hun de
2053 4083 2853 4165 haftigste Bebrejdelfer mod Foraldrene,
2053 4136 2848 4207 og sin forlovede, den ubarmhjertige Dr.
