3484 4256
85 554 167 624 50
72 616 156 665 100
66 650 164 698 200
52 688 148 735 500
51 725 160 790 1000
103 783 177 825 im
27 804 171 873 Ponnem
38 859 186 920 bonnent
188 4 1133 66 iie 1ere er  eeeenng
168 70 1184 104 sieht sich durch das „Vermächtniß“ vollkommen enttäuscht.
174 95 1188 138 Dieses, in drei überlauge Sterbe=Akte zersollende Stück ist
176 134 1190 174 nichts Alderes als eine recht breitspurig vorgetragene
176 169 1193 220 Variation der „Liebesei“ und die These, die der Autor
173 200 1182 245 seinem Problem zu Grunde legt, ist gleichfalls nichts
176 244 1190 295 weniger als neu und erscheint gerade in der Foim, wie
168 277 1189 327 sie Herr Schnitzler aufwirft, unlösbar. Dazu gesellt sich
178 319 1186 360 noch die Armuth in der Efindung einer interessanten
164 366 1190 398 Handlung, die eigentlich über die Exposition nicht hinaus¬
175 384 1187 437 kommt und von da ab in Dialogen und Stimmungsmale#ei
172 437 1187 473 untergeht. Ohne den Zuinkk, daß in jedem Akte der Tod
160 450 1199 509 als treibender Motor auftritt, würde auf der Bühne nur
160 502 1194 556 endloses Gerede herrschen; aber auch so wirkt das Sterben
158 547 1159 581 der Hauptfiguren des Stückes nichts weniger als tragisch.
204 549 1184 623 Wieder ist es das „süße Mädel“ für dessen Geschick
176 602 1190 659 Schnitzler unsere Theilnahme aufruft. Der Sohn einer wohl¬
1189 600 1383 667 inclusive
1212 650 1352 687 Porto.
175 646 1194 699 habenden und angesehenen Familie, deren Haupt Professor
1199 670 1370 716 Zahlbar
180 680 1194 737 der Nationalökonomie und Abgeordneter ist, hat ohne Wissen
1190 705 1412 763 im Voraus
178 703 1195 772 der Eltern ein Verhältniß mit einem Mädchen aus dem
180 757 1195 812 Volke angeknüpft, welcher Liebesbund bereits mehrere Jahre
177 768 1431 854 währt und dem ein Knäblein entsprossen ist. Eines Tages itte ist das
190 829 1430 877 wird der jugendliche Vater, der im Prater durch einen steht es den
189 862 1332 924 Sturz vom Pferde verunglückt ist, sterbend ins Elternhaus adern.
170 902 1200 956 gebrocht. In seiner letzten Stunde legt er den Seinen das
177 938 1207 1005 Schicksal seiner Geliebten und seines Kindes, die er zu sich
184 976 1198 1033 rufen läßt, ans Herz. Er stirbt und hinterläßt Toni und
173 1015 1204 1067 den kleinen Franzi seiner Familie als Vermächtniß. Die
176 1051 1210 1114 Frauen des Hauses ehren das Andenken des geliebten Heim¬
173 1092 1213 1140 gegangenen, indem sie Toni und ihr Kind in die Familie
175 1131 1205 1181 aufnehmen und sie wie vollwerthige Glieder derselben zu be¬
1882 1123 2229 1207 PLieien 13301.
190 1165 1211 1217 handeln suchen. Der Professor jedoch, ein moderner Phra¬
183 1203 1210 1251 seur und Poseur, schwankt in seinen Ansichten und Empfin¬
1549 1212 2515 1287 Unternehmen für Zeitungs-Ausschnitte.
188 1244 1216 1295 dungen sehr bedenklich. Er will den Großmüthigen spielen
2582 1233 2805 1309 Ausschnitt
1284 1172 1550 1326 2
177 1285 1198 1336 und sich dafür bewundern lassen. Die „Welt“ aber, d. h.
192 1312 1213 1361 der Kreis von Bekannten, den man so zu benennen liebt,
2510 1294 2774 1402 Nr. 2
1694 1288 2400 1413 „OBSERVER“
198 1354 1208 1405 findet es anstößig, daß ein gefallenes Mädchen die Rechte
190 1399 1207 1442 einer legitimen Witwe in Anspruch nimmt und eingeräumt
1319 1405 2809 1479 I. österr. behördl. concess. Bureau für Zeitungsberichte und Personalnachrichten
177 1419 1214 1480 erhält. Die Gesellschaft zieht sich somit vom Hause des
191 1471 1218 1521 Professors zurück, was diesen alsbald zu einer anderen
1627 1487 2501 1560 Wien, IX/1 Türkenstrasse 17.
181 1512 1215 1553 Moraianschauung bringt, in welcher er von einem jungen
180 1552 1220 1599 Arzte, der um die Hand der Tochter des Professors wirbt,
1573 1561 2554 1628 Filiale in Budapest: „Figyelö“, VIII. Josefsring 31a. —
183 1592 900 1647 auf das nachdrücklichste unterstützt wird.
214 1590 1207 1674 Der kleine Franzi hat jedoch die Herzen der Frauen ganz
179 1652 1208 1711 gewopnen und jeder Hinweis auf Gesellschaft und Sitte
190 1686 1209 1755 prallt deshalb bei ihnen wirkungslos ab. Da stirbt aber
1318 1690 2587 1791 Ausschnitt aus: Wiener alldemeine Zeitugg.
190 1739 1222 1778 auch das Kind und nun verändert sich die Sitnation jäh¬
190 1773 1213 1814 lings. Das Kind erschien der Familie wohl als ein zu
191 1805 1217 1857 respektirendes Bermächtniß, anders aber ist es mit Toni,
183 1847 1213 1903 die doch nichts Anderes als die Geliebte des Sohnes ge¬
1330 1846 1571 1920 vom
191 1872 1222 1932 wesen war und die dieser wohl kaum geheiratet haben würde,
1557 1894 1769 1975 K. 75.
182 1909 1223 1973 auch wenn er am Leben geblieben wäre. Sie gehort, nachdem
195 1960 1222 2008 sie auch ein weiter Abstand in der Bildung von der Familie
187 1996 1214 2047 des Proffessors trennt, nicht zu dieser und ihr wird nun
194 2028 1227 2082 der Standpunkt klar gemacht, daß es für sie am besten sei,
180 2075 1222 2110 das Haus, das ihr eine Heimstätte geboten, wieder zu ver¬
189 2100 1229 2165 lassen, wogegen man natürlich für ihre materielle Existenz
205 2157 585 2209 Sorge tragen werde.
1487 2103 2657 2219 Theater, Kunst und Literatur.
214 2155 1218 2231 Was thut nun Toni? Sie geht in den Tod, vermuthlich
189 2217 1217 2278 in's Wasser und dieser Abschluß des Stückes wirft die besten
2163 2211 2626 2287 Wien, 1. December.
196 2252 1221 2310 Absichten des Autors über den Haufen. Ist Toni unseres
1565 2265 2648 2325 (Burgtheater.) Ein neues Schauspiel von Arthur
183 2292 1232 2338 vollen Mitgesühles würdig, dann würde sie nicht das
1485 2307 2646 2386 Schnitzler: „Das Vermächtniß“ ist gestern mit
185 2340 1230 2381 Gnadenbrod im Hause des Professors beanspruchen wollen;
1488 2359 2649 2409 großen Sympathien aufgenommen worden und hat eine tief¬
184 2373 1233 2421 als Mädchen aus dem Volke, dem die Arbeit nicht fremd
193 2409 1228 2450 ist, würde sie allein für ihr Fortkommen zu sorgen wissen.
1491 2396 2663 2451 gehende Wirkung geübt. Wir berichten morgen ausführlich
194 2444 1234 2490 Und ist es glaublich, daß sie, die den Verlust des Geliebten
1485 2446 2661 2510 über das Werk und die Darstellung und über den verdienten
193 2478 1235 2537 und des Kindes ertragen hat, nun das Leben von sich wirst,
1492 2495 2088 2563 Erfolg, den Beides errungen.
191 2521 1221 2565 weil sie nicht mehr im Hause des Professors als eine
198 2549 1230 2609 Geduldete verweilen darf? Das ist bei einem Mädchen von
198 2588 1221 2642 rechtschaffenem Empfinden undenkbar und würde sie unseres
188 2631 968 2685 Interesses absulut unwerth erscheinen lossen.
222 2649 1219 2736 Was aber wirft der Autor der Gesellschaft vor? Daß sie die
185 2710 1225 2762 „freie Liebe“ nicht mit der sittlichen Institution der Ehe auf
195 2742 1220 2813 gleiche Stufe stellen, ihr nicht dieselben Rechte einräumen will?
185 2779 1232 2849 Herr Schnitzler selbst wagte es nicht, diesen Vorwurf mehr
194 2826 1232 2880 als anzudeuten; eine vernünftige Begründung desselben
194 2856 1221 2906 wäre ihm auch auch unmöglich gewesen und da ihm die
197 2901 1212 2954 Lösung seines Problems aus den Händen glitt, so schließt
200 2954 1226 3005 sein Stück ab, ohne daß in der Frage, die es behandelt,
202 2990 886 3031 ein entscheidendes Wort gefallen wäre.
228 3016 1227 3089 Ueber diese Schwäche des Stückes täuscht auch nicht die
195 3073 1227 3122 geschickte Mache einzefner Szenen hinweg. Man weiß, daß
202 3110 1225 3170 Schnitzler sich auf Bühnenwirkung versteht, viel u. ehr aber
1723 3119 2418 3198 Bezugs-Bedingungen.
194 3139 1222 3184 bringt er für den Beruf des Dramatikers nicht mit. Wenn
205 3192 1230 3231 trotzdem „Das Vermächtniß“ bei der Première vielen Beifall
1355 3182 2562 3255 Für 50 Zeitungsausschnitte (Artikel oder Notizen) fl. 7.50
2576 3216 2761 3271 inclusive
198 3216 1223 3276 gesunden hat, so ist dies zum großen Theil ein Verdienst
1447 3235 1544 3285 100
2596 3257 2744 3297 Porto.
191 3248 1155 3321 der Darstellung, die insgesammt eine vortreffliche war.
2416 3265 2538 3316 25.—
2593 3284 2744 3324 Zahlbar
1443 3277 1545 3326 200
234 3290 1233 3344 Herr Hartmann, der den Professor gab, entrirte damit
2424 3285 2787 3361 55.— im Voraus
1436 3315 1557 3364 500
194 3348 1228 3383 ein neues Fach, für das er ausgezeichnete Qualitäten mit¬
2392 3344 2575 3403 „ 100.—
1383 3351 1557 3414 „ 1000
194 3365 1230 3420 bringt. Er skizzirte den unschlüssigen, wechselnden Csarakter
1486 3393 2815 3444 Im Gegensatze zu anderen Bureaux für Zeitungsausschnitte ist dar
197 3402 1237 3451 der Figur in den wirksamsten Farben und blieb dabei
2456 3426 2823 3485 auch steht es den
1391 3431 2460 3489 Abonnement durch keine bestimmte Zeitdauer begrenzt; —
208 3449 1232 3495 immer natürlich und wahr. Rührend und mit schlichter Herz'ich¬
1529 3471 2714 3527 nien frei die aufgegebenen Themen zu ergänzen oder zu ändern.
195 3485 1238 3530 keit spielte Frau Schratt die Toni und Frau Hohenfels
205 3520 1231 3572 als mitfühlende Freundin war von sieghafter Gewalt der
210 3565 1240 3608 Rede. mit der sie insbesondere im dritten Akte mächtig
208 3599 1231 3647 durchschlug. Fein und charakteristisch spielte Frau Schmitt¬
208 3643 1238 3686 lein die Professorin und Herr Treßler gab ihren sterben¬
196 3680 1226 3720 den Sohn mit einer realistischen Detailmalerei, welche die
211 3705 1242 3755 Nerven erregte. Fräusein Medelsky wandte ihre reichen
208 3741 1236 3796 Mittel für eine ebenso überflüssige wie uninteressante Ge¬
201 3799 1239 3831 stalt auf, indeß Frl. Bleibtren trotz ihrer natürlichen
199 3820 1241 3878 Jugendlichkeit einer älteren Mutterrolle bestens gerecht
209 3842 1243 3913 wurde. Herr Devrient erwies sich wieder als Meister
209 3895 1224 3946 unangenehmer Partien und in einer Knabenrolle entwickelte
1041 3931 1231 3983 Alpha.
211 3935 891 3984 Frl. Metzl recht hübsche Talentproben.
