3436 4320
1316 225 1865 325 box 16/3
211 226 1261 339 10. Das Vernaechtnis
1877 1027 2665 1096 — . Hunochen burch de. —
1806 1076 2905 1144 auf einem Gummiball zum Springen und leider  dem
1115 993 1221 1181 4
1805 1118 2378 1183 auch zum Quietschen bringen.
2759 1136 2884 1189 Geld
852 1206 1799 1262 Musterleistung seiner Charakterisirungskunst. Herr 1
2748 1218 2905 1269 ausge
1886 1204 2744 1282 * + Die Beratungen der Universitäts¬
838 1235 1796 1292 Sauer war ebenfalls vorzüglich in der Rolle
2756 1253 2899 1306 Währ
1790 1231 2751 1327 Rektoren im Kultusministerium sind Sonnabend abend
846 1284 1783 1335 des streberhaften Arztes. Herr Rittner ist gewisser¬
1790 1297 2262 1354 zum Abschluß gekommen.
2753 1295 2901 1349 lanter
839 1323 1508 1387 maßen ein männlicher Hannele,
1539 1321 1792 1387 rspielt den
2749 1333 2895 1385 glleick
1914 1318 2744 1387 Der Kunsthistoriker Prof Dr. Dobbert,
846 1368 1790 1424 Juristen, der sterbend auf die Bühne getragen
2746 1372 2876 1425 ziät“
1795 1354 2739 1431 der ein Lehramt an der Technischen Hochschule sowie an
839 1405 1784 1460 wird. Herr Winterstein gab ein gutes
2757 1413 2893 1466 elektr
1802 1403 2752 1466 der akademischen Hochschule für die bildenden Künste
845 1436 1789 1500 Charakterbild des bescheidenen und ehrlichen Sub¬
2756 1453 2898 1503 Ausg
1793 1444 2750 1506 bekleidet, ist zur Herstellung seiner Gesundheit für den
834 1479 1122 1535 alteinbeamten.
1123 1475 1783 1542 Frl. Lehmann war rührend
2756 1489 2887 1548 appar
1807 1486 2752 1543 Winter beurlaubt. An der Kunsthochschule wird ihn
845 1516 1790 1578 in der Rolle der Geliebten, die ihren Lieb¬
2754 1531 2892 1576 dame
1790 1533 2747 1583 der ständige Sekretär der Akademie, Professor Dr.
846 1549 1786 1605 haber und ihr Kind verliert. Frl. Elsinger
1802 1568 2754 1620 von Oettingen, der früher in Düsseldorf die
837 1594 1784 1648 bewährte sich glänzend in ihrer Hosenrolle,
2762 1606 2908 1673 diesen
1802 1606 2754 1674 kunstgeschichtliche Professur inne hatte, vertreten. Herr
845 1634 1789 1696 und die Damen Dumont und Sarrow wußten
2758 1645 2896 1703 Verst.
1809 1641 2738 1712 von Oeningen beginnt am 17. Oktober; das Programm
844 1676 1788 1718 die gereifte und wohlmeinende Weltdame sowie das
1803 1684 2743 1752 seiner Vorlesungen lautet: Italienische Kunst und
2760 1679 2892 1745 durch
847 1704 1794 1767 in ihren Gefühlen enthusiastisch gesteigerte junge
1802 1712 2321 1775 Litteratur in der Renaissance.
2759 1720 2901 1778 berei:
844 1745 1793 1817 Mädchen aus guter Gesellschaft mit intimer Kunst
1907 1743 2735 1826 3% Der Altmeister der Strafrechtswissen¬
2763 1765 2892 1814 einer
848 1786 1115 1852 wiederzugeben.
1615 1794 1751 1848 v. H.
2757 1802 2875 1858 legte
1805 1790 2738 1858 schaft. Geheimer Jnstizrat Professor Dr. Berner,
2759 1846 2882 1894 wegn
1802 1841 2750 1892 der im Mai bereits das 50 jährige Professor=Jubiläum
1806 1874 2742 1931 an der Berliner Universität feiern konnte, ist erfreulicher
2764 1882 2888 1929 Drah
925 1878 1797 1947 ** „Doktor Kohn“ von Max Nordau. Von
1798 1920 2747 1967 Weise in der Lage, seine Vorlesungen im Winter wieder
2750 1915 2895 1973 Masd
842 1929 1785 1984 Max Nordau ist soeben ein vieraltiges bürgerliches
1806 1957 2732 2006 aufzunehmen. Geh. Rat Berner liest vierstündig über
2755 1961 2893 2010 einer
842 1969 1782 2009 Trauerspiel aus der Gegenwart „Dokter Kohn“ er¬
1805 1995 2738 2057 Strafrecht und legt den Vorträgen sein berühmtes
2756 1998 2890 2057 nadel
845 2003 1790 2055 schienen. Das in einer mitteldenischen Universitäts¬
1807 2031 2743 2106 Lehrbuch zu grunde, das soeben in achtzehnter
847 2047 1792 2102 stadt spielende Stück behandelt einen tragischen Konflikt,
1812 2061 2187 2137 Auflage erschienen ist.
2752 2071 2896 2142 Spra¬
836 2084 1792 2155 dessen Grundlage der Antisemitismus unserer Tage
1879 2096 2735 2157 2 König Oskar von Schweden ist zum Mit¬
2757 2118 2872 2169 im 4
834 2119 983 2178 bildet.
1803 2143 2741 2213 glied der Naturforscher=Gesellschaft in Moskau ernannt
2758 2149 2901 2212 Wärn
930 2161 1779 2241 ** Otto Erich Hartleben hat ein neues ein¬
1799 2188 1961 2242 worden.
2744 2193 2882 2247 selbst
847 2203 1549 2276 aktiges Drama „Der Fremde“ vollendet.
2744 2234 2887 2286 anged
1926 2212 2742 2286 Gedenkfeier für Verzelins. Anläßlich der
957 2240 1780 2308 Direktor Prof Anton von Werner
1808 2260 2739 2321 jünfzigsten Wiederkehr des Todestages des Chemikers
2756 2271 2902 2328 Erläu
836 2294 1785 2361 ist auf weitere fünf Jahre mit der Leitung
1799 2306 2746 2358 Berzelins fand, wie uns ein Telegramm aus Stock¬
836 2336 1792 2403 der akademischen Hochschule fur die bildenden Künste
1796 2351 2733 2413 holm itteilt, Freitag abend im Festsaale der musika¬
2738 2344 2883 2407 Urhe
832 2380 1777 2440 betram worden; er steht seit dem 6. April 1875 an der
1795 2385 2747 2451 lischen Akademie eine Gedenkfeier statt, welcher
2749 2398 2866 2446 mag
839 2413 1779 2476 Spitze der Anstalt, als Nachfolger des Malers Prof.
1791 2423 1913 2472 auch
1908 2421 2160 2478 der König
2174 2422 2383 2482 beiwohnte.
2402 2414 2877 2486 Professor Cleve Grie¬
840 2450 1315 2511 Eduard Dacge (gest. 1883).
1801 2456 2192 2517 hielt die Festrede;
2191 2463 2743 2522 an dieselbe schloß sich der
2754 2460 2873 2535 öster:
915 2489 1781 2551 8i8 Die Orientreise des Kaiserpaares soll
1792 2510 2741 2564 Gesang einer Kamate. Als Vertreter Deutschlands
832 2531 1777 2590 auch durch die Photographie in möglichst anschaulicher
1797 2544 2744 2606 sprach das Mitglied der Akademie van t'Hoff für die
2746 2504 2877 2602 bin
846 2565 1793 2616 Weise wiedergegeben werden, mit welchen Arbeiten
1798 2582 2736 2626 deutsche elektrotechnische Gesellschaft Professor Arhenius;
2749 2592 2858 2640 und
842 2613 1789 2667 Herr Ottomar Anschütz betraut worden ist. Derselbe
1795 2620 2728 2673 außerdem ergriffen Vertreter ausländischer Universitäten
2748 2632 2851 2678 Sch¬
841 2650 1781 2703 verläßt am Dienstag Berlin und wird sich in
1784 2665 2584 2716 und wissenschaftlicher Gesellschaften das Wort.
2744 2669 2870 2724 Schr
1856 2692 1910 2737 *
838 2676 1783 2742 Haifa am Kaiserlichen Gefolge anschließen. — Gestern war
1928 2712 2738 2756 Francisco Coello de Portugal, ein be¬
836 2727 1772 2783 Herr Anschütz zu der Kaiserin berufen worden, um die
1797 2730 2740 2791 deutender spanischer Geograph und Verfasser des
2736 2746 2864 2797 Nach
843 2768 1783 2833 Befehle der hohen Frau für die Vervollständigung
1794 2772 2732 2843 Meisterwerkes „Spanien und seine Kolonien“ ist in
2733 2785 2853 2846 zwa
828 2807 1784 2861 der photographischen Ausrüstung zur Orientreise
1788 2809 2730 2869 Madrid gestorben. Früher Offizier, schied er 1865 als
2742 2827 2846 2875 Ur
837 2845 1775 2909 entgegenzunehmen. Die Kaiserin widmet sich seit
1784 2851 2735 2915 Oberst des Geniekorps aus dem Heeresdienst aus.
837 2869 1775 2945 längerer Zeit mit großem Vergnügen der Photographie
1791 2901 2732 2955 Er war Präsident der Geographischen Gesellschaft von
2733 2899 2850 2963 uni
829 2919 1775 2972 und schafft sich somit von allen Begebenheiten selbst die
1791 2932 2439 2983 Madrid und Mitglied der Akademie.
2734 2944 2850 2999 und
827 2942 1775 3021 Erinnerungsblätter, welche unter anderem die Salons
1928 2956 2719 3033 Die Entstehung des elektrischen Stromes.
2741 2982 2847 3034 De¬
837 3004 2728 3065 S. M. J. „Hohenzollern“, der Jacht „Irene“ und des j Unter diesem Titel hielt am 8. Oktober Direktor Dr. Spies
2742 3011 2838 3078 bes
823 3035 1373 3106 kaiserlichen Hoszuges schmücken
1766 3052 2844 3132 den zweiten Elektrizitäts=Vortrag in dem vortrefflich I wi
