3484 4256
1416 132 1875 228 box 16/2
217 136 1275 249 10. Das Vernaechtnis
957 1115 2019 1184 fühlte. Hier galt es entweder so — oder so! Entweder
161 1124 949 1195 otherrlichkeit, die, statt zu arbeiten, sich
959 1177 2010 1230 hatte Toni Weber ein Recht, in der Familie Losatti als
177 1180 946 1242 und die Frucht ihrer geschlechtlichen Liebe
961 1220 2007 1274 gleichwerthiges Glied behandelt zu werden, dann hatte
169 1218 948 1276 Andmal der Vaterlosigkeit in die Welt
960 1272 2015 1335 die Familie die Pflicht, alle Rücksichten auf die Gesell¬
174 1259 948 1340 man unehelichen Kindern noch immer
959 1312 2018 1361 schaft über Bord zu werfen. Oder aber: es hatte die
174 1315 943 1380 Mißachtung und Zurücksetzung auf
969 1363 2013 1426 Gesellschaft mit ihrer instinktiven Scheu vor der Halb¬
169 1354 954 1424 Freuen pflegt. Dafür aber werden die
961 1404 2013 1456 welt Recht, dann war es ganz und gar überflüssig, uns
181 1402 955 1478 t und Alle, die ihre Schwäche theilen,
951 1456 2011 1520 noch einmal zu sagen, daß die Bourgoisie verlogen ist
167 1450 943 1517 hen Verkehrs mit einer Maitresse zu
966 1501 2014 1578 und daß nur im Bezirke der Halbwelt die wahre Sitt¬
200 1502 944 1572 liegt die tendenziöse Einseitigkeit der
961 1545 1244 1611 lichkeit wohnt.
189 1548 944 1603 Anklage. Ein ernster und gerechter
1042 1571 2007 1657 Man mag den Fall Toni Weber drehen und wenden,
174 1587 943 1668 wird offen bekennen, was ihm schwarz
959 1645 2021 1706 wie man will; es spricht eine importirte Moral aus
166 1633 945 1712 Eint, da und dort. Schnitzler aber druckt
183 1692 945 1751 feindlichen Gewalten verstohlen vorbei
953 1696 2013 1752 seiner Behandlung und Nutzanwendung zu uns. Schnitzler
967 1742 2012 1804 gilt heute im Deutschen Reiche als der ernsteste Wiener
174 1741 944 1802 kem Augenblick, wo der Widerstreit der
957 1789 2016 1858 Sittenschilderer, und deshalb muß man vor Allem fest¬
198 1788 951 1850 nach einer endgiltigen Entscheidung
961 1829 2011 1887 stellen, daß das moralische Gefühl, aus dem heraus er
163 1840 941 1904 n des Anstoßes in der schönen blauen
969 1878 2013 1935 seine Probleme gestaltet, nicht das unserige ist. Seine
176 1893 943 1942 den, um die Lebenden in's Unrecht zu
167 1931 950 1986 in erbärmlich unaufrichtiger Eskamoteur¬
960 1922 2013 1989 Quelle ist nicht in Wien, sondern in Paris zu suchen.
957 1973 2012 2031 Indeß Moral hin, Moral her. Kein künstlerisch fühlender
185 1979 945 2035 die freie Liebe eintritt, muß auch den
961 2015 2025 2084 Mensch wird von einem Kunstwerke eine unmittelbar
253 2017 949 2086 bis in ihre letzten Folgen hinein
961 2071 1981 2122 moralisirende Wirkung verlangen. Im Gegentheile,
172 2056 944 2138 theidigen. Wer da beschönigt, wird zum
958 2118 2011 2173 soll im Sinne Richard Wagner's nur „durch Veredlung
168 2109 951 2185 rräth damit nur, daß sie nicht zu ver¬
961 2165 2018 2213 des Geschmackes auf die Hebung der Sitten wirken“ Je
161 2160 956 2217 Was soll es heißen, wenn Schnitzler
167 2207 947 2272 dem er die gekränktestadtherrlichkeit
957 2191 2008 2272 mehr es dem Künstler gelingt, seine Ideen und
961 2259 2011 2321 Empfindungen in Anschauung umzusetzen, desto tieser
176 2257 947 2326 eise aus dem Wege geräumt hat, der
957 2305 2013 2357 wird auch die ethische Wirkung auf den Empfangenden
173 2307 944 2360 uses Worte in den Mund legt, wie:
965 2355 2020 2422 sein. Hat nun Schnitzler seine Ideen und Empfindungen
182 2344 944 2416 enschen so glücklich macht, kann nicht die
983 2399 2017 2461 in dramatische Anschaulichkeit umgesetzt? Mit Nichten.
179 2400 943 2459 Hier handelt es sich doch gar nicht mehr
182 2443 940 2502 oder das Glück. Wer weiß denn übrigens
961 2442 2022 2495 Nicht einmal von einem gut gemachten Theaterstücke kann
957 2495 2016 2552 man reden, geschweige denn von einem Drama. Dispute,
163 2490 942 2546 osatti wirklich so glücklich war in seinem
963 2550 2013 2601 nichts als Dispute füllen die drei Akte, und wenn der
174 2537 948 2611 Toni Weber. Er konnte eben so gut das
182 2593 938 2657 deshalb fortgesponnen haben, weil er
957 2577 2028 2640 Zufall nicht ein gar so pünktlicher Schnitter wäre,
166 2620 2028 2715 ebendige Folge dazu moralisch verpflichtet] würden die Leute schon im zweiten Akte nichts mehr zu
2034 1126 3091 1196 disputiren haben. Wenn wenigstens die süße Vorstadt¬
2036 1178 3100 1240 herrlichkeit nur einige persönliche Züge aufweisen würde,
2027 1223 3095 1279 vielleicht gelänge es einem doch, für ihr Martyrium ein
2035 1271 3088 1337 Bischen Theilnahme aufzubringen. Aber auch sie ist so
2024 1324 3095 1378 farblos und unpersonlich, wie der Kosffizient eines
2032 1366 3097 1431 Rechenexempels. Sie weint über den Tod ihres
2026 1411 3101 1471 Geliebten, sie weint über den Tod ihres Kindes, sie
2031 1462 3093 1527 weint, als man ihr Kost und Wohnung kündigt, trotzdem
2031 1503 3107 1558 sie sich so voll Takt und Rücksicht in der Familie ihres
2024 1556 3100 1618 Liebhabers benommen hat, und sie weint, bevor sie in's
2025 1602 3093 1662 Wasser geht. Ein einziges Mal bäumt sich die beleidigte
2032 1643 3096 1704 Engelhaftigkeit in ihr auf: „Hab' ich ihn denn weniger
2028 1700 3106 1766 geliebt, als ihn eine Andere geliebt hätte? Habe ich ihn
2021 1744 3097 1808 weniger glücklich gemacht, als eine Andere?“ Und als
2029 1797 3104 1859 man ihr verbietet, sich mit der Tochter des Hauses zu
2024 1848 3097 1901 vergleichen, jammert sie: „Ja, warum denn? Bin ich
2019 1885 3101 1950 vielleicht etwas Schlechteres als sie?“ Das ist Alles.
2027 1919 3107 1985 Aus dem Leben gegriffen ist nur eine einzige Gestalt:
2022 1983 3088 2031 das Oberhaupt der Familie, ein liberaler Wohlanstän¬
2022 2028 3095 2090 digkeitsheld voll Pose und Phrase. Aber auch er steht
2028 2067 3099 2138 auf tendenziösem Boden, da er neben einem ränkevollen
2020 2123 3100 2189 Bösewicht allein die bürgerliche Moral zu verkreten hat.
2025 2161 3098 2226 So schrumpft die ganze Arbeit Schnitzler's zu einer un¬
2030 2212 3096 2285 fruchtbaren Tendenzmacherei zusammen. Wenn ich die
2035 2263 3104 2324 Wahl zwischen Schnitzler und Dumas habe, dann muß
2029 2299 3105 2373 ich offen gestehen, daß ich nicht einen Augenblick zögere,
2021 2367 3108 2424 mich für Dumas zu entscheiden. Der täuscht mir wenig¬
2026 2409 3102 2469 stens keine Talmi=Wiener vor, de weiß ich doch gleich,
2029 2442 3098 2521 ich habe es mit Franzosen zu ihnn und kann mich, un¬
2024 2498 3100 2564 bekümmert um jeden tieferen poetischen Sinn, an ihrer
2030 2542 3101 2630 Fähigkeit, gefällig=anregende Konversation zu machen,
2023 2587 3055 2670 immerhin ein Bischen künstlerisch erfreuen. Th. A.
