3484 4256
1382 161 1828 244 box 16/2
183 157 1217 264 10. Das Vernaechtn—
892 439 1235 527 Telefon 12801.
385 492 1509 619 109 Unternehmen für Zeitungs-Aussehnitte.
1571 555 1788 621 Ausschnitt
693 617 1791 720 „OBSERVER“ Nr. 60
320 702 1683 797 I. österr. behördl. concess. Bureau für Zeitungsberichte und Personalnachrit¬
630 775 1482 871 Wien, IX/1 Türkenstrasse 17.
549 866 1540 953 — Filiale in Budapest: „Figyelö“, VIII. Josefsring 31a.
314 963 1255 1086 ausschnitt aus: Wedt -Schr
1301 1051 1549 1160 W.#n
324 1081 803 1224 vom12.95
475 1351 1597 1408 Das jüngste Kind seiner Muse hat Arthur Schnitzler
365 1379 1589 1472 dem Aerztestand nicht auf den Leib geschrieben. Ihre Kunst
372 1452 1592 1521 hat es nicht zuwege gebracht, uns Mittwoch im Burgtheater
359 1500 1587 1567 vor drei todtbringenden Actschlüssen zu retten. Die dumpfe
375 1540 1595 1616 Traurigkeit, die über Schnitzler's neuestem Schauspiel „Das
364 1585 1586 1668 Vermächtniß“ rnausgesetzt ihre düsteren Schatten breitet, ist
369 1649 1596 1709 der Cardinalfehler des Stückes, denn die tiefsinnige Lebens¬
370 1702 1590 1749 philosophie seiner sonst so trefflichen Arbeit ermüdet die Zu¬
363 1744 1594 1812 hörer durch den vollständigen Mangel auch nur des kleinsten,
356 1784 1601 1851 -heiteren Einwurfes. Schnitzler ist schon lange würdig, der
362 1832 1589 1909 Bezeichnung als „Jung=Wiener“ wieder entkleidet zu werden,
374 1879 1596 1940 denn er kämpt im Gegensatz zu diesen mit bewunderungs¬
372 1950 1597 2000 würdiger Treue erstens für gesunde Principien, zweitens immer
361 1983 1592 2037 für dieselben. Der Inhalt seines Schauspieles gipfelt in dem
367 2037 1592 2094 Gedanken, daß die Liebe zu einem guten Mann keine Sünde
362 2079 1583 2158 sei, auch wenn dieselbe ihres legitimen Charakters entbehren
371 2141 1597 2193 müsse. Man hat das Gefühl, daß dieser Gedanke sich nicht
367 2178 1588 2248 aus der Handlung ergibt, sondern daß der Dichter zu diesem
362 2243 1594 2303 Gedanken erst die Handlung gesucht hat. Doctor Hugo Losatti
368 2288 1589 2351 ist der Name des jungen Mannes, der, durch einen Sturz
363 2339 1582 2401 vom Pferde dem Tode geweiht, kurz vor seinem Ende seiner
368 2387 1592 2453 Mutter die Existenz einer Geliebten und eines Kindes einge¬
364 2433 1593 2494 steht. Er nimmt ihr das Versprechen ab, sich derselben an¬
356 2474 1585 2549 zunehmen. Seine Mutter und seine Schwester Franziska, eine
371 2535 1677 2614 freidenkende, äußerst sympathische Mädchengestalt, setzen den ##
1583 2614 1664 2649 ahl
367 2601 1663 2685 kletzten Wunsch des theuren Todten in die That um und ve
364 2675 1593 2739 kommen Toni Weber, der armen Verlassenen, mit innigem
368 2715 1602 2779 Wohlwollen und warmer Freundschaft entgegen. Von den
374 2747 1671 2851 übrigen Verwandten verhält sich ein Theil passiv, ein anderer, in
357 2803 1590 2887 9 darunter auch Franziska's Bräutigam Doctor Ferdinand
355 2863 1599 2932 Schmidt, findet ihre Aufnahme in die Familie mit ihren
361 2899 1581 2957 Grundsätzen über Moral und Sitte unvereinbar, und ist be¬
367 2955 1592 3025 müht, Toni Weber hinauszubeißen. Nach dem kurz darauf
356 3001 1600 3069 erfolgenden Tode ihres Kindes glauben sie nun der letzten
356 3068 1584 3119 Rücksichten auf den Willen des Verstorbenen enthoben zu sein
363 3107 1592 3180 und beschwören den Bruch herauf, der durch einen peinlichen
362 3152 1600 3223 Auftritt zwischen Toni und Schwidt perfect wird. Toni
368 3198 1585 3253 Weber wandelt den Weg Christinen's in der „Liebelei“
443 3248 1588 3307 sie geht in's Wasser. Franziska fühlt sich von der
361 3293 1592 3361 engherzigen Moral ihres Bräutigams abgestoßen und löst
363 3354 1589 3415 ihre Verlobung mit ihm. In der Rolle des Vaters Losatti,
367 3391 1581 3449 eines zweiten Hjalmar Egdal, rehabilitirte sich Herr Hart¬
354 3449 1578 3512 mann für verschiedene Niederlagen der letzten Zeit glänzend.
351 3490 1592 3558 Die Damen Hohenfels und Medelsky, die Herren
361 3541 1585 3606 Treßler und Devrient verdienen uneingeschränkte An¬
352 3599 1581 3658 erkennung. Frau Schmittlein fand etwas zu spät den
354 3639 1588 3707 richtigen Ausdruck für die Angst der für das Leben ihres Kindes
357 3697 1592 3752 zitternden Mutter. Frau Schratt war gut wie gewöhnlich,
360 3746 1590 3808 Fräulein Bleibtreu zu wuchtig und Herr Paulsen zu
347 3786 1594 3852 kalt. Der Erfolg war ein verdienter, obwohl er selbstverständlich
347 3846 1590 3907 war. Denn während man auf der Bühne „das Vermächtniß“
361 3892 1366 3955 spielte, sah man im Parquet „die guten Freunde“.
1253 3936 1558 4013 Jaromir.
2332 759 2688 866 Telefon 12801.
1767 865 2958 967 105 Unternehmen für Zeitungs-Ausschnitte.
3020 887 3247 962 Ausschnitt
2962 946 3239 1059 Nr. 80
2141 946 2853 1050 „OBSERVER“
1776 1046 3222 1131 1. österr. behördl. concess. Bureau für Zeitungsberichte und Personalnachrichten
2077 1119 2940 1218 Wien, IX/1 Türkenstrasse 17.
2007 1207 2973 1288 — Filiale in Budapest: „Figyelö“, VIII. Josefsring 31a.
1769 1319 2935 1414 Ausschnitt aus: Zeze G
1783 1458 2170 1561 vom 9#/2#
2294 1542 2685 1636 Hofburgtheater.
1825 1604 3154 1705 ((„Das Vermächtniß". Schauspiel in drei Acten von Arthur Schnitzler.
2045 1676 3000 1736 Zum ersten Male aufgeführt am 30. November 1898.)
1943 1728 3138 1806 Eine neue Dichtung von Arthur Schnitzler gilt heute,
1835 1784 3150 1848 und mit vollem Rechte, als literarisches Ereigniß. Man kennt
1838 1831 3144 1897 diesen hochbegabten Autor, der an Talent und im rücksichtslosen
1836 1882 3142 1934 Schauen seine Collegen Bahr, Dörmann, Herzel u. s. w. in
1838 1931 3153 1986 den Schatten stellt, als einen Modernen, der aus den unteren
1846 1975 3143 2038 Volksschichten aufregende, wenn auch nicht gerade sittlich un¬
1843 2028 3155 2087 anfechtbare Thesen dramatisch bearbeitet und gewohnt ist, der
1847 2071 3155 2135 klein= und großbürgerlichen Gesellschaft den Spiegel ihrer Heuchelei
1838 2119 3141 2180 vorzuhalten. Schnitzler ist Arzt, ein medicinischer Dramendichter.
1840 2165 3142 2232 Mit anatomischer Schärfe zergliedert er den Hochmuth, den
1842 2209 3139 2270 Classenstolz und das scheinbar noble Raffinement seiner Mit¬
1851 2263 3139 2326 bürger. Aber seine Schauspiele leiden an dem freilich verzeih¬
1848 2313 3156 2375 lichen Fehler, daß er auch Trugschlüsse für seine Dogmen in's
1850 2359 3153 2413 Feld führt, daß er seine gesellschaftlichen Hypothesen in blinder
1849 2406 3139 2466 Wuth auch gegen rechtliche Gegner vertheidigt. „Das Vermächtniß“.
1839 2454 3154 2502 dessen starker Erfolg unbestritten ist, leidet, mehr als seine Vor¬
1849 2502 3152 2553 gänger aus Schnitzler's Feder, an diesem Fehler. Sterbend
1853 2548 3149 2605 beschwört der Sohn des Abgeordneten und Universitätsprofessors
1846 2594 3152 2650 Adolf Losatti seine Eltern und Schwester, seine langjährige
1844 2638 3156 2707 Geliebte und ihr Kind in's Haus zu nehmen. Herr, Frau und
1852 2688 3151 2744 Fräulein Losatti halten ihren Schwur, verstoßen aber Antonie
1853 2740 3152 2803 Weber, nachdem ihr Knabe gestorben ist. Antonie geht in's Wasser.
1856 2788 3153 2850 Hierin liegt die Schwäche des „Vermächtnisses“ Weshalb geht
1850 2836 3172 2887 Antonie in den Tod? Und weshalb werden Professor Losatti“
1862 2877 3175 2950 und seine Frau als grausam hingestellt, wenn sie, nachdem der!
1857 2927 3207 3006 Enkel gestorben, die ungeliebte Geliebte des Sohnes, die in ihr
1865 2973 3166 3030 Haus nicht paßt, entfernen wollen? Sie hätten das Mädchen¬
1856 3022 3237 3084 ja auch ferner noch unterstützt, sie hätten sie nicht fallen lassen, as
1789 3069 3236 3132 Ahaber zu Fräulein Franziska Losatti, ihrer Tochter, einem recht den
1813 3122 3155 3172 Absecessionistisch gesinnten Blaustrumpf, paßt denn die gefallene
1858 3172 3159 3222 Tom doch nicht. Und Schnitzler verstopft seine Ohren gegen
1845 3215 3158 3284 diese triftigsten Gründe der Vernunft. Vielleicht auf der Bühne!
1845 3273 3147 3327 Inur. Denn gewiß wird er seinen eigenen Schwestern keine Toni
1843 3322 3145 3372 Weber in's Haus bringen. Gespielt wurde dieses Drama der
1847 3368 3144 3420 Iverlassenen Magdalenen mit lobenswerthem Naturalismus. Frau
1850 3426 3141 3471 „Schratt wußte als Toni Weber warme Herzenstöne anzu¬
1848 3447 3149 3525 schlagen, so daß manches mitleidsvolle Auge naß wurde. Herr
1851 3501 3159 3578 HHartmann und Frau Schmittlein übertrugen ihre Rollen
1849 3549 3149 3621 in Ibsen'sche Gedankentiefe, und Frau Hohenfels überzeugte,
1852 3601 3153 3647 selbst Ungläubige, zu ihren sittlich unmoralischen Gesellschafts¬
1851 3646 3151 3701 dogmen. In kleineren Partien gefielen die Frl. Bleibtreu,
1847 3692 3144 3759 [Medelsky und Metzl, die Herren Devrient und Treßler.
1849 3739 3139 3799 Herr Paulsen scheint uns für die Burg zu hölzern und un¬
1831 3775 2048 3845 lvornehm.
