3436 4256
982 198 1106 268 chf
1471 197 1905 291 box 16/2
261 197 1310 314 10. Das Vernachnanis
527 356 3103 428 und er kann sie so, dass er ohne Souffleur spielen könnte. Ja, Bruder, Toleranz der Griechen und Römer eigentlich erst in die abend¬
1820 428 3103 476 ländische Culturwelt eingeführt. Aber wie stehen die meisten Menschen
524 427 1820 481 freilich, da hört die Concurrenz bei vielen auf. Und darum ist der
1824 472 3101 523 in ihrem Innern dieser „Sünde“ gegenüber! Man nehme willkürlich
531 468 1815 538 Mann frei auf der Bühne: er ist frei in der Rede, die er nicht
1822 507 3105 570 tausend Männer, um von der heiklen Frage beim weiblichen
536 511 1816 572 zu dehnen und durch immer wiederkehrende Pausen zu zerreißen
1825 554 3117 608 Geschlecht nicht zu reden. Nun, wie viele werden unter ihnen sein, die
544 569 1820 615 braucht, um seinen geistigen Bedarf von dem Souffleur stückweis
1821 593 3113 657 noch nie „gesündigt“ haben, ja denen das nicht schon ziemlich oft
522 603 1818 664 aufzuschnappen: er ist frei in der Bewegung, weil er nicht genöthigt
1824 638 3117 701 widerfahren wäre? Und wie nachsichtig ist die Gesellschaft in der
532 650 1818 697 ist, immerwährend in der Nähe des Souffleurkastens oder der hinter
1823 685 3110 749 Richtung — solange nichts herauskommt! Ja aber dann, wenn die
535 688 1825 745 den Coulissen postierten Souffleure herumzutanzen; er ist frei im
1821 734 3108 785 Sache offenkundig wird, dann ist alles anders. Dann wird ein
522 730 1818 800 Aufwande an Stimmmitteln, weil er keinen laut mitredenden
1827 773 3113 837 kleiner Bruchtheil vielleicht Antheilnahme aussprechen und bethätigen,
526 780 1816 847 Souffleur zu überschreien oder doch zu decken hat. Das Publicum
1827 822 3117 880 ein anderer Theil wird sich achselzuckend davonschleichen oder sich
524 817 1826 885 empfindet es wohl unangenehm, wenn es oft ein ganzes Stück zwei¬
1823 866 3116 919 dagegen verwahren, dass man gewisse Dinge durch Anerkennung
541 867 1821 927 mal, einmal aus dem Souffleurkasten heraufgezischt und dann auf
1826 913 3115 965 „sanctioniere“ und die meisten „Mitsünder“ werden entrüstet ihr
529 905 1819 966 der Bühne zusammengestoppelt genießen muss, aber es ahnt gar
1825 946 3121 1009 Verdammungsurtheil kundgeben. Das, was uns Schnitzler vorführt,
534 949 1830 1006 nicht, welche Macht für den Schauspieler darin liegt, wenn er seine
1828 989 3114 1053 ist nun nur ein concreter Fall, in dem besondere Umstände zu der
532 1000 1821 1070 Rolle gleichsam im Schlafe aufsagen kann, und wie wenig von
1823 1042 3113 1093 Aufnahme der aus einer illegitimen Verbindung Hinterbliebenen
528 1040 1591 1097 dieser Macht manchmal dem Schauspieler zu eigen ist.
1818 1079 3111 1144 in eine widerstrebende Familie geführt haben und besondere Um¬
644 1075 1825 1139 Als Abschiedsvorstellung hat Kainz den Romeo gespielt. Ueber
1818 1126 3120 1177 stände die lockeren Beziehungen wieder lösen. Man kann auch nicht
539 1131 1819 1179 zwanzigmal hat man ihn herausgejubelt, als das Stück zu Ende
1822 1167 3124 1234 gegen eine einzelne, sagen wir kleine und nebensächliche Inconsequenz
527 1173 1820 1231 war. Das ist ja ein Romeo der Seression, hat mir ein geistvoller
1828 1221 3118 1269 in unserer Gesellschaftsordnung sich mit Erfolg, ja nicht einmal mit
523 1218 1825 1260 Mann gesagt, als die Vorstellung zu Ende war. Vielleicht. Und
1826 1254 3122 1311 Recht auflehnen, wenn man nicht den Muth hat, das ganze System
537 1259 1823 1316 warum nicht? Wir leben ja doch in der Zeit der Secession, und
1829 1300 3109 1366 zu bei upfen. Und dazu sind die Losattis nicht die richtigen Leute,
532 1293 1831 1369 ihren Wirkungen können sich auch jene Maler und Bildham nicht
1828 1330 3108 1408 nicht einmal Francisca würde alle Consequenzen hinnehmen. Und
534 1343 1830 1423 ganz entziehen, die anderswo als in der „Secession“ ausstellen,
1830 1388 3120 1446 so leidet die innere Wirkung des Schnitzler'schen Dramas, so geschickt
537 1395 1827 1457 ja die sie geradezu bekämpfen. Hoffen wir, dass wir auch bei solchen
1830 1438 3122 1492 es gemacht ist, und so lebenswahre Seenen es enthält, doch unter
537 1441 1827 1508 Schauspielern Wirkungen dieses Romeo sehen, die diesen Romeo
1833 1478 3123 1552 der Verquickung mit einer Tendenz, zu deren Verarbeitung und
525 1486 1037 1562 niemals lieben werden.
1830 1527 2909 1588 Durchführung der Apparat des Stückes nicht ausreicht.
655 1499 1833 1588 Das mit einer gewissen „Plötzlichkeit“ veranstaltete Gastspiel
1947 1551 3125 1621 Einer trefflichen, echt aus dem Leben gegriffenen Figur, in
532 1569 1825 1623 Kainz hatte die Hinausschiebung der für vorige Woche angesetzt
1822 1613 3115 1673 der die Heuchelei, Eitelkeit, Phrasenhaftigkeit und Schwäche, aus
528 1621 1824 1684 gewesenen Novität „Das Vermächtnis“ von Schnitzler zur Folge
1824 1643 3124 1717 der sich der Charakter so vieler zusammensetzt, künstlerisch verkörpert
527 1660 1826 1724 gehabt. Dieses Stück wurde nun letzten Mittwoch gegeben. Das
1824 1700 3123 1756 ist, muss ich aber noch gedenken, des Professors der Nationalöko¬
543 1708 1839 1781 Publicum hat dem Dichter und den Darstellern lebhaften Beifall
1831 1735 3120 1805 nomie und Abgeordneten Herrn Adolf Losatti. Ja, den Mann
539 1752 764 1830 gespendet.
1833 1782 3117 1841 kennen wir alle, wenn auch jeder einen andern meinen mag. Mein
659 1789 1831 1853 In einem gewissen Sinne ist das Stück ein Tendenzstück. Der
1826 1809 3116 1882 „Losatti“ hat mir einmal anvertrant, er würde herzlich wünschen,
532 1831 1824 1898 Dichter hat die Tendenz nicht offen ausgesprochen, er hat nur einen
1826 1860 3128 1934 dass sein Sohn der jungen Frau seines alten Freundes mehr den
534 1883 1827 1931 Zipfel von der Decke aufgehoben, unter der sie liegt, aber das Pu¬
1832 1919 3125 1974 Hof mache: „nichts ist gesünder für einen jungen Menschen, als so
538 1926 1837 1986 blieum hat sich nicht täuschen lassen und das auf der Gallerie schon
1831 1963 3117 2029 ein solides Verhältnis mit einer Frau.“ Ach ja! Aber würde er zu
540 1961 1836 2025 gar nicht, und zum Schlusse haben sie von oben jubelnd die Decke
1825 2005 3131 2070 etwaigen Consequenzen freundlich Stellung genommen haben? Ach
542 2016 1822 2069 heruntergerissen, so dass die „freie Liebe“ sich in völlig unbeklei¬
1833 2055 3120 2106 nein! Was aber unsern Losatti betrifft, so nennt ihn Frau Winter
543 2056 1826 2121 detem Zustande einem verehrungswürdigen hohen Logen= und Parket¬
1839 2091 3132 2149 einen „Ehrenmann“. In Wien hat man da noch einen erweiterten
540 2101 1833 2155 publicum präsentierte. „Das Heiraten ist doch nur eine nebensächliche
1835 2139 3135 2203 Ausdruck: „Ein Ehrenmann mit Strupfen.“ Ja, ein Ehrenmann
537 2150 1833 2208 Formalität und der außereheliche Geschlechtsverkehr zwischen Mann
1827 2183 3126 2237 mit Strupfen, das ist Herr Losatti. Prächtig vom Dichter gezeichnet
545 2192 1835 2258 und Frau ist keine Sünde“. Das ist die These. Freilich, das Stück
1834 2227 3129 2300 und vortrefflich, mit seltener Natürlichkeit von Herrn Hartmann
539 2231 1832 2298 scheint nur einen einfachen Vorgang zu erzählen. Ein junger Mann
1828 2269 2027 2348 gespielt.
543 2277 1827 2334 bittet auf dem Todtenbette seine Familie, dass sie seine Geliebte
1939 2296 3118 2368 Ueberhaupt war die Darstellung im wesentlichen eine vor¬
537 2325 1833 2380 nebst Kind bei sich aufnehme. Das Versprechen wird im ersten
1833 2345 3129 2424 zügliche. Freilich zu Anfang schien die Sache etwas bedenklich und
550 2371 1839 2412 Act gegeben, im zweiten gehalten, im dritten nach dem Tode des
1838 2408 3124 2465 man gewann den Eindruck, als würde ein Berliner und nicht ein
547 2412 1833 2470 Kindes gebrochen. In den die Entwickelung begleitenden Erörterungen
1828 2440 3123 2502 Wiener Stück gespielt. Es war sehr gefährlich, das Stück so zu be¬
538 2449 1831 2513 vertritt ein Theil der Personen des Stuckes die Ansicht, man könne
1838 2489 3127 2556 setzen, dass die einleitenden Seenen Schauspielern mit ausgesprochen
534 2498 1827 2566 die Geliebte des verstorbenen Sohnes nicht im Hause behalten, das
1823 2543 3128 2601 unwienerischem Accent (Frau Schmittlein und Herrn Paulsen) zu¬
549 2545 1816 2610 sei ein Faustschlag in das Antlitz der Gesellschaft, eine „Maitresse“
1839 2580 3134 2634 fielen. Da kommen dann die anderen lange nicht von dem falschen
549 2584 1835 2644 müsse man hassen wie die Sünde; andere wieder finden keinen
1832 2625 3122 2687 Ton los; erst als Frau Schratt mit ihrem elementaren echten
543 2633 1842 2691 Unterschied, ob sie seine Frau oder seine Geliebte war. Es lassen
1837 2667 3123 2726 Wiener Naturell die Bühne betrat, fanden auch Fräulein Bleibtreu,
546 2675 1833 2733 sich nun gewiss für das eine und für das andere Gründe anführen,
1830 2718 3126 2772 Fräulein Medelsky und Fräulein Metzl den Heimweg von Berlin
545 2727 1834 2782 und es werden solche Gründe für und wider auch geltend gemacht.
1835 2763 3131 2819 nach Wien. Noch gefährlicher aber war die Besetzung des Doclor
547 2761 1837 2836 Aber indem der Dichter jenen Personen, die er sympathisch zu
1838 2803 3134 2868 juris Hugo Losatti mit Herrn Treßler. Zunächst ist Herr Treßler
544 2813 1840 2868 gestalten bestrebt war, die Vertheidigung der Gleichstellung von
1834 2845 3127 2905 in erster Linie eine komische Kraft, wenn er auch noch anderes kann.
545 2854 1841 2915 Weib und Geliebter zuweist, jenen aber, die er als abstoßende
1840 2894 3127 2950 Wenn er, statt jugendliche Rollen des komischen Faches zu spielen,
542 2891 1844 2968 Charaktere gezeichnet hat, die entgegengesetzte Position, hat er
1843 2929 3142 2990 sich als Paris in „Romeo und Julia“ und jetzt wieder in dieser
550 2941 1836 2998 Partei ergriffen und eben auf eine Tendenz hingearbeitet. Und
1836 2968 3141 3042 Rolle exponieren muss, so fehlt für letzteres auch dann noch die
546 2983 1845 3048 hat auch er sie nirgends formuliert, so haben das andere für ihn
1847 3020 3130 3084 Erklärung, wenn man begreift, warum er die ersteren Rollen nicht
550 3035 1834 3093 gethan. Kurz vor dem Schlufs des Stückes sagt Francisca, die
1833 3072 3139 3125 bekommt. Es wird halt da ein ähnlicher Grund obwalten, wie der #
562 3072 1833 3130 Schwester des Todten, die sich stets liebend seines „Vermächtnisses“
3069 3101 3118 3140 —
1831 3101 3143 3171 aus welchem man Kainz nicht als Cyrano austreten ließ. Herr##
550 3123 1846 3196 augenommen hatte: „Was einen Menschen so glücklich macht, kann
1837 3153 3130 3206 Treßler hat sich übrigens sehr anständig aus der Affaire gezogen.
542 3159 1838 3222 nicht die Sünde sein" Das geht auf die Person, auf die unehe¬
1847 3197 3143 3255 Trotzdem hat das Stück unter dieser Besetzung gelitten. Mit
556 3209 1836 3268 liche Gattin; eine dröhnende' Beifallssalve von der Gallerie aber
1842 3240 3142 3308 26 Jahren gibt der Dichter selbst das Alter Hugos an; er hat ein
559 3255 1839 3307 bewies, dass man es auf die Sache bezog. Und ich glaube, man
1837 3287 3140 3341 vierjähriges Kind und wird von seinem Vater verdächtigt, früher
553 3293 1849 3355 hat damit so ziemlich das Richtige getroffen. Freilich heiß es im
1844 3325 3124 3386 ein Verhältnis mit seiner um zehn Jahre älteren Tante unter¬
550 3336 1850 3388 Buchtext: „Was einen guten Menschen so glücklich macht aber
1841 3376 3137 3431 halten zu haben (wie mag dieser Gedanke Papa Losatti immer
554 3382 1850 3446 auf der Bühne gilt nur das gesprochene, nicht das geschriebene
1849 3414 3138 3480 erfreut haben!). Wenn wir da nicht einen gereiften jungen Mann
553 3421 1849 3492 Wort und die Darstellerin der Francisca hat wohl mit Recht em¬
1840 3454 3140 3524 vor uns sehen, wird das Peinliche der Situation überflüssigerweise
558 3453 1851 3533 pfunden, dass „gut“ ober „nicht gut“ hier nicht mehr in Frage kommt.
1842 3512 3132 3567 erhöht. Herr Treßler sieht — glücklicherweise  auf der Bühne
678 3502 1849 3575 Menschen werden selten durch Tendenzstücke bekehrt und
1850 3543 3127 3606 selbst noch aus wie ein Kind; wenn er der Mutter gesteht: „ich
557 3554 1837 3608 so fehlte es nicht an Leuten, die auch während und nach der Vor¬
1852 3576 3145 3654 habe ein Kind“, denken wir uns unwillkürlich, er hätte doch noch
552 3600 1842 3661 stellung noch der Ansicht blieben, es sei doch besser, wenn man die
1848 3627 2387 3708 ein Bissel warten können.
562 3640 1849 3710 frühere Geliebte des Sohnes nicht in die Familie aufnehme oder
1954 3659 3126 3734 Frau Schratt in der weiblichen Hauptrolle hatte wieder Ge¬
558 3694 1844 3749 sie wenigstens bei guter Gelegenheit wieder höflich entferne. Und
1845 3729 3128 3788 legenheit, zu zeigen, wie sie, wenn sie sich unseres kernigen heimat¬
557 3730 1849 3795 diese Leute wurden auch durch den vermuthlichen Selbstmord der
1842 3756 3131 3838 lichen Dialeets bedienen kann, auch tiefgehende tragische Wirkungen
549 3784 1838 3849 Verstoßenen nicht irre gemacht, denn den konnte ja eigentlich niemand
1859 3805 3149 3877 zu erzielen vermag, während Frau Hohenfels in der nicht ganz
556 3822 1855 3895 erwarten: hat Toni Weber den Tod des Geliebten, den Tod des
1857 3862 3144 3926 ungefährlichen Rolle der Francisca mit vollendeter Sicherheit alle
549 3866 1851 3933 Kindes ertragen, so wird sie doch, sollte man meinen, auch noch
1860 3896 3140 3958 Klippen vermied, die da der Darstellerin und dem Stücke drohen.
556 3915 1840 3987 die Trennung von der Familie Losatti überleben! Der Dichter hat
1850 3945 3134 4008 Sehr gut waren auch die meisten anderen der Darsteller. Moderne
556 3965 1846 4026 ja in einem zweifellos Recht: es liegt etwas Verlogenes in unseren
1849 3990 3139 4059 Stücke werden im Burgtheater schon seit Jahren viel besser gespielt
567 4009 1834 4074 socialen Zuständen, insbesondere insoferne es sich um den Geschlechts¬
1851 4047 2126 4114 als classische.
560 4050 1833 4106 verkehr handelt. Das Christenthum hat den Begriff der „Sünde“
2780 4073 3108 4147 Max Burckhard.
565 4090 1842 4167 für den außerehelichen Geschlechtsverkehr gegenüber der weitgehenden
