3436 4480
1408 185 1868 278 box 16/3
214 192 1267 287 10. Das Vernaechtnig
846 369 1501 463 Dramatische Aufführungen.
700 387 795 461 S.
836 430 956 480 K
557 463 1768 523 „Das Vermächtniß". Schanspiel in drei Aufzügen von Arthur
561 504 1211 563 Schnitzler. (Deutsches Theater.) —
1210 512 1772 572 „Pamela.“ Schauspiel in vier
554 537 1497 606 Acten von Victorien Sardon. (Lessing=Theater).
1559 554 1769 606 „Auf der
561 586 1774 657 Sonnenseite.“ Lustspiel in drei Acten von Oscar Blumenthal
715 629 1604 681 und Gustav Kadelburg. (Kgl. Schauspielhaus).
642 701 1763 751 Die Berliner Theaterkritik ist in großer Verlegenheit. Um sich
548 736 1772 801 dem Freibillete spendenden Excollegen und Director des Deutschen
554 770 1770 819 Theaters erkenntlich zu erweisen, hatte sie von einem Bombenerfolge des
561 816 1775 866 „Cyrano de Vergerac“ geschwindelt. Die illustrirten Beilagen der Tages¬
554 849 1770 896 blätter vervollständigten die Reclame indem sie das Bild des humor¬
549 877 1769 937 losen Herrn Kainz mit der falschen Nase und einige Fulda'sche Ueber¬
550 925 1772 985 setzungskostproben brachten, und sogar Herr Professor Erich Schmidt
547 975 1765 1024 kam seinen Freunden Brahm und Schleuther zu Hülfe mit einem uner¬
550 1010 1770 1066 wartet gelehrten und langwierigen Essay über den historischen Bergerac,
556 1047 1771 1104 von dessen Existenz er gewiß vor ein paar Monaten noch keine Ahnung
548 1082 1760 1139 hatte. Und alle Liebesmüh' umsonst! Nicht einmal der alte Brahminen¬
547 1125 1766 1174 kniff verfing, der sich bei den „Webern“ und bei „Johannes“ bewährt
547 1164 1759 1208 hatte: der Zeitungslärm über angebliche Censurstriche und drohende
550 1205 1764 1261 Verbote des Stücks. Der einzig von der „Gegenwart“ constatirte
556 1246 1768 1305 „matte“ Erfolg ist also nicht mehr zu verschleiern. Dem trotz einer
546 1276 1768 1342 Meisterscene im ersten Akt und bei all' seiner blühenden Grazie im
542 1317 1759 1367 Grunde langweiligen und kindischen Handegenstück ist bereits eine andere
542 1359 1276 1411 Novität gefolgt. Ebenfalls ein Mißerfolg.
646 1399 1758 1448 Herr Schnitzler liebt sehr die gesellschaftrevolutionären Thesen.
536 1440 1764 1496 Seine scharfe Satire nagelt die moderne Salonlüge, die niederträchtige
544 1479 1752 1538 oder dumme Convention fest, wo sie sie findet, und malt uns dicht da¬
528 1522 1753 1590 neben die Schnitzler'schen Ideale von vernünftiger, freier Lebensführung.
525 1578 1738 1634 Diese Ideale sind wie Andere mehr, wunderbar schön zu schauen, und
525 1628 1753 1676 das Theater des Zukunftsstaates wird, falls Schnitzler unter die Classiker
529 1676 1746 1719 einrücken sollte, seine Stücke mit Begeisterung spielen, während das ge¬
539 1708 1759 1745 ehrte Publicum sprachlos den Kopf schütteln wird über die moralinsaure
539 1747 1760 1792 Verbohrtheit seiner Ahnen. Auf der Bühne von heute allerdings, die
528 1780 1755 1824 noch nicht reif ist für alle Offenbarungen des Realismus, wirkt die
536 1821 1752 1874 Satire des scharfen Kritikers Schnitzler zuweilen deplacirt und richtet sich
535 1863 1750 1907 gegen den eigenen Vater. Der junge Herr beispielsweise, der im ersten
535 1905 1756 1956 Act des „Vermächtnisses“ langwierig an einer Gehirnerschütterung stirbt,
537 1930 1749 1995 den Eltern aber vorher an's Herz legt, das Mädel seiner Liebe und seinen
530 1981 1763 2024 pierjährigen Bubi in ihr sauberes Haus zu nehmen, dieser junge Herr hat
532 2022 1762 2063 es mit Herrn Schnitzler's Zustimmung für recht und billig erachtet, die arme
532 2069 1756 2119 Dirne ein halbes Jahrzehnt lang unehelich zu lieben. Er hätte sie recht
531 2098 1752 2153 wohl zu seinem Weibe machen können, aber er war zu feig dazu, zu tief
533 2140 1756 2180 in der conventionellen Lüge erstickt, zu abhängig vom Urtheil der Welt.
530 2178 1752 2224 In dieser Schändlichkeit jedoch findet Herr Schnitzler nichts. Dagegen
523 2225 1748 2269 jeert er die Schale seines gerechten Zornes über die Eltern aus, die es
534 2258 1750 2310 am Ende des dritten Actes ablehnen, das drückende Vermächtniß ihres
525 2295 1754 2333 Sohnes weiter zu respectiren. Die guten Leute geben sich, jeder in
533 2334 1757 2387 seiner Art, anfänglich alle Mühe, die Geliebte ihres Sohnes und sein
523 2369 1749 2419 Kind als vollkommen zum Hause gehörig zu betrachten. Sie nehmen
523 2415 1746 2466 dabei so wenig wie der egoistische Erblasser, dessen ideales Fühlen auf
526 2457 1761 2507 dem Todtenbette ihn nichts mehr kostete, Rücksicht auf die einzige Tochter
530 2491 1756 2532 des Hauses, ein reines und braves Geschöpf. Man muß gestehen, für
530 2533 1749 2587 eine bessere Spießersamilie ist solcher Hochflug der Gedanken, so muthiges
536 2566 1761 2622 Aufbegehren gegen die Convention schon aller Ehren werth. Daß ihnen
529 2613 1756 2662 die Hinterlassenschaft immer lästiger wird daß der Verlust ihrer guten
530 2653 1752 2704 Freunde, die sich chockirt von ihnen zurückziehen, sie schmerzt und stutzig
538 2698 1759 2741 macht — wer dürfte deßhalb einen Stein auf sie werfen? Doch nur, wer
524 2727 1754 2776 nicht zu erkennen vermag, daß der Bestand jeder immer wie gearteten
531 2767 1761 2811 Gesellschaft unmöglich ist ohne die Regeln vom äußeren Anstande, daß sie
530 2808 1752 2856 zusammenbricht ohne das conventionelle Sittengesetz und daß sie deßhalb
528 2845 1746 2893 keinem ihrer Mitglieder erlauben-darf, darüber hinweg zu voltigiren. Freie
528 2886 1755 2926 Geister, besonders der Galleriepöbel, der am vergangenen Sonnabend wieder
523 2919 1755 2973 Joekelhaft aufdringlich Beifall brüllte und grunzte, mögen diese Anschauungen
531 2968 1750 3018 immerhin für philiströs erklären. Aber als im zweiten Acte auch das
527 3004 1747 3056 Kind der jungen Dame sich hinlegte und starb, da drängte sich uns die
540 3047 1743 3099 Frage auf, ob das stramme Mädchen denn nun wirklich noch länger die
538 3086 1754 3131 Gastfreundschaft der geplagten Familie mißbrauchen würde. Herr
547 3116 1749 3161 Schnitzler hielt das für selbstverständlich; wir für unsern Theil hätten
537 3164 1755 3198 es einem so feinfühligen Geschöpf, wie die Toni Weber doch sein soll, nicht
529 3200 1747 3250 zugetraut. Daß sie sich die Aufkündigung von Kost und Logis gewaltig zu
531 3240 1755 3290 Herzen nimmt und in's Wasser geht, das macht vielleicht der dramatischen
540 3280 1749 3330 Begabung des Autors Ehre, denn er hat nun drei Todte, in jedem Aet
531 3315 1757 3368 einen. Für das gesunde Empfinden jedoch liegt eine thränenselige,
534 3352 1756 3392 widerliche Sentimentalität darin, eine durch nichts gerechtfertigte Un¬
541 3403 1750 3448 wahrhaftigkeit. Toni stirbt nur der schiefen These ihres Dichters zu
543 3445 1753 3485 Liebe, dessen Socialkritik auf halbem Wege stehen bleibt oder das Messer
540 3480 1751 3528 überhaupt an falscher Stelle ansetzt. — Vom ersten Aufzuge abgesehen,
543 3517 1751 3566 der eine unerhört breite und schwerfällige Exposition bringt, ist das
545 3555 1757 3605 Stück sauber und im Ganzen recht geschickt gearbeitet. Freilich ver¬
543 3591 1754 3633 hinderte der dürftige und unfruchtbare Stoff das Aufkeimen einer kraft¬
535 3632 1754 3679 vollen, durchgeistigten Handlung. Ohne den selbstsüchtigen Streber und
544 3672 1748 3720 Emporkömmling, der mephistophelisch Alles gegen die arme Toni auf¬
544 3715 1752 3763 hetzt und dafür am Schlusse gebührend abgestraft wird, bliebe der Karren
547 3755 1752 3798 überhaupt gleich von Beginn des zweiten Actes an im Sande stecken.
538 3785 1752 3835 Doch auch seine schändlichen, unermüdlichen Intriguen füllen nicht drei
546 3826 1757 3875 lange Aufzüge, und so muß denn tausenderlei Krimskrams, müssen von
547 3864 1757 3916 Außen herangetragene Motive und langweilige, nutzlose Retardirungen
546 3908 1759 3944 dabei mit helfen. Der lärmende, zeitweilig in wüsten Radau aus¬
540 3945 1763 3990 artende Beifall, den das Drama bei seiner Erstaufführung fand, wird
544 3982 1350 4050 aus all' diesen Gründen nicht lange vorhalten.
649 4019 1762 4080 Director Neumann der Hofer scheint. Dreyer's „Großmama“ nicht
539 4064 1758 4111 #nach deren Werth ausnützen zu können, denn auch er hat ein neues
539 4099 1753 4157 Stück bringen müssen, um sein Theater wieder zu füllen. Es ist ihm
540 4143 1756 4183 faber schlecht bekommen. Sardou's neue Réjaniade taugt nicht viel,
1796 1578 3002 1631 von Talent, der mehr Geist hat als alle seine Nachfolger zusammen,
1796 1630 3015 1674 und ein meisterlicher Regisseur, der das scenische Arrangement souverän
1797 1671 3008 1713 beherrscht, sondern auch ein Historiker, der mehr weiß, als mancher
1798 1706 3005 1752 zünftige Professor, und ein Sammler und Kunstfreund der seine liebe
1796 1746 3014 1790 Freude an historischen Costümen und Sittenbildern hat. Leider ist er aber
1800 1780 3013 1830 auch ein dramatischer Handwerker, der über die Theatralik nie hinaus
1795 1811 3013 1870 kommt, Alles dem augenblicklichen Beifall unterordnet und nur ganz
1795 1862 3011 1907 auf die Dramaturgie des einstigen Bühnenbeherrschers Seribe schwört.
1801 1903 3002 1952 Und der selige Seribe verdirbt ihm auch hier alle historische Wahrheit,
1798 1937 3005 1979 alle innere und äußere „Richtigkeit“. Das ungeheure Mitleid, das die
1796 1961 3017 2026 Personen des Stücks wie die Zuschauer mit dem zu rettenden kleinen
1793 2018 3017 2065 Prinzen=Märtyrer fühlen, verkehrt sich jeden Augenblick in das Gegen¬
1802 2061 3007 2111 theil, wird zur Grimasse und zum frivolen Scherz. Ebenso werden seine
1793 2092 3014 2153 historischen Menschen, die Sardon in ihren Eigenschaften und Sitten
1801 2147 3010 2183 gewiß ebenso genau kennt, wie Taine oder die Goncourts, auf der
1793 2183 3011 2224 Bühne zu physiognomielosen, kleinlichen, uninteressanten Puppen, deren
1796 2218 3007 2263 Handeln und Reden uns immer gleichgiltiger wird und zuletzt auf die
1791 2254 3015 2299 Nerven fällt. Schon der erste Act ist bezeichnend für Sardou's über¬
1792 2300 3010 2339 geschickte Theaterhandwerkerei, wie da nach einander ein Haarkräusler,
1797 2326 3015 2381 ein Auspasser, ein Spion, endlich die marchande de frivolités zu
1798 2380 3014 2434 Barras kommen, um ihn, sich selbst, das Milien und die Handlung zu
1792 2412 3009 2462 exponiren. Und derselbe Barras, der Pamela noch nie zuvor gesehen hat,
1797 2463 3011 2497 bezahlt ihr nicht nur ihre Rechnung für seine Maitresse Josephine de Beau¬
1804 2486 3006 2540 harnais, sondern plaudert ihr alles Nöthige und Unnöthige über diese damalige
1795 2532 3013 2577 Cocotte und spätere Kaiserin aus, ja giebt ihr sogar eine kleine Abhandlung
1799 2566 3017 2629 zum Besten über die politische und sociale Lage Frankreichs, über die
1808 2608 3007 2658 Parteien, die Verschwörungen, den Plan zur Entführung des gefangenen
1795 2634 3014 2696 Ludwig's XVII. u. s. w. Nicht genug! Die bisher ganz unbekannte
1809 2686 3006 2736 Modistin wird sogar von Barras und den hinzukommenden Damen
1798 2716 3013 2774 Tallien und Beauharnais zum Frühstück eingeladen, wobei diese zwei
1793 2763 3018 2811 Hetären den Wunsch äußern, den kleinen Dauphin zu sehen. Und
1806 2808 3015 2845 Barras führt sie wirklich stehenden Fußes in den scharf bewachten
1793 2841 3012 2894 Temple, „wie in den grünen Wald“, ja die ihm, wie gesagt, ganz un¬
1802 2882 3006 2934 bekannte Pamela ist auch von der Partie, noch mehr, sie bleibt eine
1802 2921 3010 2969 volle Stunde allein mit dem Königskind!! Wenn uns eine naive
1796 2967 3011 3012 Jugendschrift oder ein Weihnachtsroman derlei Unmöglichkeiten auftischen
1804 3002 3005 3049 wollte, so würden wir lächeln, aber der „Historiker“ Sardou — das ist
1791 3044 3005 3087 doch verdrießlich. Wir haben mit heißem Bemühn die drei beleibten
1794 3075 3015 3115 Bände von Barras' Memoiren durchstudirt und fanden da den intri¬
1803 3123 3012 3172 ganten Politiker, den Henker Robespierre's und Niederwerfer der Roya¬
1799 3164 3006 3207 listen, den cynischen Wüstling, den bestechlichen Verräther, einen Ver¬
1795 3198 3011 3246 leumder, Lügner Schuft und Lump aber nirgends einen Dummkopf.
1793 3242 3000 3291 Diese historische Entdeckung ist ausschließlich das Verdienst des Monsieur
1806 3276 3004 3326 Sardon, der, ein überzeugter Imperialist, wie seine Collegen Augier,
1806 3316 3017 3365 Dumas und Feuillet, vielleicht mit seinem Stücke zugleich wieder ein paar
1808 3361 2503 3402 republikanische Legenden zerstören wollte.
1892 3371 3003 3438 Den Exdirector Blumenthal scheint die Nemesis sehr bald zu
1796 3430 3003 3478 treffen. Es ist ihm zwar unbegreiflicher Weise gelungen, für sein neues
1799 3476 3007 3521 Stück die Hofbühne offen zu finden, aber der laute Beifall war ohne
1799 3511 3015 3561 Ueberzeugung, zuletzt behielten die Zischer die Oberhand, und man
1802 3556 3016 3600 braucht kein Prophet zu sein, um dem unglaublichen Machwerk nur ein
1806 3585 3015 3635 kurzes Scheinleben vorauszusagen. Sogar die Mitternachtkritik urtheilte
1799 3627 2998 3675 sehr lau — natürlich: Oscar ist kein blutiger Recensent mehr und hat
1800 3667 3007 3714 auch über keine Freihillets mehr zu verfügen und so sieht man denn
1810 3704 3011 3756 schon jetzt seinen Niedergang voraus, wie ihn die L'Arronge, Wilbrandt,
1808 3744 3010 3787 Lindau erlebt haben, die doch sämmtlich viel talentvoller waren. Diesmal
1810 3786 3015 3831 beginnt das Plagiat schon im Tiiel, denn „Auf der Sonnenseite“ heißt
1798 3822 3004 3875 ein sehr amüsantes Skizzenbuch des prächtigen Wiener Humoristen Lud¬
1796 3848 3008 3907 wig Hevesi. Eine Erzählung der zusammengeborgten, breitgetretenen
1800 3899 2998 3952 läppischen Handlung ist ebenso zweck= als reizlos. Es genüge zu be¬
1804 3936 3012 3988 merken, daß die Philistermoral des Stückes die prosunde Weisheit
1806 3975 3014 4030 predigt, daß die Sonne des Lebens nur da ihre wärmenden Strahlen
1810 4014 3005 4071 spendet, wo wackere Arbeit gedeiht. Winn wir hinzufügen, daß Blumen¬
1809 4048 3013 4104 thal wieder einmal den Anspruch erhebt, literarisch, sozusagen als Dichter
1805 4094 3010 4146 genommen zu werden, daß er in Folge dessen keinen simplen Schwank
1817 4115 3070 4184 sendern mit Verlaub ein feines Lustspiel schreiben will so weiß der ##
