3484 4480
209 282 1885 396 10. Das Vernaechtnis box 16/3
366 1137 3367 1186 deutschen Einzelhenten über das Entstehen des Wertes zu veroffent= übersenden, der es nach und nach vorlegen mird Ich] Kröner am unid en Tage nach Stattgalt, wo
312 1155 3378 1227 ein ange=lichen, das den Titel führt: Gedanken und Erinnerungen, werde morzen abreisen, um auf einige Wochen ein behag¬ Satz hergestellt und eine geringe Anzahl von##
304 1233 1190 1290 sbrach. Von von Otto Fürst von Bis narck.
1553 1235 3377 1324 licheres Klima aufzusuchen und werde etwa am 1. Juni macht wurde, deren Geheimhaltung in dem kle
303 1266 3380 1358 che Militär= Schon im Januar 1889 hatte die Cotta'sche Buch= wieder in Friedrichsruh eintreffen. — Der Fürst hat sich der Eingeweihten bis heute gelang. An dem
571 1322 3378 1430 uen eimnel, umn died Zulilimn des Bekmninf dleh ene Bidus, und gun blengter Ding, die nrs peobuenen, die Aede st. fir den — dal 6e
307 1358 572 1445 schaft.
542 1387 1580 1461 Scherzes: „den werde ich niemals empfangen — ich lasse
1568 1408 3380 1480 geliebt hat — Ihr aber, Ihr habt zum Hause hinaus= schwärmen, den Alle lieben, darunter auch sei
308 1433 1577 1514 Oktober. bitten“ zu feiern. Man braucht wahrlich nicht zu jenen
1571 1441 2574 1516 gejagt, was ihm am theuersten auf Erdeu war!“ So ruft
2548 1459 3380 1539 Agnes Winter, da wird also dieser Hugos#
312 1482 1574 1564 niglichen Kritikern zu gehören, die jedes leichte Lustspiel verreißen,
1560 1495 2582 1563 die tapfere Franzi Losati den Eltern und ihrem Bräutigam,
2559 1509 3384 1559 Haus getragen. Ein passionirter Sportsman,
306 1510 583 1595 stspiel „Auf
565 1536 1572 1593 um nachher als Direktoren den albernsten Tand anzu¬
1568 1543 2564 1604 dem steifledernen Moralfex Dr. Schmidt, zum Schluß von
2556 1557 3384 1610 Prater unglücklich gestürzt: eine tödtliche Gehirner
308 1576 578 1631 #thal und
565 1580 1572 1638 nehmen; aber zwischen einem wirklich lustigen Stück und
1561 1587 2565 1657 Arthur Schnitzlers neuestem dreiaktigen Schauspiel „Das
2561 1606 3382 1660 war die Folge. Und nun stirbt er während ei
308 1604 595 1672 n die Herren
571 1623 1575 1684 dem neuen Werk ist doch ein gewaltiger Unterschied.
1566 1639 2566 1712 Vermächtniß“ zu, das am Sonnabend im Deutschen
2554 1652 3394 1698 Stunde. Um sein Lager herum herrscht ein Geren#
319 1662 1565 1738 Erfolge des Oft und gern habe ich mich bei Blumenthal=Kadelburg
1562 1685 2558 1748 Theater zum ersten Mule aufgeführt wurde. Es ist
2552 1699 3380 1749 thne; ein Arzt ist zur Stelle, greift aber nicht erust
309 1706 1575 1784 eisten. Kis# vortrefflich amüsirt und ihrem großen Talent volle
1560 1728 2567 1789 die Quintessenz der Dichtung. Der Kampf mit bornirtem
2557 1741 3366 1798 Menschen reden ohne Ende; es redet auch der
296 1764 1557 1821 irechtgemacht, Gerechtigkeit widerfahren lassen, diesmal wurde ich aber
1556 1776 2559 1845 Philisterthum, der Gegensatz zwischen schöner Menschlichkeit
2557 1785 3374 1839 er erzählt der Mutter, daß er mit einer Toni
308 1799 583 1857 mehr gefallen
565 1800 1569 1873 immer trauriger. Wer das Zeug hat, etwas wirklich
1561 1821 2565 1889 und beschränkter innerlich hohler Ehrbegriffsstutzigkeit —
2559 1830 3376 1903 fünf Jahren in wilder Ehe lebt und einen v
295 1857 573 1909 chramm und
560 1843 2554 1926 Nettes zu schaffen, soll sich auch die Mühe dazu geben. — das wäre eigentlich ein Stoff, der sich als Komödie, oder
2557 1859 3374 1944 Buben hat; die soll man holen, zum Abschied,
298 1893 568 1951 rfolg. Dann
568 1896 2559 1986 Für die Inscenirung des Stückes war alles Mögliche ge= Tragikomödie höheren Stils wirksamer behandeln ließ,
2548 1924 3369 1989 sollen sie im Hause bleiben, Mutler und
288 1933 558 2010 sind glücklich,
573 1946 1557 2003 schehen; die Bühne sah reizend aus — ein Be¬
1561 1960 2564 2022 weil so wir zum befreienden Lachen kommen würden.
2557 1968 3382 2021 Theuerste, was er besessen, er hinterläßt sie dem
308 1990 575 2046 ime die Auf.
555 1989 1562 2053 weis für das Regie=Talent des Herrn Keßler.
1557 2001 2564 2052 Schnitzler hat sich für den tragischen Ton entschieden und
2557 2012 3386 2081 als sein „Vermächtniß". Wunderbar die Zeich
312 2016 1566 2103 doch anders.] Thomas gab den alten Töpfermeister in glänzender
1557 2049 2560 2115 er hält ihn durchweg fest. Die Schlußtirade der Franzi
2546 2066 3386 2130 einzelnen Charaktere, der Eltern, Geschwister, des
305 2066 1566 2144 kein Sieg er= Darstellung. Es war eine Leistung. an der man seine
1548 2092 3383 2159 kommt in gewisser Beziehung zu spät: der Eindruck all' des Hausarztes — Franzis Bräutigam — vort#
314 2123 1561 2198 keitem beste. helle Freude haben konnte, und man muß aiichtig be¬
1552 2134 2563 2209 der düsteren, schmerzlichen, häßlichen Vorgänge auf der
2554 2148 3383 2215 Beobachtung einzelner Züge. Aber — aber im Z
344 2179 1556 2234 der seiner dauern, daß eine solche Kraft allerersten Ranges dem
1555 2186 2558 2248 Bühne droben wirkte auf die Zuschauer drunten so be¬
2546 2194 3389 2266 sprach ich einen Geheimen Sanitätsrath: „Gew
311 2217 1557 2281 ind sich dazu Schausplelhause verloren geht. Vollmer entwickelte
1546 2233 3389 2323 klemmend, daß jene Worte eine befreiende Wirkung nichtser — Sie haben ganz Recht! Da hätte man g##
335 2269 1554 2331 will, nicht seinen siegreichen Humor in der bekannten Bonvwantrolle
1548 2278 3387 2355 mehr ausüben können, denn man wartet zu lange auf sie. vorgehen müssen. Alle aus dem Zimmer ‘raus;
319 2293 1577 2379 nirte Aristo= und Anna Schramm war köstlich als Schwärmerin
1611 2335 3386 2401 Ich habe mich den ganzen Abend über gefragt: be= Eisbentel! Das bischen kalte Umschläge — zu dun
305 2355 1559 2416 er verkaufen für das Vornehme. Herr Christians, der merkwür¬
1548 2355 3398 2449 dentet „Vermächtniß“ einen Rückschritt des immer liebens= dann — soviel sprechen konnte der Hugo gar nich
303 2409 1557 2466 ab es recht diger Weise in Wien gerade in modernen Stücken gefeiert
1552 2417 3387 2491 würdigen, oft geistreichen Antors des „Anatol“, von der Fall so schwer war.“ Der Naturalismus h
329 2454 1560 2507 von Emil war, spielte den verschuldeten Baron, der endlich den
1545 2471 3392 2537 „Liebelei“. „Freiwild“. Ich glaube das nicht — es ist obschon Schnitzler ja selbst „Dr. med.“ ist, ein#
311 2492 1554 2562 r und mehr] Werth der ehrlichen Arbeit erkennt, mit einem Pathos, das
1556 2508 2551 2566 wohl nur eher ein Mißgriff. Nicht in Bezug auf die
2541 2516 3392 2581 Loch. Bei den vielen schönen, künstlerischen Ei
308 2538 1554 2609 Possenscherz noch größer war, als dessen Schulden. Die Naive wurde
1550 2557 2538 2617 Wahl des Stoffs, der übrigens auf der Bühne fast ebenso
2538 2559 3374 2621 der scenischen Ausgestaltung der Situation i
322 2576 1549 2647 n Kammer= ganz nett von Fräulein von Mayburg gegeben, und
1546 2596 2565 2666 häufig anzutreffen ist, wie im Leben selbst, zumal in der
2538 2608 3389 2662 jedoch hierüber gewiß hinweg gekommen, wenn's
310 2636 1549 2694 oßstadtluft“] Herr Hartmann war als Jean an seinem Platze. Eine
1548 2646 2551 2706 französischen Literatur, wo ja die „wilde Ehe“ die „Rehabili¬
2535 2656 3391 2728 sehr peinlich gewesen wäre, diesem Sterben beiz
312 2682 1559 2744 irg=Brendel achtzehnjährige Baronesse, die eben aus einem Geufer
1544 2688 2551 2755 tirung der Gefallenen“ u. s. w. das Theme unzähliger
2540 2701 3380 2762 ohne daß dem Sterbenden geholfen wird.
326 2716 1557 2800 klängen an! Pensionat kommt, war der ausgezeichneten Heroine unseres
1541 2733 2552 2790 Bühnendichtungen bildet. Und dazu hat der Deutsch¬
2543 2746 3391 2815 „Exposition“ mußte doch durgeführt werden, die
323 2762 2546 2846 übliche Be¬ Hoftheaters zudiktirt worden. Medea als Baroneßlein — Wiener die Sache natürlich ganz anders angefaßt, als
2545 2792 3389 2863 sich zeigen. Das geschah meisterhaft, aber eben a#
312 2792 1555 2884 #erden ver= kein Wunder, daß Fräulein Poppe den Titel des
1547 2827 2547 2894 seine Pariser Kollegen. Es ist keine tendenziöse Disser¬
2540 2824 2940 2903 unseres Empfindens.
337 2872 1549 2934 (s. „Große] Stückes buchstäblich nahm und den ganzen Abend über
1546 2867 2545 2926 tation à la Dumas und Augier — es ist ein Stück
2593 2867 3391 2947 Ich verweilte hierbei etwas länger, um an ein
316 2909 1555 2976 (s. alle Lust= krampfhaft ihren Sonnenschirm festhielt. — Zahlreiche
1533 2917 3392 2998 wahren, echten Lebens, feinfühlig empfunden und scharf spiel zu zeigen, worin mir der Mißgriff Schn#
306 2951 1544 3007 Blumenlese! Direktoren, sogar der Leiter des Stadttheaters in Neu¬
1537 2961 3384 3041 beobachtet mit einem Dichterherzen und Künstlerangen. liegen scheint. Der zweite Akt bringt eine Reih
328 2995 1548 3066 trotz des Ruppin, waren erschienen; sie zogen enttäuscht von dannen
1544 3012 3395 3098 Nur daß wir das Grau in Grau, richtiger — das mungsbilder von köstlicher Intimität, aber die ###
308 3044 1547 3119 det in den mit der festen Absicht, den Autoren die Reisekostru beim
1547 3054 3374 3126 Schwarz in Schwarz auf die Dauer nicht gut ertragen] im Uebrigen kaum weiter. Toni ist freundlich, ja
349 3087 1083 3162 n haben, nächsten Treffer abzuhandeln.
1517 3098 3394 3181 können. Das geht uns so schon gleich im ersten Akt. Daj aufgenommen, der kleine Franz — der Abgott des
323 3119 571 3198 meist in
603 3140 3387 3225 J. N—n. „Wenn ein Mensch stirbt, den wir lieb wird nach einigen einleitenden Scenen, in denen immer] Der superkluge, gefühlsarme Professor und der ver
322 3179 3396 3252 det wird gehabt haben, dann heben wir Andenken an ihn auf, nicht wieder von Hugo Losati, Sohn eines Professors und Ab= kalte bornirte Doktor bilden einen Gegensatz zu di
428 3271 1354 3507 (au Pat6h,
