3392 4384
581 318 669 380 V6
179 311 1837 409 10. Das rnaechtnis box 16/5
762 710 1551 832 — Smeage, Christlania, Gent, Kopen.
535 727 1570 874 ###, London Madrid, Mailand, Minneapolis, New Vork.
401 753 1576 904 * e, voen An Barenen, Seshehn, 8 Brnang.
802 826 1210 920 (redlenangabe ohne Gewühro
382 858 1279 1001 m Anschnt amst 12. 5ie, uon
367 908 455 976 —
430 962 606 1020 vom:
768 939 948 1050 Fulu
1355 995 1561 1113 ies
628 1091 1319 1278 Eheater und Kunst.
753 1242 1137 1343 Lustspieltheater.
472 1274 1518 1435 Se wait Des Vermädlstern
354 1289 1523 1486 ehe Pensen mntenen en
352 1342 1518 1526 en ve dit Sunein hr danie dn Gnag un
350 1406 1501 1585 e eehatnie en diet dert ereneng
355 1458 1507 1635 en Sesneneuh iel dendein denten an
336 1511 1500 1680 Se sechaud ui ee hnden Mearng
328 1548 1475 1700 Trauer. Im dritten Akt wird die Geliebte so jäh so —
321 1683 1486 1744 plötzlich aus dem Hause der Eltern gewiesen, daß sie sich tötet.
334 1728 1478 1792 Aber auch diese unpsychologische Brüskheit ist nicht tiefer
329 1772 1477 1845 mollviert (der Philister resnektiert doch die offiziellen Trauer¬
318 1823 1477 1885 fristen!), und so wirkt auch diese Tragik eigentlich mehr als ein
331 1859 1485 1927 unnötiger Unglücksfall. Drei Akte wird in diesem Stück ge¬
319 1907 1477 1984 trauert, deshalb ist es ein Trauerspiel. Seinen eigentlichen Kon¬
325 1954 1475 2028 flikt empfinde ich als konstruiert. Warum sollte dieses Mädel,
317 2013 1476 2084 das den Tod des Geliebten und des Kindes tapfer und kraftvoll
327 2043 1479 2104 ertragen, durch den Verlust einer kaum angeheirateten, wesens¬
325 2101 1483 2182 fremden Familie zum Selbstmord getrieben werden? So arg
322 2148 1475 2211 ist der Familiensinn in einem Magistratsbeamtenmilien, wo die
314 2193 1479 2269 Töchter Toni heißen, nicht hypertrophiert. Die ungewöhnliche
316 2240 1479 2298 psychologische Bohrkunst Schnitzlers hat zwei Gestalten dieses
325 2293 1481 2362 Werkes meisterhaft gestaltet: den liberalen Professor Losatti und
315 2334 1479 2413 den freudlosen Streber Doktor Schmid. In diesem Professor
319 2390 1475 2437 Losatti ist dem Wiener Liberalismus mit seinen humanitären
320 2436 1485 2491 Posen, seiner inneren Feigheit, seiner seelischen Hohlheit — kein;
314 2483 1475 2540 Gefühl ist wahr und warm gewachsen — ein Denkmal für alle
313 2533 1484 2603 Zeiten gestaltet. Hier hat Schnitzlers Bohrkunst eine stille
325 2577 1486 2654 revolutionäre Tat vollbracht. Wie ja überhaupt Schnitzlers vor¬
324 2630 1488 2711 nehmste Tugend die Vermeidung alles Lärmes ist. Im „Ver¬
322 2669 1484 2757 mächtnis“ hat er den Liberalismus, der immer vom „Mensch¬
320 2713 1475 2777 lichen“ — redet, ganz still und gründlich vernichtet. Wer hat
320 2772 1478 2830 Ohren für so leise Dichterrevolutionen? Ganz erstaunt war
314 2814 1482 2896 ich, als ich dem Doktor Schmid im „Vermächtnis“ begegnete.
318 2856 1484 2927 Derselben Gestalt, bis aufs Tüpfelchen der gleichen, ja mit ganz
311 2899 1482 2973 denselben Problemen, ja mit den gleichen Redewendungen aus¬
325 2960 1471 3014 gestattet, sind wir im vorigen Jahre in Felix Saltens Einakter
322 3001 1474 3063 „Vom anderen Ufer“ begegnet. Die Aehnlichkeit dieser Gestalt
310 3050 1478 3108 ist frappant, unerklärlich frappant. Daß die Kinder zweier
310 3097 1489 3180 Väter sich so ähnlich sehen können! Schnitzlers Werk ist (selbst¬
311 3149 1479 3196 verständlich) das ältere . .. Den Professor Losatti gab Herr!
321 3184 1478 3260 Maran. Die ungeheure Arbeit des Künstlers, der sich in so
316 3231 1483 3312 ernsten Aufgaben bemüht, die letzten Spuren seiner originalen
320 3282 1476 3349 Komik zu verwischen, muß bewundernd anerkannt werden auch
314 3341 1474 3388 von dem, der eigentlich das Ergebnis nicht ganz im Verhältnis
315 3383 1484 3455 zu dem schönen Aufwand künstlerischer Energie findet. Frau,
324 3425 1474 3479 Niese hatte aus ihrer Physiognomie dreihundert Förster¬
322 3479 1464 3559 Christeln wegzulöschen. In vielen Augenblicken gelang es ihr
324 3521 1476 3594 gelegentlich wurde sie doch wieder zu weich und weinerlich. Noch
321 3578 1469 3643 ein Geständnis sei gewagt: Im Stück ist fortwährend von Tonis
320 3624 1481 3694 Schönheit die Rede. Frau Niese sieht ja sehr lieb, sehr gemütlich
323 3669 1476 3732 sehr fraulich aus; als die bezaubernde Maitresse, von der im
326 3719 1472 3794 Stück die Rede ist, kann sie nicht gelten. Ausgezeichnet, ein
319 3764 1475 3840 Muster von Diskretion, in einer Episode war Herr v. Lessen.
327 3809 1469 3883 Sehr schön, sehr schlicht, mit allen Zeichen einer echten Begabung
315 3869 1477 3941 Fräulein Camilla Gerzhofer. Mit einem sachlich interessierten
319 3906 1471 3995 Regisseur könnte sich hier ein inniges Talent entfalten. Im
325 3957 1406 4028 ganzen stand die Aufführung nicht auf der Jarnoschen Höhe.
1275 3993 1464 4078 st. gr.
2535 548 2933 632 Telephon 12801.
1837 574 1965 665 120
2018 697 2926 796 TTnnng
1777 767 2923 858 * I. österr. behördl. konz. Unternehmen für Zeitungs-Ausschnitte
1811 820 1852 863 6
1945 840 2827 943 Wien, I., Concordiaplatz 4.
2170 917 2596 985 Vertretungen
1808 954 2915 1041 □ in Berlin, Budapest, Chicago, Christiania, Genf, Kopen¬
1770 1000 2924 1082 hagen, London, Madrid, Mailand, Minneapolis, New-Vork,
1876 1045 2887 1125 Paris, Rom, San Francisco, Stockholm, St. Petersburg.
2191 1094 2589 1151 (Omlienangabe ehne Gewälr.
1773 1121 2250 1230 & Ausschnitt ans:
2155 1162 3027 1263 iener Hausfrauen Zeitung, Wien.
1759 1210 2324 1294 E vom: 15.N0l 1908
1815 1318 3175 1397 Im Wiedener Theater hat Mjani Aguglia ihr nervenerregendes
1715 1363 3158 1446 Gastspiel beendex und kann die seltee Küntlerin mit dem Erfolge ihres
1714 1420 3162 1494 Wiener Aufanthottez sehr zufriedehsseingSy und ihre Partner boten
1702 1471 3157 1526 großartige Lngnrnhat wahrlich mit dem Bei¬
1714 1519 3163 1582 falle nicht gbkatgt. Die Volksoper hat LWbecsieche“ in ihren Spielplan
1704 1565 3162 1646 einverleibt, und das Lustspieltheater „Das Vermächtnis“, ein Schau¬
1697 1619 3164 1693 spiel von Artur Schnitzler, zum erstenmal gegeben. Das Stück ist vom
1701 1669 3154 1737 Burgtheater her bekannt. Das Vermächtnis, welches der Sohn vor¬
1691 1713 3163 1790 nehmer Eltern, der sich durch einen Sturz vom Pferde dem Tode nahe
1701 1760 3162 1842 fühlt, hinterläßt, ist, sich seiner ihm nicht ebenbürtigen Toni und seines
1696 1805 3150 1898 Kindes anzunehmen und diesen ein Heim zu geben. Aber nur seine
1689 1861 3150 1935 Schwester Franzi vergißt die Schranken der Konvention, und als auch
1689 1900 3149 1983 das Kind stirbt, weist man Toni die Tür, die ihrem Liebsten in den
1695 1953 3155 2041 Tod folgt. Das meisterhaft aufgebaute Schauspiel fand im Prater eine
1694 2013 3184 2102 würdige Interpretation. Niese und Maran hatten erschütternde Töne. —
1684 2058 2978 2156 so daß die Aufnahme des Werkes eine ungemein warme war.
2515 2483 2914 2589 Telephon 12801.
1868 2656 2904 2759 We Prererer Shnn
1758 2750 2910 2825 O l. österr. behördl. konz. Unternehmen für Zeitungs-Ausschnitte
1917 2795 2814 2903 Wien, I., Concordiaplatz 4.
1753 2868 1855 2939 4
2155 2878 2587 2950 Vertretungen
1820 2918 2905 2980 in Berlin, Budapest, Chicago, Christiania, Genf, Kopen¬
1747 2970 2897 3044 hagen, London, Madrid, Mailand, Minneapolis New-Vork,
1853 3003 2888 3068 Paris, Rom, San Francisco, Stockholm, St. Petersburg.
2169 3061 2563 3120 (Quollenangabe ohne Gewähr.
1761 3087 2248 3182 Ausschnitt aus:
2249 3120 2994 3291 Monlags-Blat (ubl. at.), Hien
1751 3172 2243 3306 E vom: 6 11 1602
1881 3336 2996 3419 (Lustspieltheater.) Schnitzlers „Verm ächtnis“ ist aus
1746 3378 2998 3453 #dem Burgtheater her bekannt undehter schon seinerzeit ausführlich
1766 3440 2988 3500 gewürdigt worden. Bleibt also nur zu konstatieren, daß dieses
1771 3479 2993 3543 Ensemble der gewitterschwangeren Stimmung im Hause Losatti,
1769 3508 2983 3582 dieser unheimlich echten Psychologie, allen Farbenvaleurs von
1762 3556 2992 3623 Schnitzlers Lieblingsthema „Liebe und Tod“ gerecht wurde.
1767 3594 2991 3654 Tiefe Ergriffenheit lag über dem Hause, das im Banne der tragi¬
1762 3636 2994 3710 schen Kunst einer Niese, des unheimlich transparenten Maran,
1759 3671 2998 3738 des scharfen Forster, des sympathischen Fräuleins Matscheko
1769 3719 2995 3793 stand. Ein Abend reinen Genusses „in den Auen“ — das hat der
1766 3755 2534 3839 Künstlerwille Jarnos zuwege gebracht."
