3484 4384
641 188 865 254 Verm
1427 184 1870 268 box 16/5
228 189 1264 299 10. Daschtnis
416 434 804 505 usschnnt aus
720 476 1420 583 Natienal Zeitung. Berlis
596 506 846 592 12 5 00
378 557 574 642 rom:
676 650 1211 733 Neue Freie Volksbühne.
384 720 1540 785 W. C. Ein altes Drama von Arthur Schnitzler „Das
328 756 1541 817 Vermächtnis“ kam zum erstenmal wiedernachschJahren
340 794 1540 862 auf die Bühne, und wenn dieses Anklagestück gegen Standes= und
334 828 1549 903 Klassenmoral schan damals ein sehr umstrittenes war, so hut sich
340 873 1529 942 inzwischen unsere ganze Auffassung sozialer Gegensätze so ver¬
329 908 1531 967 ändert, daß wir auf die Dichtung ganz anders reagieren, als es
326 936 1532 1015 Schnitzler jedenfalls babsichtigt hat. Wenn in jedem der drei Akte
323 980 1540 1054 das Publikum langsam auf das Steeben eines Menschen präpa¬
330 1033 1523 1092 riert wird und die Damen auf der Bühne und im Zuschauerraum
330 1063 1536 1133 nicht aus dem Weinen herauskommen, so wirkt das schließlich
331 1105 1525 1172 nur peinlich, und über einen herzensrohen Professor und Familien¬
330 1145 1533 1208 vater entrüstet man sich nicht, wie man es sollte, sondern man
329 1173 1529 1240 findet seine eitlen und verlogenen Reden komisch und darum
328 1213 531 1278 erlösend.
413 1263 1524 1326 Bei alledem ist es schade um die feine Zeichnung der ein
302 1276 1514 1368 zelnen Menschen, die uns Schnitzler in dem Stück gibt. Am
324 1319 1541 1401 stärksten wirkten die beiden „Ehren"männer, der Professor und
326 1372 1519 1435 Abgeordnete Losatti, den Robert Müller sehr originell und
321 1412 1516 1477 mit feinem Humor darstellte, und der egoistische Streber Dr.
315 1450 1515 1520 Schmidt, der von Maximilian Sladek fast zu unsymt
308 1483 1509 1555 pathisch verkörpert wurde. Die Damen Jella Wagner
320 1529 1500 1594 Elisabeth Huch, Martha Angerstein und Hedwiß
321 1571 1517 1640 v. Lorée fanden sich mit Geschick in ihre tränenreichen Rollen
314 1615 1517 1670 und eleganten Trauerkostüme. Besonders gut spielte auch Annas¬
329 1638 1515 1735 lise Wagner in der Rolle eines herben, jungen Mädchens von
326 1669 920 1735 feinem, zurückhaltendem Wesen.
466 2091 1230 2227 ###. Max Goldschmidt“
617 2207 1098 2292 S Bureau für
606 2261 1180 2356 Zeitungsausschnitte
975 2330 1300 2405 Teisphen IIl. s02.
441 2368 576 2437 Be####
824 2451 1040 2516 Hoitt aus
651 2466 1255 2609 Nahonalzeitung, Berm
853 2678 1189 2776 912 10 1917
748 2834 1301 2912 Neue Freie Volksbühne.
500 2885 1633 2964 W. C. Ein altes Drama von Arthur Schnitzler „Das
402 2927 1630 2997 Vermächtnis“ kam zum erstenmal wieder nach acht Jahren
413 2972 1618 3017 auf die Bühne, und wenn dieses Anklagestück gegen Standes= und
423 3009 1616 3067 Klassenmoral schon damals ein sehr umstrittenes war, so hat sich
420 3054 1627 3117 inzwischen unsere ganze Auffassung sozialer Gegensätze so ver¬
416 3073 1630 3151 ändert, daß wir auf die Dichtung ganz anders reagieren, als es
433 3132 1627 3197 Schnitzler jedenfalls babsichtigt hat. Wenn in jedem der drei Alte
416 3175 1622 3225 das Publikum langsam auf das Sterben eines Menschen präpa¬
426 3200 1620 3256 riert wird und die Damen auf der Bühne und im Zuschauerraum
420 3241 1627 3301 nicht aus dem Weinen herauskommen, so wirkt das schließlich
414 3287 1615 3325 nur peinlich, und über einen herzensrohen Professor und Familien¬
414 3324 1614 3379 vater entrüstet man sich nicht, wie man es sollte, sondern man
422 3356 1625 3427 findet seine eitlen und verlogenen Reden komisch und darum
420 3392 613 3459 erlösend.
504 3417 1611 3498 Bei alledem ist es schade um die feine Zeichnung der ein¬
427 3465 1624 3518 zelnen Menschen, die uns Schnitzler in dem Stück gibt. Am
427 3517 1611 3560 stärksten wirkten die beiden „Ehren" männer, der Professor und
426 3554 1612 3617 Abgeordnete Losatti, den Robert Müller sehr originell und
429 3596 1618 3633 mit feinem Humor darstellte, und der egoistische Streber Dr.
426 3634 1610 3675 Schmidt, der von Marimilian Sladek fast zu unsym¬
416 3676 1607 3733 pathisch verkörpert wurde. Die Damen Jella Wagner,
423 3710 1622 3767 Elisabeth Huch, Martha Angerstein und Hedwig
404 3744 1621 3806 v. Lorée fanden sich mit Geschick in ihre träuenreichen Rollen
410 3785 1613 3833 und eleganten Trauerkostüme. Besonders gut spielte auch Anna¬
414 3822 1616 3890 lise Wagner in der Rolle eines herben, jungen Mädchens von
386 3858 1017 3924 feinem, zurückhaltendem Wesen.
2147 1433 2912 1579 Dr. Max Goldschmidt
2277 1550 2799 1636 1 Bureau für
2263 1605 2802 1706 Zeitungsausschnitte
2069 1672 2392 1758 Berlin N. 24
2636 1709 2966 1786 Telephos IIl. 2001
2368 1807 2687 1885 Ausschnltt aus
2188 1833 2951 1969 Sie Well am Montäg. Berhe
2424 1951 2763 2069 16 10 1911
1894 2150 3025 2244 Die Neue Freie Volksbühne hat Schnitzlers „Ver¬
1811 2199 3022 2252 mächtnis in ihren Spielplan äufgenommen. Man kann
1821 2251 3007 2301 darüber streiten, ob-die Stoffwahl besonders glücklich war. Das
1820 2301 3014 2353 etwas reichlich mit Sentiments beladene Stück läßt den späteren,
1821 2338 3017 2375 besseren Schnitzler nur in entfernten Umrissen ahnen. Hin und
1822 2372 3012 2431 wieder klingt freilich auch hier jene feingetönte, weltmännisch¬
1829 2412 3019 2480 ironisch=melancholische Grundstimmung durch, die am Dichter der
1829 2458 3009 2507 „Liebelei" und das „Anatol“ entzückt. Aber im großen und
1799 2485 3012 2557 ganzen bleiben die breitgezoge. Geschehnisse dieser drei Akte
1821 2523 3016 2589 zu sehr in der Depression des S#flichen stecken, als daß sich
1804 2580 3017 2632 die suggestive Physiognomie ihres ##ers herausschälen könnte.
1886 2617 3011 2673 Die Aufführung war würdig. H# wig von Loräc, der
1809 2656 2535 2712 man mit Vergnügen wieder bege##,
2537 2653 3018 2720 gab ihrer tränenreichen
1816 2697 3020 2734 Mutterrolle echte Noblesse, frauchen Takt und jenes Gefühl¬¬
1818 2725 3010 2786 eines konzentrierten Miterle#. das auf der Bühne erst den
1819 2763 3025 2841 leibhaftigen Menschen ma Mit ihr und neben ihr halfen
1815 2814 3020 2875 die Herren Müller und Sladek. sowie die Damen Anna¬
1820 2864 2912 2919 lise und Hella Wagner zum Erfolge des Abends.
2793 2896 2897 2938 A. 2
