3484 4256
1408 146 1866 246 box 16/2
211 160 1254 266 10. Das Vermnechtnis
2531 1435 2956 1519 —
1503 1448 1685 1531 ——
1761 1499 2964 1570 freilich gleichgiltig, weil es keine Ahnung davon hat, was man
547 1519 1762 1596 offenbar alles das nicht! Seit den „Ledigen Leuten“ sieht man
1764 1549 2961 1623 zu erdulden, zu verwinden hat, was für furchtbare Augenblicke
550 1568 1756 1624 in Dörmann bloß den Dichter der Pikanterie; dieser Vorwurf
1766 1598 2972 1658 über unsere jungen Herzen kommen, bis es heute einem „jungen
555 1608 1763 1679 oder dieses Lob — je nachdem — wurde ihm von allen Seiten
1759 1639 2962 1707 Talente“ gelingt, sich Bahn zu brechen. Liebes Publicum —
567 1653 1758 1726 gemacht, man meinte, er könne nicht anders wie vikant kommen;
1752 1684 2963 1763 ein Stück schreiben ist das Leichteste, aber ein Stück dann
568 1697 1759 1759 Dichter der Halbwelt — weiß Gott, was man ihn nannte. Mit
1752 1719 2966 1787 „machen“, d. h. auf eine Bühne bringen, sich erst mit dem
575 1745 1760 1806 seinem neuesten Stücke wollte er nun beweisen dass es ihm
1758 1763 2958 1835 Director, dann den Schauspielern unten auf der Probe zu
567 1788 1758 1850 keineswegs um die Aeußerlichkeiten eines Stoffes zu thun ist,
1766 1786 2977 1876 raufen, das ist das Schwere an dem Geschäfte des dramatischen
571 1831 1760 1886 und um sich seine Aufgabe recht schwer zu machen, wählie er
2270 1868 2968 1927 — ein Abend und alle Mühe, alle
1758 1866 2285 1931 Schriftstellers. Und dann
574 1872 1757 1939 sich die schlichtesten, einfachsten Mitiel des Ausdruckes. Heute
2420 1900 2976 1960 die Nerven muss man sich
1765 1906 2368 1972 Nervosität war umsonst! Ja
572 1916 1766 1984 hat er die Niederlage verwunden und legt fröhlich und wohl¬
1765 1936 2971 2009 beim Theater so schnell als möglich abgewöhnen! Ein gutes
574 1962 1759 2042 gemuth die letzte Feile an seine neue fesche Wiener Komödie
1768 1981 2962 2055 Mundwerk ist da besser. Alles das wollen „Die Lumpen“.
577 2008 1756 2072 „Der Zimmerherr“. Die wird den Leuten wieder riesig gefallen.
1767 2036 2975 2098 sagen. Leider ist der Interessenkreis für diese Dinge ein be¬
576 2054 1765 2113 Wie sagt er immer? „Mit Lachen und Scherz um eine im
1774 2089 2974 2147 schränkter, das findet nur bei Literaturfreunden und Leuten, die
579 2090 1767 2163 Grunde tieftraurige Sache geh'n, das ist das Wesen meiner
1766 2126 2974 2177 rund ums Theater leben, Verständnis. Auch mit dieser Vor¬
574 2140 1761 2199 Stücke.“ Die Frivolen und Oberflächlichen finden dann das
1762 2158 2971 2239 ste##ng bewies das Carl=Theater, dass es nicht den mindesten
577 2182 1772 2242 Frivole und das Oberflächliche — werden also zufrieden sein. Die
1762 2217 2968 2286 Unspruch hat, sich ein théatre moderhe zu nennen, was es
574 2224 1765 2292 Ernsten und Denkenden kommen schon auf den ernsten Kern der
1770 2233 3042 2331 ieuestens so gern thut. Es wurde elend gespielt, Herrn Schild1
579 2273 1758 2334 Dichtung, wie ein Rubin, der, siebenfach verschleiert, nur dem
1768 2305 2176 2381 (kraut ausgenommen.
577 2313 1760 2368 leuchtet, der würdig der Kunst. Die Darstellung — das Stück
1879 2332 2972 2405 Das Burgtheater brachte in der letzten Zeit „Das
573 2358 1657 2437 wurde im Carl=Theater gegeben — ließ zu wünschen übrig.
1769 2378 2978 2449 Vermächtnis“ von Arthur Schnitzler. Er wird von
691 2373 1760 2456 Philipo Langmann, der Dichter des billigen, bru¬
1771 2423 2983 2491 Werk zu Werk größer, tiefer, weniger=Dramatiker — im alten
567 2445 1761 2500 Utalen Tendenz=Theaterstückes „Bartel Turaser“, eclitt mit dem
1778 2470 2975 2530 Sinne —, aber bedeutender als Dichter. Wieder zieht der
571 2474 1762 2559 Volkslustspiele „Die vier Gewinner“ eine Niederlage. Das
1954 2517 2970 2579 seiner Größe und seiner tragischen Unerbinlichkeit durch
1768 2521 2000 2592 Tod mit :
592 2531 1759 2595 Stück hat nun absolut keine Handlung. Drei Arbeiter und eine
1771 2579 2965 2623 dieses Stück. Es ist eine Tragödie im vollen Sinne des Wortes.
586 2578 1763 2636 Arbeiterin machen einen Terno in der kleinen Louerie, sie be¬
1771 2610 2967 2675 Ich kann die Handlung nicht gequält, construiert finden, wie
577 2621 1771 2686 heben in der Stadt den Gewinn. und werden darum geprellt.
1780 2648 2974 2711 man allgemein behauptet, wenn man das Eintreten der Todes¬
586 2667 1768 2735 Die Arbeiterin wird unter Vorspiegelung einer günstigen Ver¬
1772 2689 2972 2756 fälle als das unabwendbare Schicksal dieser Familie
583 2709 1769 2780 ziusung darum betrogen, der eine Arbeiter wird von Bauern¬
1771 2723 2980 2802 Losatti annimmt. Es ist ein großes Werk, das wieder einen
587 2756 1772 2819 fängern im Kartenspiel gerupft, der zweite vertrinkt und ver¬
1779 2781 2976 2847 tiefen Abgrund der wienerischen Seele erschließt. Alle Personen
580 2803 1771 2884 schenkt seinen Antheil an eine Straßendirne, und den dritten,
1783 2818 2974 2889 steben unserem Fühlen gleich so nah'e Der junge Dr. Hugo,
593 2844 1772 2919 einen alten, geistesschwachen Mann, betrügen zwei Strizzi mit
1781 2868 2975 2937 seine Schwester Francisca, die in ihrer Vereinigung von Verstand.
590 2878 1781 2953 einer Messinguhr, die er für eine kostbare goldene hält. Das
1784 2915 2981 2977 und Herzlichkeit, natürlichem Gefühle wohl schon seitener zu finden
591 2929 1780 3005 ganze Stück löst sich in eine endlose Reihe von Evisodenscenen
1771 2961 2977 3023 ist, die par aber doch so genau keinnen! Jeder junge Mann
588 2972 1773 3046 auf. Ganz großartig war die überaus schwierige Dar¬
1776 3004 2988 3066 von der rt des Hugo Losani lerm einmal in seinem Leben
581 3024 1774 3083 stellung. Fräulein Glöckner. Fräulein Schweighofer, Herr
1780 3048 3000 3120 eine Fläncisca kennen — gewöhnlich ist es aber nicht die
587 3058 1775 3129 Girardi, Herr Meixner, Herr Kramer waren ganz außer¬
1771 3086 2769 3178 eigene Schwester, manchmal wird sie dessen Frau.
579 3114 818 3192 ordentlich.
1892 3120 2982 3194 Die Familie des Professors Adolf Losatti, Abgeordneten,
706 3129 1782 3212 Dr. Leo Hirschfeld betrai mit seiner Komödie „Die
1773 3178 2970 3241 ist der Typus der wohlhabenden, distinguierten, aber einfach ge¬
574 3192 1786 3284 [„Lumpen“ zum erstenmale die Bühne. Das Stück hielt sich
1780 3218 2983 3292 bliebenen Wiener Bürgerfamilie. — Eines Nachmttags bringt
587 3240 1780 3305 #nlicht, aber der Autor erlebte einen hübichen, ehrenvollen Erfolg.
1781 3270 2980 3346 man den 26jährigen Sohn Hugo, Dr. juris, schwer verwundet
601 3277 1775 3337 Es schildert die Leiden und Kämpfe von uns jungen Literaten,
589 3311 2994 3397 die es kostet, um „hinaufzukommen“. Dem Publicum ist das nach Hause, da eben die Schwägerin der Losauis, Emma Winter,
