3392 4384
196 153 1242 263 10. Das Vernaechtnis
1389 156 1856 249 box 16/5
1951 1025 2087 1129 Die
1434 1058 2065 1186 „OBSERVER
1208 1178 2295 1253 1 österr. behördl. konz. Unternehmen für Zeitungs-Ausschnitte
1332 1213 2183 1319 Wien, I., Concordiaplatz 4.
1522 1290 1960 1378 Vertretungen
1199 1355 2279 1413 in Berlin, Budapest, Chicago, Christiania, Genf. Kopen¬
1196 1393 2284 1488 hagen, London, Madrid, Mailand, Minneapolis, New-Vork,
1244 1447 2236 1510 Paris, Rom, San Francisco, Stockholm, St. Petersburg.
1534 1483 1952 1559 (Queljanangabe ohne Gewähr).
1195 1505 2235 1613 dusschm au. 6n06 t  ar. 6
1180 1607 2375 1729 Mpbrae
1396 1945 2138 2096 „Den frie Scene
1376 2081 2171 2164 afsluttede iaftes sin Seson med Ar¬
1376 2147 2180 2242 tur Schnitzlers „Hans sidste Vil¬
1374 2209 2186 2291 je“, som Publikkum fandt meget Be¬
1381 2265 2194 2344 hag i. Forud for Forestillingen
1377 2325 2192 2394 holdt Hr. Auel Strem en lille Tale
1380 2368 2186 2454 til Foreningens Medlemmer og lo¬
1395 2427 2185 2499 vede dem, at de Fejl, „den friel
1376 2488 2186 2572 Scene“ iaar har lidt under, saavidt
1370 2553 2179 2641 muligt skal blive rettede til nieste
1385 2606 1513 2677 A%
1443 2643 2188 2739 Om nogen Tid begynder Med¬
1368 2715 2195 2788 lemstegningen til „den frie Scene“e
1363 2771 2205 2846 Seeson 1909—10, og vi vil anbefale
1377 2832 2183 2919 Folk at tegne sig som Medlemmer.
1371 2886 2185 2963 Selv om ikke alle Forestillinger har
1397 2943 2200 3024 veere' gode, har man dog gledet sig
1369 3005 2178 3082 over den ufortredne Energi, hvor¬
1375 3061 2186 3124 med der er blevet arbejdet. Og en¬
1375 3122 2205 3193 kelte Forestillinger har varslet om
1393 3169 2189 3268 fremtidige endnu bedre Forestillin¬
1372 3243 1498 3336 ger.
1456 3254 2194 3360 „Den frie Scene“s Medlemmer
1391 3347 2199 3419 takkede iaftes Hr. Strem for iaur
1391 3402 2025 3477 ved et vedholdende Bifald.
