3392 4384
114 206 1761 323 10. Das Vernaechtnis box 16/4
684 1009 1111 1126 Telefon 12801.
403 1106 1431 1226 Unternehmen für Zeitungs-Ausschnitte.
1310 1146 1504 1228 Ausschuftt
574 1199 1607 1358 „UBSERVER N. 70
299 1295 386 1389 0
201 1296 1650 1451 L isterr. behördl. coue. Bureau für Zeitungsberichte u. Personalnachrichten
371 1369 1506 1516 Wien, IX/1. Türkenstrasse 17.
609 1483 1262 1580 Filiale in Budapest: „Fisyele“
300 1523 1573 1650 Vertretungen in Berlin, Chicago, London, Newyork, Paris, Stockholm.
216 1652 1187 1819 Ausschnilt aus: #encc.met
1168 1762 1467 1878 Sse
874 1758 1143 1899 Gere
231 1856 645 1959 vo%
1589 2140 2805 2211 kann. Auch die Vertreter der Familie erscheinen mehr
667 2073 1256 2246 Mist int Trelte.
1586 2196 2802 2266 oder minder konstruiert, um eine wahrhaft staunenswerte
432 2206 1565 2280 Münchner Schauspielhaus. Eröffnungs=Vor¬
1579 2246 2805 2290 Ueberfülle von verschiedenen Motiven für die gleiche Hand¬
343 2270 1563 2333 stellung. „Das Vermächtnis“, Schauspiel von
1577 2290 2803 2348 lung vor Augen zu führen. Bei einigen dieser Personen,
338 2323 1567 2391 Arthur Schnitzler, kommt ziemlich spät nach München:
1578 2337 2798 2408 besonders bei dem oberflächlichen Phrasendrescher Losatti,
350 2381 1555 2436 es ist in der verflossenen Spielzeit schon über viele Bühnen
1570 2388 2802 2442 tritt Schnitzlers bedeutendes Talent für die satyrische
342 2421 1566 2486 gegangen und u. a. in der Vaterstadt des Dichters elfmal
1589 2437 2811 2510 (und daher übertreibende) Behandlungsweise wieder recht
336 2478 1562 2533 an der Burg gegeben worden. Es ist keines von jenen
1579 2482 2801 2547 deutlich hervor. So unwahr seine Charaktere im
345 2516 1565 2588 abstrakten Werken, in denen ein echter Künstler unbeirrt
1581 2527 2803 2588 Grunde sein mögen, so glücklich sind doch andererseits
342 2568 1566 2627 auf ein ihm vorschwebendes Ziel losgeht, es gehört nur
1587 2574 2803 2642 seine Einzelbeobachtungen: der ganze erste Akt ist eigent¬
336 2615 1570 2678 zu den unterhaltenden und wirksamen Theaterstücken, die
1580 2629 2804 2686 lich überflüssig, denn dessen Inhalt könnte in einer Ex¬
334 2674 1566 2731 unsere Direktoren besonders lieben: ein Routinier ver¬
1575 2677 2801 2735 position von zwei Worten wiedergegeben werden, aber es
341 2723 1571 2778 teidigt da in scheinbar modernen Formen eine scheinbar
1587 2734 2801 2811 sind eben diese gut beobachteten Einzelzüge, die ihn wert¬
336 2774 1558 2835 moderne These und er gewinnt sein Publikum durch
1581 2775 1875 2852 voll machen.
335 2822 1569 2887 Sophismen, durch eine ungleiche Verteilung von Licht und
1669 2801 2807 2899 Die Aufführung im Schauspielhause befriedigte un¬
337 2861 1571 2927 Schatten und — was das Schlimmste ist — durch eine
1583 2876 2802 2939 gemein. Es zeigte sich, daß Herr Stollberg mit seinen
342 2913 1566 2982 ganz altmodische Spekulation auf Sentimentalität und
1579 2928 2803 2994 Engagements eine überaus glückliche Hand gehabt hat.
339 2957 1561 3010 Thränendrüsen. Dies der Inhalt: Der Sohn einer
1576 2968 2802 3032 Die neuen Mitglieder, vor allem Herr Schwartze und
342 3006 1564 3066 Professorenfamilie stürzt mit dem Pferde, in seiner
1580 3024 2802 3077 Frau de Scheirder dann aber auch Herr Lind, Frl.
344 3060 1565 3117 Sterbestunde verpflichtet er seine Angehörigen, daß sie
1577 3070 2797 3143 von Kroll und Frl. Lange („Toni“) scheinen zum
340 3107 1556 3172 seine Geliebte und sein Kind zu sich nehmen, man thut
1574 3114 2802 3187 mindesten gute Durchschnittskräfte zu sein, aus denen eine
331 3159 1554 3219 es, aber als das Kind stirbt, da treibt man die „Maitresse“.
1565 3172 2801 3237 verständige Regie unendlich viel machen kann. Wo sich
321 3208 1561 3262 die man bis dahin um des Kindes willen geduldet, aus dem
1573 3227 2793 3283 angelernte von angeborener Kunst scheidet, ließ sich nur
337 3257 1550 3317 Hause und in den Tod. Die Figur dieser „Toni Weber“
1578 3264 2798 3333 bemerken, wenn Bré mit ihrem unnachahmlich natürlichen
333 3298 1552 3361 ist ganz und gar verzeichnet. Würde sie nicht wie die
1569 3322 2809 3398 Ton in das Gespräch einzugreifen hatte. Herr Lang
329 3351 1557 3407 „Christine“ in der „Liebelei“ desselben Verfassers als ein
1575 3366 2796 3435 war der einzige, der versuchte, den Wiener Ton zu treffen,
331 3403 1560 3460 hypersensibles Wesen, sondern als das Mädchen aus dem
1575 3415 2807 3471 was die anderen mit gutem Grunde — weil sie nämlich
331 3447 1569 3506 Volke, unfähig, sich in Sprache und Benehmen dem neuen
1568 3454 2804 3513 meist sden Dialekt doch nicht beherrschen würden — ver¬
335 3501 1553 3568 Kreise anzupassen, dargestellt, so wäre ohne Zweifel das
1579 3508 2791 3565 mieden haben. Frau Fischer, der ehemalige Stern der
333 3556 1556 3621 Wesen der Grisette besser getroffen und wären auch die
1569 3562 2797 3620 Operette, überraschte durch eine eigenartige Talentprobe, nicht
332 3596 1550 3657 Beweggründe ihrer Gegner begreiflicher, die ganze Schild¬
1570 3611 2785 3681 nur im Klang der Stimme, stellenweise auch im Aus¬
336 3648 1555 3701 erung unparteiischer. Statt dessen konstruiert Schnitzler
1572 3649 2795 3722 druck erinnerte sie an niemand geringeren, als an Frau
332 3691 1769 3775 ein Grisetten=Ideal, das bestenfalls als Ausnahme gelten1 Ramlo.
2906 2153 3246 2230 Getadelt muß
2815 2186 3235 2268 werden. Es sind
2822 2249 3256 2317 um die es sich han
2816 2294 3229 2371 ständig zu hören
2823 2334 3242 2415 Aufzug noch einm
2828 2394 3228 2459 sich der Gestorbene
2820 2443 3220 2510 Das Letztere sind
2818 2492 3251 2557 vornehmen Institute,
2813 2545 3257 2608 will und kann, nicht
