3436 4320
1462 113 1905 212 box 16/3
256 102 1315 233 10. Das Vermaechtnig
535 316 1765 395 bürdung des im executiven Betriebsdienst verwendeten Personales
1765 329 2980 427 einzige Dichtung zur Zeit die dramatische ist. Zum Theater
536 385 1762 454 entgegenzutreten, weil „Fälle vorgekommen, in denen die dienstlichen,
1754 381 2981 485 drängt, am Theater hängt doch Alles. Nur vom letzten Coulissen¬
528 443 1749 505 an das erecutive Betriebspersonal gestellten Anforderungen zweifellos
1757 448 2989 532 erfolg erfährt der Deutsche überhaupt noch etwas, nur von ihm
526 484 1752 546 über die durchschnittliche Leistungsfähigkeit dessellen hinauszogen“.
1753 498 2988 569 wird geredet, nur die Bühne bringt dem Dichter, was er so
526 520 1746 604 Daß diese Fälle nicht selten vorkamen, beweist ein weiterer Satz der
1759 541 2983 620 glühend träumt und ersehnt: die Gunst und den Ruhm jenes
526 577 1744 652 amtlichen Verlautbarung, wonach „die vierundzwanzigstündige Dienst¬
1756 601 2992 672 „Volkes“, von dessen hoher ästhetischer Bildung ich in meinem
524 633 1751 696 zeit bei dem größten Theil des im executiven Betriebsdienst verwendeten
1753 649 2976 699 letzten Brief gesprochen habe. Ohne Frage gilt in diesen Zeit¬
520 664 1744 740 Bahnpersonals eine Regel ist, von der in einschränkendem Sinne
1755 693 2984 757 läuften nur noch der Bühnendramatiker als ein Mann der öffent¬
515 713 1747 798 nur hie und da abgewichen wird“ und wonach sogar die Ruhezeit
1754 743 2983 815 lichen Angelegenheiten, und alles andere Dichten ist eine Sache
511 762 1744 849 bis auf sechs Stunden eingeschränkt wird. Herr v. Wittek würde
1749 793 2988 869 des Privatvergnügens. Hie und da lebt vielleicht ein weltscheuer
523 826 1740 891 sich ein Verdienst nicht blos um das Bahnpersonal, sondern auch um
1747 835 2985 910 Einsiedler, der da meint, daß aus diesem Privatvergnügen für
509 874 1744 952 das fahrende Publicum erwerben, wenn er dafür sorgen würde, daß
1743 892 2973 959 die Kunst mehr herauskommen kann, als aus dem Oeffentliche¬
518 913 1736 1002 die Oeffentlichkeit die ganze Wahrheit — nicht blos über die Staats=,
1745 949 2983 1004 Angelegenheit=Spielen. Sein Blick schweift vielleicht über die
516 962 1743 1040 sondern auch über die Privatbahnen — erfährt. Es würde auch dann
1749 984 2988 1037 Literaturgeschichte dahin und er sieht dann merkwürdigerweise,
509 1014 1744 1091 noch so viel zu verschweigen geben, daß selbst der rückständigste
1748 1034 2987 1111 daß immer und immer wieder gerade die Kunstgattung, die die
504 1057 1740 1144 Bureaukrat keinen Grund hätte, dem Eisenbahnministerium wegen
1745 1082 2984 1161 Mode beherrscht und als die einzig vornehme gilt, die tauben
502 1116 1735 1189 Schwatzhaftigkeit Vorwürfe zu machen. Soll es auf den öster¬
1737 1120 2982 1202 Blüthen hervorbringt, während die verachtete, die im Verborgenen
514 1163 1750 1238 eeichischen Bahnen für Bedienstete und Publicum besser werden, dann
1740 1167 2966 1260 blühende Art in der Zukunft als die einzig lebendige sich aus¬
504 1216 1742 1298 muß die bisherige Art der Berichterstattung einer andern, besseren
1741 1237 2983 1317 weist. So stand das Drama niemals künstlerisch höher, als da
509 1254 772 1337 Platz machen.
1741 1273 2968 1354 es noch für die unterste Poesie galt. Die hohe Dichtung aber,
628 1287 1726 1383 Man kann nicht von der Socialpolitik der österreichischen Staats¬
1738 1318 2980 1391 die vornehme Modepoesic der Sonettisten im Zeitalter Shakespeare's
500 1364 1735 1437 bahnen sprechen, ohne der sogenannten Wohlfahrtseinrichtungen, die
1733 1368 2957 1454 und Lopé de Vega's: wie bald war sie der „Schnee von gestern“
494 1410 1736 1488 daselbst für die Angestellten bestehen, zu gedenken. Weiß man doch
1735 1422 2974 1489 wie Villon singt, auch so ein Unmodischer und Verachteter seiner
501 1460 1731 1530 längst, daß die staatlichen Betriebe keine Muster sind, an denen sich
1735 1490 2971 1561 Zeit. Und das läßt sich psychologisch auch recht gut erklären.
501 1499 1734 1588 der private Arbeitgeber ein Beispiel nehmen könnte. Es genügt dies¬
1729 1525 2959 1606 Denn die modische Kunst wird immer jeden Hinz und Kunz an¬
497 1551 1726 1629 falls festzustellen, daß der Staat nicht allzuviel über den Pflichtenkreis
1730 1581 2962 1656 locken, aber die einsame Kunst sucht nur der, der sich mit
489 1592 1387 1674 hineusgeht, der für die Privatunternehmer gilt.
1726 1610 2958 1706 Allgewalten zu ihr hingezogen fühlt. Jene wird stets eine fertige,
616 1653 1724 1728 Sehen wir von Wohlfahrtseinrichtungen, wie Lebensmittrt—
1730 1671 2960 1751 Egeschlossene Entwicklung bedeuten, diese Brachland und Neuland.
494 1704 1729 1772 magazine, Speiseräume, Badeanstalten, Wohngebäude, Weihnachts¬
1730 1719 2668 1786 Und das Wesen des Genies ist die Erneuerung.
485 1736 1724 1835 bescheerungen, Feriencolonien, Schulfonds, sowie von der obligatorischen
1841 1774 2964 1860 Aber man soll nicht immer wider den Stachel löken. Und
494 1809 1724 1873 Krankenunterstützung und Unfallsentschädigung ab, so kommt nur ein
1720 1816 2956 1902 bei meiner unbegrenzten Ehrfurcht vor der Meinung des Publi¬
488 1849 1721 1913 Pensionsinstitut für die Beamten und ein Provisionsinstiut für die
1728 1865 2967 1959 cums und seiner ungewöhnlich feinen ästhetischen Cultur will
489 1897 1721 1961 Diener und Arbeiter, außerdem eine Spar= und Vorschußeasse in
1720 1923 2952 2004 ich mich beugen und einsehen, daß die höchsten Erzeugnisse des
487 1945 1717 2019 Betracht. Die Leistungen dieser Institute für ihre Mitglieder zu unter¬
1725 1977 2968 2046 künstlerischen Geistes der Gegenwart nur in unseren, Theatern
476 1999 1712 2076 suchen, ist nicht nothwendig, weil es sich hiebei nur zum geringsten
1723 2020 2103 2098 erscheinen können.
471 2049 1713 2112 Theile um Leistungen aus dem Staatssäckel handelt: sämmtliche
1834 2069 2981 2154 Was leistet denn nun diese Poesic? Wo steht sie? Wie—
474 2084 1718 2183 Institute werden theils ganz, theils in erheblichem Maße von den
1719 2100 2958 2206 weit haben wir es gebracht in der großen Erneuerung durch
485 2150 1712 2230 Bahnbediensteten erhalten, durch den Ausschluß der Bediensteten von
1722 2160 2954 2245 den modernen Geist, die vor etwa einem Dutzend von Jahren
476 2206 1426 2267 der Verwaltung jedoch nicht unbedeutend entwerthet.
1721 2209 2960 2295 so hell und so freudig verkündet wurde? Liegt sie eigentlich erst
597 2227 1708 2319 So steht denn die Leistungsfähigkeit der österreichischen Staats¬
1722 2275 2948 2331 noch vor uns, oder haben wir sie schon hinter uns? Stehen wir
471 2288 1712 2372 bahnen mit dem Maße an Fürsorge des Staates für seine Angestellten
1719 2322 2954 2375 still, oder bewegen, entwickeln wir uns? Denn auch in der Kunst
481 2348 1708 2427 in einem engen Zusammenhange, wie dies übrigens auch nach¬
1723 2371 2940 2451 bedeutet Stillstand Tod. Und nur so wunderbare, glückliche Ent¬
478 2400 1711 2469 stehende Ziffern vermuthen lassen, welche die Höhe der Besoldungen
1716 2415 2951 2500 wicklungen, wie sie sich vor hundert Jahren in der deutschen
482 2447 1712 2531 und andere persönliche Ausgaben per 1 Kilometer durchschnittliche
1704 2471 2937 2534 Literatur vollzogen, diese stete innere Umformung und Um¬
484 2502 1396 2576 Betriebslänge mit lakonischer Deutlichkeit darstellen:
1722 2509 2948 2592 gestaltung aus einer naturalistischen in eine classische, aus einer
648 2551 1021 2624 deutsche Bahnen.
1256 2545 1531 2638 10.234 Mark
1708 2574 2946 2650 classischen in eine romantische Dichtung zeugen von einem inneren
652 2603 1046 2669 preußische Bahnen.
1260 2609 1434 2692 11.276
1712 2613 2411 2690 Leben, von einer gewaltigen Kraft.
644 2649 1233 2725 österreichisch=ungarische Bahnen
1277 2663 1480 2729 6.513 „
1816 2678 2948 2747 Heute gibt es in Berlin keine Theaterkämpfe mehr wie
638 2707 1142 2781 österreichische Bahnen..
1276 2704 1435 2785 6.485
1705 2727 2929 2799 vor zehn Jahren. Und wenn auch gerade gestern im Lessing¬
578 2750 1701 2844 Herr v. Wittek wird alle Hände voll zu thun haben, wenn
1711 2774 2941 2842 theater Halbe's „Eroberer“ gegenüber wieder einmal ein Scandal
472 2799 1698 2906 e die Fehler und Unterlassungssünden seiner Vorgänger auch nur
1702 2813 2950 2895 ausbrach, wüst, roh, gemein, laut und lärmend wie in den Tagen
471 2859 1073 2943 einigermaßen gut machen will..
1701 2859 2934 2944 der naturalistischen Bewegung, so war das doch kein Kampf.
1705 2925 2938 2997 Nicht ein ernsthaftes Ringen der künstlerischen Geister, die um
1023 2921 1144 3019 *
1701 2963 2936 3050 literarische Grundsätze, um neue Ideen und neue Anschauungen
1707 3021 2940 3102 stritten. Davon kann bei der Halbe'schen Dichtung keine Rede
585 3030 1025 3140 ##us Hart.
1707 3071 2940 3153 sein. Sondern da tobte nur der Theaterpöbel aus den Kreisen
1206 3061 1536 3172 Weae
1695 3116 2931 3194 der „höheren Zehntausend“ der von der Kunst überhaupt keine
613 3117 1027 3225 entwicklung?
1693 3162 2931 3239 Ahnung besitzt, der unterhalten und gekitzelt sein will und zu
1172 3169 1671 3271 Ein Berliner Theaterbrief.
1694 3211 2936 3293 pfeifen und zu schimpfen anfängt, wenn der Poct ihn nicht genug
578 3228 1694 3309 Die letzten Berliner Theaterwochen sind nicht ganz un¬
1691 3263 2933 3340 zu amusiren wußte. Im Allgemeinen pflegen sonst die ersten
467 3263 1695 3376 fruchtbar verlaufen. Man bekam sogar einen ungefähren Eindruck
1684 3311 2932 3387 Aufführungen schon seit geraumer Zeit sehr ruhig zu verlaufen.
477 3339 1691 3411 davon, war unsere Bühnendichtung von heute überhaupt zu leisten
1701 3357 2927 3436 Dann und wann hört man ein wenig Zischen und so gut wie
466 3400 1687 3468 vermag und auf welcher Höhe das Theaterdrama steht, das mit
1686 3417 2927 3479 niemals den heißen und stürmischen Beifall, der von leidenschaft¬
469 3445 1699 3530 der Kunst noch ehrliche Beziehungen unterhält. Auilun Schuitzle#
1696 3455 2920 3534 licher Erregung zeugt. Die wohlwollende Achtung blüht heute
453 3487 1688 3567 der Mann aus Oesterreich, Ludwig Fulda, das Kind des west¬
1694 3511 2921 3593 bei uns. Ein Backfischschwänkchen findet dieselbe gute Aufnahme
456 3522 1695 3620 lichen Teutschland, der Sohn der Gocthestadt, und Max Halbe,
1692 3560 2918 3638 und verletzt nicht tiefer, als etwa ein modernes Problemdrama,
456 3587 1683 3651 der Ostpreuße, dazu noch Max Dreyer, der Mecklenburger, er¬
1682 3606 2921 3690 dessen Tendenz einmal alle guten Leute in Zorn brachte, während
461 3644 1681 3714 schienen in raschem Nacheinander auf den immer noch mehr geld¬
1683 3651 2925 3733 sie heute wohlwollend mit dem Kopfe dazu nicken, weil sie schon
452 3680 1681 3754 als weltbedeutenden Brettern und alle Vier gehören ja in die
1690 3707 2922 3774 längst genau dasselbe gesagt haben. Und in der That, neu ist
451 3731 1687 3810 ersten Reihen des heutigen Bühnendeutschland. Und sie können
1685 3744 2921 3827 nicht mehr, was wir an modernen Ideen von der Bühne herab
451 3785 1678 3877 uns vielleicht verrathen, wie es heu'e so im Allgemeinen um
1688 3807 2915 3861 zu hören bekommen. Die Spatzen pfeifen es schon auf den
448 3823 860 3904 unsere Kunst steht.
1688 3852 2921 3916 Dächern. Auch die Naturalismen der Sprache machen keinen
577 3858 1685 3954 Außerdem bekommt man ja jäglich die allgemeine und
1683 3906 2910 3983 Menschen mehr aufblicken. Und unsere Bühnendichter stürzen sich
463 3933 2930 4048 feste Ueberzeugung zu hören, daß die beste, ja im Grunde die nicht gern in Unkosten und fangen daher wieder an, ein ge¬
