3436 4480
1446 208 1899 284 box 16/3
248 205 1295 301 10. Das Vernaechtnis
955 934 1671 1006 geistreich oder schlicht gearbeitet ist,
1696 943 2427 1018 durch der brausende Lärm im Parkett
1011 994 1685 1050 darüber ließe sich streiten. Aber
1698 1005 2423 1046 zum Orkan anwuchs, ist selbstverständ¬
957 1022 1684 1091 der Kunstwart braucht seinen Raum
1700 1035 2422 1093 lich. Ebenso selbstverständlich aber
970 1071 1309 1126 für Wichtigeres.
1697 1080 2425 1130 hätte sein sollen, daß Herr Direktor
1034 1110 1681 1169 Zum Schlusse zu Halbe. Das
1701 1121 2426 1173 Neumann=Hofer den vergnügten Herrn
954 1154 1674 1205 Berliner Premièrenpublikum hatte
1707 1163 2429 1204 noch am selben Abend aus dem Ver¬
967 1191 1671 1237 seinen guten Tag. Im Hause Lessings
1694 1198 2426 1258 band seiner Bühne entließe. Die kon¬
956 1242 1677 1286 herrschte mitunter ein Radau, wie man
1693 1233 2424 1295 traktliche Berechtigung dazu hatte er
967 1271 1676 1322 ihn selbst in einem Matrosentheater
1702 1269 2147 1327 unter allen Umständen.
958 1316 1677 1366 letzten Ranges nur selten trifft. Ernste
2019 1308 2387 1380 Erich Schlaikjer.
959 1347 1686 1391 Szenen wurden wie gelungene Kalauer
961 1391 1675 1444 bejohlt; wohlgemeinte, aber verun¬
1698 1379 1882 1460 musik.
965 1425 1684 1481 glückte Sentenzen wurden mit donnern¬
963 1470 1674 1520 dem ironischen Bravo begleitet und
1798 1467 2421 1528 In München war das bedeu¬
955 1511 1673 1550 wenn der Dichter eben seine schlimmste
1702 1516 2423 1571 tendste „Musikereignis“ der letzten Zeit
958 1549 1676 1595 Niederlage erlitt, wurde er unter wie¬
1707 1549 2428 1605 Professor Berthold Kellermanns
961 1587 1675 1648 herndem Gelächter gerufen. Der Dichter
1706 1600 2420 1645 Unternehmen, mit dem bedeutend
1018 1624 1687 1673 ach, er hieß Max Halbe. Sein
1698 1636 2419 1674 verstärkten Kaim=Orchester, die sämt¬
963 1668 1684 1712 Stück ist schlecht und verdiente die
1702 1673 2418 1727 lichen zwölf symphonischen Dich¬
956 1708 1682 1751 furchtbare Niederlage, den Skandal
1696 1716 2437 1752 tungen Liszts in einem vier Abende
959 1750 1668 1795 aber verdiente er nicht; um des Dich¬
1699 1753 2421 1801 umfassenden Zyklus vorzuführen, eine
970 1785 1674 1837 ters willen, der ehrlich gestrebt und
1709 1790 2414 1835 „That“ (um ein viel mißbrauchtes
960 1821 1677 1868 Gutes geleistet hat, hätte das Publikum
1700 1831 2422 1877 Wort auch einmal da anzuwenden,
958 1865 1670 1903 seine schlechten Instinkte zügeln müssen.
1697 1877 2420 1917 wo es wirklich am Platze ist), deren
959 1903 1674 1957 Kritisieren kann man diese „Tragödie“
1703 1903 2420 1961 sozusagen „moralisches“ Verdienst
956 1939 1673 1988 nicht. Halbe hat sich, in einer aller¬
1705 1960 2424 1997 nicht geringer anzuschlagen ist, als
966 1976 1678 2028 dings fast unbegreiflichen Weise, über
1705 1989 2431 2040 das rein künstlerische. Ein Akt pie¬
971 2019 1687 2077 seine Begabung getäuscht. Er versteht sich
1700 2026 2423 2066 tätvoller Huldigung, vom Schüler
971 2063 1675 2115 auf intime Bühnenstimmung und in¬
1708 2064 2421 2109 dem großen Lehrer und Meister dar¬
964 2098 1674 2148 time Charakteristik. Seine Mensch n
1708 2102 2417 2149 gebracht, gestaltete sich durch seine
957 2148 1683 2193 leben und weben im Duft ihrer Heimat,
1696 2150 2441 2203 würdige, zum Teil geradezu glanz¬
965 2181 1674 2230 und das ist viel. Im „Eroberer“ aber
1709 2186 2419 2238 volle Ausführung zu einem musikali.
956 2214 1674 2270 beschwört er die Renaissance herauf,
1704 2200 2504 2274 schen Ereignis allerersten Rang S#
968 2261 1685 2297 wagt er sich an Motive, die mit ge¬
1694 2258 2409 2308 War es schon im allgemeinen hoch¬
966 2292 1674 2347 waltiger Kraft gestaltet sein wollen,
1702 2298 2423 2356 interessant diese Meisterwerke einer
971 2332 1683 2372 wenn nicht das Erhabene in das Lächer¬
1697 2324 2428 2395 Gattung, in der wie kaum in einer
965 2376 1673 2424 liche umschlagen soll. Von den kleinen,
1698 2379 2415 2435 anderen, die künstlerische Eigenart
962 2411 1680 2465 hübschen Liebeskonflikten der „Jugend“
1703 2423 2422 2471 Liszts sich rein und deutlich ausprägt,
963 2455 1683 2504 verlangt er, daß sie bedeutend scheinen
1704 2462 2419 2503 in lückenloser Reihe vorüberziehen zu
970 2498 1669 2539 sollen. Bei der Première hat er ge¬
1700 2501 2422 2546 hören, so sammelte sich natürlich diese
963 2532 1668 2578 büßt, was er gesündigt und hat oben¬
1703 2539 2421 2590 Teilnahme ganz besonders auf dieje¬
970 2573 1680 2614 drein noch Unrecht erlitten. Daß er
1699 2580 2425 2632 nigen der symphonischen Dichtungen,
969 2613 1675 2659 endlich die Grenzen seiner Begabung
1709 2617 2428 2667 die man sonst selten oder gar nicht
969 2653 1678 2700 erkennte! Er ist ein Poet des Intimen
1710 2652 2423 2698 aufführt. In dieser Beziehung bot
967 2692 1684 2742 und kann ebenso leicht bedeutende Stoffe
1695 2696 2419 2750 der „Hamlet“ wohl auch solchen,
962 2729 1684 2771 bewältigen, wie Kinderarme ein
1696 2734 2419 2788 die mit dem Lisztschen Schaffen ver¬
959 2767 1676 2817 Schlachtschwert schwingen können. Der
1709 2779 2439 2824 trauter sind, eine Ueberraschung. Die
964 2812 1681 2856 gestrige Abend hat klar und deutlich
1704 2815 2423 2865 mit Worten nicht einmal auch nur
967 2859 1679 2896 das Gebiet bezeichnet, das sein Fuß
1708 2857 2421 2900 anzudeutende, geradezu suggestive
963 2888 1675 2929 nie betreten darf und der despotische
1695 2889 2429 2945 Wirkung, welche dieses kurze Stück
967 2934 1679 2981 Mob hat zudem eine Warnungstafel
1705 2930 2440 2976 trotz, oder vielleicht gerade mit in¬
967 2966 1673 3026 aufgerichtet, die wohl geeignet ist, zu
1696 2970 2430 3018 folge seiner musikalischen Schlicht¬
967 3006 1153 3057 schrecken.
1701 3008 2417 3067 heit und Reizlosigkeit bei kongeniale
1017 3029 1674 3088 Soweit die Sache in Betracht kommt,
1709 3038 2404 3102 Aufführung, wie hier unter Keller
963 3083 1682 3132 schließen wir jetzt. Darüber hinaus
1696 3095 2412 3146 mann, ausübt, war selbst für genauf
962 3128 1681 3173 glauben wir aber doch unseren Lesern
1702 3124 2406 3181 Kenner der Partitur kaum zu erwar
963 3164 1680 3200 eine Mitteilung schuldig zu sein. Ein
1708 3168 2407 3218 ten. Für das große Publikum frei
957 3191 1680 3243 leidlich begabter Mime, der Jarno
1703 3202 2412 3256 lich wars „Caviar“ was man außer
966 3239 1676 3289 heißt, fühlte sich vom geistesverwandten
1698 3246 2427 3292 dem nur noch von der grandios wuch¬
959 3277 1676 3326 Ulk des Publikums angesteckt und ulkte
1709 3285 2413 3336 tigen „Héroide funebre“ sagen kann.
974 3315 1680 3364 in einer schwierigen Situation durch
1695 3321 2417 3368 Auch dieses Werk verstehend zu ge¬
960 3357 1686 3415 eine rüde Handbewegung mit. Daß da¬
1688 3367 2424 3428 nießen, wird noch für lange Zeit den
1000 3414 1232 3480 Kunstwart
1965 3420 2395 3484 1. Novemberheft 1898
1653 3457 1763 3518 104 —
