3436 4256
1194 212 1266 263 S
1422 193 1877 291 box 16/2
232 187 1262 299 10. Das Vernaechtn—
2230 424 2346 515 123
1412 439 1789 535 Theater=Notizbuch.
1357 545 1866 640 Theater=Notigbuch.
837 609 2364 700 („Das Vermächtnis.“ Schauspiel in 3 Aufzügen von Arthur Schnitzler. Zum
991 676 2224 738 erstenmale aufgeführt am k. k. Hofburgtheater am 30. November 1898.)
943 717 2352 774 Arthur Schnitzler muß neben allem Schönen eines großen Erfolges, wie es der
852 763 2366 858 seiner berühmten „Liebelei“ war, auch sein Bitteres erfahren: er wird etiquettirt, registrirt
849 813 2352 878 und ruhrizirt und die alte Marke wird auch dem neuen und anderen Wein künstlich auf¬
851 861 2360 950 geklebte die Schlagworte vom „süßen Mädel“, vom „Wiener Lebemann“ und von „freier
857 908 2360 999 Liebe“ werden mit verdrießlicher Hartnäckigkeit auch auf jene Dichtungen Schnitzlers an¬
851 961 2362 1048 gewandt, für die jene Begriffe innerlich gar nicht mehr in Betracht kommen und besonders
811 1007 2369 1109 *Him „Vermächtnis“, dem gehaltvollsten Werk des zu immer schönerer Menschlichkeit heran¬
851 1065 2369 1131 reifenden Dichters wurden mit Verkennung des Wesentlichen Tendenzen erörtert, die mit
861 1117 2392 1181 dem wahren Kern des Dramas nur in ganz losem und vielleicht sogar entbehrlichen
860 1156 2371 1240 Zusammenhang stehen und bloß eine allerdings wirksame Verstärkung des dramatischen
866 1205 2357 1279 Resonanzbodens zu bedeuten haben. Der äußerliche Vorgang ist einfach: der „liberale“
858 1253 2367 1347 Abgeordnete Prof. Losatti, ein innerlich hohler und eitler, aber gutmütiger Mensch mit
866 1311 2369 1385 steter Neigung zur schönen Pose, zur Schaustellung rührender Gruppen aus seinem
854 1351 2370 1421 Familienleben und zur bengalischen Beleuchtung seiner ohnedies so „edlen" Gefühle, hat
854 1401 2373 1469 einen Sohn, der bei der Kavallerie gedient hat und durch die dabei großgezogene Reiter¬
854 1450 2367 1527 passion sein Leben einbüßt: er stürzt vom Pferde und hat vor seinem jähen Tode nur
866 1491 2381 1573 noch Zeit, sein Kind und dessen Mutter, die er von dem Buben nicht trennen kann und
865 1539 2371 1632 die er gewiß sofort bei erlangter Unabhängigkeit zu seiner Frau gemacht hätte, den Seinen
858 1614 2387 1667 aus Herz zu legen; sie müssen beide bei sich aufnehmen und für sie sorgen, als wenn
858 1643 2381 1713 Toni Weber wirklich nach bürgerlichen Begriffen Hugo Losattis Gemahlin gewesen wäre,
920 1695 2381 1777 - und für ihn war sie auch nichts anderes. Wie die Familie Losatti dieses Vermächtnis
867 1751 2389 1819 erfüllt, erst gerne trotz mauch innerlichen Widerstrebens, wie Hugos Kind das Band
874 1792 2379 1868 bildet, das all diese Menschen aneinanderkettet, und wie das Kind stirbt und damit das
876 1838 2378 1913 Band zerrissen wird, und Toni Weber hinausgewiesen und mit einer materiellen Unter¬
873 1904 2382 1971 stützung abgesunden werden soll und das nicht erträgt und in den Tod geht, — das erzählen
871 1937 2380 2006 die von Wärme und Vornehmheit überströmenden Szenen der Schlußakte. Wenn im „Ver¬
862 2001 2390 2052 mächtnis“ etwas gezeigt werden soll, so sind es traurige Fragen, die angeschlagen werden:
866 2036 2382 2108 wie fremd sich Menschen sein können, die einander durch die Bande des Blutes die
875 2093 2389 2167 „Nächsten“ sind, wie wenig oft Eltern von ihren Kindern, Schwestern von Brüdern
871 2135 2393 2206 wissen, bis der Augenblick kommt, der es zeigt, wie äußerlich nah und innerlich fern
872 2192 2399 2272 man ein Leben lang nebeneinander hergehen mag; wie es bei allem besten Willen schwer,
870 2249 2388 2318 oder gar unmöglich ist, ohne Selbstbeirug oder Selbstverleugnung Grenzen zu durch¬
874 2285 2393 2377 4 brechen, die Menschen scheiden, die infolge ihrer verschiedenen Miliens einander ganz
662 2297 857 2401 Mn
876 2327 2400 2400 unverständliche Sprachen sprechen und sich nie verstehen werden Jaß die kritischen Losattis
888 2384 2391 2457 in dem Stück nichts anderes finden tonnten, als die „laxe Moral“ in der Verteidigung
879 2431 2390 2509 der „freien Liebe“ ist bezeichnend. Toni Weber könnte ebensogut die legitime Schwieger¬
888 2480 2399 2553 tochter des Professors Losattis sein: an ihrem Verhältnis zu der Familie des verstorbenen
884 2525 2404 2601 Mannes würde sich vom Augenblicke des Todes ihres Buben an nichts anderes gestalten,
878 2572 2389 2657 als es hier dargestellt ist; wenn auch dann vielleicht aus, gesellschaftlichen Rücksichten
894 2620 2394 2704 kein derartig rapider und brutaler Bruch stattfinden würde, ## hinausgewiesen würde Toni
880 2676 2398 2736 doch, — selbst dann, wenn sie bleiben durfte. Daß der Dichter in seinen schlicht ein¬
880 2720 2392 2801 dringlichen und gerade deshalb so stark an jede Seele pochenden Worten, die echte Menschlich¬
881 2771 2407 2832 keit und wahre Vorurteilslosigkeit verkündet auch nebenbei gegen vieles streitet, was
892 2816 2408 2909 Bequemlichkeit und falsche Moral gegen die ethischen Seiten illegitimer Liebe gedankenlos
884 2863 2407 2962 aufgebaut hat, kann ihm nicht zum Vorwurf gemacht werden; ganz abgesehen davon,
892 2923 2401 2995 daß auch hierdurch eine Erhöhung des dramatischen Ausdrucks und der charakterisirenden
890 2968 2395 3041 Abgrenzung der einzelnen Empfindungssphären erreicht wird. Wenn im „Vermächtnis“
899 3016 2401 3095 etwas nicht ganz gelungen ist, so mag es die Gestalt der Toni Weber sein: bei aller
898 3073 2405 3139 Verschiedenheit von der Familie des Geliebten mußte sie reizvoller und gewinnender er¬
904 3109 2409 3201 scheinen; und statt Verschlossenheit, Härte und Schroffheit zu zeigen, die als Recht in
893 3157 2410 3248 Anspruch nimmt, was nur aus Zuneigung geboten werden kann, mußte sie sich denen
892 3207 2409 3291 gegenüber, die ihr ein neues Heim bieten, bei aller Scheu doch liebenswürdiger, ja selbst
909 3261 2407 3340 um Liebe werbend, und innerlich wertvoller zeigen, wenn man den Bruch nicht am
895 3341 2417 3400 Ende verzeihlich und Tonis gewaltsames Festhalten an diesem Heim, inmitten von Leuten,
899 3366 2405 3433 die sie-selbst abstößt-und denen sie nicht mit innerlichem Gefühl, sondern nur mit
911 3399 2421 3490 Pietät gegenübersteht, als Verlegenheit fühlen soll, — Das Stück, das bei all seiner
702 3430 791 3521 77
907 3456 2412 3540 lastenden Schwere und Düsterkeit einen tiefen und unentrinnbaren Eindruck hinterläßt,
915 3543 2403 3648 wird glänzend gespielt. Frau Hohenfels, Frl. Medelsky, Frl. Bleibtreu, Frl.
910 3603 2415 3691 Metzl, Herr Devrient und Herr Römpler brachten jeden feinsten Zug mit Meister¬
913 3657 2415 3743 schaft zur Geltung. Allen voran aber steht Herr Hartmann mit seiner Darstellung
908 3704 2418 3794 des Professors Losatti, die vielleicht seine höchste Leistung ist; unübertrefflich in jeder Ge¬
909 3741 2427 3854 berde, jedem Wort und jeder Nuance, hat diese Leistung nicht nur für den geistvollen
905 3796 2425 3890 Künstler das Schöne, daß er manche kritischen Richter zwingt, ihm viel Unrecht abzubitten,
922 3841 2438 3936 sondern das noch viel Schönere für uns, daß hier ein Versprechen vorliegt, dessen Ein¬
920 3927 1378 4002 lösung bald folgen möge.
2157 3941 2341 4021 R. Sp.
1014 3973 1338 4056 November 1898.
1935 4053 2123 4178 #00
