3484 4384
1403 147 1854 243 box 16/5
188 166 1245 267 10. Das Vernaechtnis
366 470 537 525 vom:
549 428 1452 552 bat Sonn- u Hontags-Gourier.
315 545 1461 608 (Theater in der Josefstadt.) Man muß dem Direktor Jarno
230 589 1456 657 dankbar dafür sein, daß er den fünfzigsten Geburtstag Artur
239 623 1461 691 Schnitzlers nicht vorbeigehen ließ, ohne sich des Dichters zu er¬
404 662 1460 750 Aufführung des Schauspieles „Vermächtnis“ war
238 692 407 749 innern.
228 706 1461 771 eine würdige Feier für den Dichter. Getragen von der elemen¬
229 737 1461 835 taren Kunst der Niese, der köstlich empfundenen Gestaltungs¬
231 787 1459 852 gab Lessens, von Marans individuellem Spiel übte die
242 820 1454 898 Vorstellung einen gewaltigen Eindruck auf die Zuhörer, die ihre
232 854 1472 926 Dankbarkeit durch laute Ovationen zum Ausdruck brachten.,
241 882 1451 967 Außer den Genannten waren auch die Damen Joseffy, Koy
231 945 1468 1010 vacs und Kaiser, wie die Herren Weißmüller und Meyey¬
237 986 1098 1048 hofer um die Darstellung erfolgreich bemüht.
946 1694 1300 1789 usellenangebe ehse #
616 1767 1468 1879 Ausschnitt aus Der Morgen Wien
629 1907 773 1969 vom:
741 1999 1437 2083 Theater in der Josefstadt.
601 2058 1659 2147 Das „SchuitlenJubiläum hof dem Josefstädter Theater
499 2128 1659 2185 Gelegenheit, wieder mit etwas Literarischem zu kommen und
505 2174 1651 2229 so wurde das Jugendwerk des Dichters „Das Vermächtnis“
492 2213 1656 2275 zur Aufführung gebracht. Die Absicht war löblich, nicht aber
493 2280 1659 2333 die Vorstellung. Es ist schwer zu sagen, was fehlte, sicher aber
506 2324 1647 2387 ist, daß die Stimmung, die von dem Stück ausgehen soll,
503 2376 1660 2436 fehlte und daß der tiefere Sinn des Schnitzlerschen Stückes
498 2427 1653 2473 nicht zum Ausdruck gebracht wurde. Frau Niese, gewiß eine
490 2476 1660 2521 große Künstlerin, sollte sich nicht an Aufgaben wagen, deren
489 2522 1651 2577 Lösung an ihrer natürlichen Veranlagung scheitern muß.
493 2577 1655 2627 Mancher Ton und manche Gebärde, die eine zarte Figur zu
488 2620 1649 2687 einer rührenden Gestalt formt, kann eine Erscheinung, deren
495 2674 1655 2740 humorvolle Patschierlichkeit ansonsten sympathisch berührt, ge¬
487 2728 1662 2782 radezu lächerlich machen. Auch Herr Maran war nicht am
487 2776 1652 2836 rechten Platz, denn man merkte es ihm förmlich an, wie er
489 2825 1649 2887 aus dem Professor mit den sogenannten liberalen Grundsätzen
494 2876 1647 2936 unbedingt einen jener gehörnten Ehemänner machen wollte,
490 2922 1665 2995 die zu seinen drolligen Figuren gehören. Besser besetzt waren
493 2966 1654 3020 die kleineren Rollen. Vor allem Frau Schleinitz und die
497 3020 1649 3087 Damen Joseffy, Kovacs und Kaiser. Vollendet
489 3077 1651 3155 war nur die Leistung des Herrn Lessen, der den Egoisten
488 3115 1244 3188 Dr. Schmidt ausgezeichnet verkörperte.
1477 3130 1643 3207 m. S.
1343 3150 1473 3206 —
1933 1759 3118 1865 Assachnitt aus Wiener Montags Journal, Wien
1918 1857 2422 1948 vom: 20.ML19I2
2009 1976 3151 2038 (Theater in der Josefstadt. Das Jubiläum Artur
1915 2011 3116 2074 Schnit#onnte nicht würdiger gefeiert werden, als
1913 2047 3140 2111 daß man sein „Vermächtnis“ ins Repertoire aufnahm.
1914 2088 3133 2151 Das von starken dramatischen Leidenschaften getragene Stück
1923 2127 3131 2200 klingt bei Berücksichtigung seines Jahrganges wie eine Offen¬
1912 2184 3139 2257 barung an die Autoren, in diese geelische Konpliktswelt einzu¬
1936 2226 3144 2287 greuen und daraus Akzente menschlicher Tragik zu holen.
1936 2262 3131 2319 Das ist auch vielfach geschehen. Die Handtung des Stückes haben
1919 2301 3131 2360 wir unter anderen Namen in mehrfachen Variationen wieder¬
2000 2336 3145 2411 hen, aber Schnitlers seine Gestaltungsgabe und die Wucht
1993 2387 3135 2439 er p#hcheiogischen Momente sind unberührt geblieben und
1945 2430 3149 2489 aben bei der Wiederaufführung am Mittwoch premierenartig ge¬
1930 2471 3139 2528 wirkt. Dank der exzellenten Darstellung der Frau Niese, die
1910 2507 3102 2563 die Hauptsigur mit ihrer zarten Gemütstiefe ausstattete un
1905 2547 3113 2608 den Kern des Charakters mit solch wundervoller Plastik heraus
1922 2584 3112 2654 schätte. Auch Maran als Losatti war von natürlicher Wahrhei
1917 2637 3111 2684 einmal keine Possenfigur im Drama. Frau Joseffy und Herrr
1913 2680 3113 2736 Weißmüller gebührt das Lob, zu dieser Jubiläumsaussüh
1905 2708 3131 2779 rung ihr Bestes gegeben zu haben. Das Publikum applaudierte
1917 2756 3148 2844 dem jubilierenden Dichter und seinz guten Interpreien auf
1916 2797 2336 2862 waeder Herzlichkeit.
