3436 4384
141 183 1196 289 10. Das Vernaechtnis
231 455 575 549 chnitt aus:
676 489 1267 594 Naue Zeitung, Wien
334 515 672 625 16 S. 11
489 666 1139 760 Theater in der Josefstadt.
1134 702 1332 802 gun
572 746 1028 795 Artur Schnitzler=Feier.
328 785 1395 830 Anläßlich des 50, Geburtstages Artur Schnitzlers]!
251 808 1392 876 gelangte gestern dessen dreiaktiges Schauspiel „Das Ber¬*
251 868 1360 933 mächtnis“ zur erfolgreichsten Aufführung. Der Dichter
247 911 1366 969 führt uns in das Haus des Professors Losatti; der älteste
250 951 1357 996 Sohn Hugo hat sich durch einen Sturz vom Pferde tödlich
246 991 1359 1045 verletzt. In seiner letzten Stunde legt er das Geständnis ab,
242 1028 1371 1067 daß er einen vierjährigen Sohn besitze und bittet seine
241 1051 1430 1124 Eltern, denselben samt seiner geliebten Toni in das Haus ##.
237 1095 1347 1161 aufzunehmen. Das von der Mutter abgegebene Versprechet
239 1148 1354 1192 wird nach dem Ableben Hugos erfüllt; Toni findet samt
248 1183 1358 1239 ihrem Kinde Aufnahme in der Familie des Professors und
243 1219 1359 1269 gewinnt auch hier durch ihr natürliches und anziehendes
236 1260 1358 1321 Wesen bald die Liebe von Hugos Mutter sowie der Schwester
242 1303 1360 1354 Franziska und der Tante Emma Winter, einer treuen
238 1340 1356 1388 Freundin des Verstorbenen. Der neue Aufenthalt Tonis
253 1382 1353 1432 findet aber auch in manchen Kreisen Mißbilligung; besonders
251 1422 1353 1466 ist es der Hausarzt Dr. Schmidt, welcher den intimen Ver¬
246 1451 1349 1511 kehr der Familie mit Toni für ganz und gar unpassend hält,
235 1484 1348 1538 ihm stimmt zum größten Teile der Professor selbst bei. Die
242 1529 1352 1593 Verhältnisse verschärfen sich noch, als kurze Zeit darauf
243 1581 1343 1629 plötzlich auch das Kind stirbt. Nun wird Toni schonungslos
243 1614 1351 1661 erklärt, daß sie unmöglich länger im Hause weilen könne.
235 1651 1341 1724 Aus Furcht vor dem Alleinsein beschließt das unglückliche
247 1691 857 1758 Mädchen gewaltsam sein Leben.
321 1722 1351 1796 Die würdige Wiedergabe des an dramatischen
234 1765 1348 1829 Szenen reichen Werkes rief in dem dichtbesetzten Hause
237 1817 1339 1877 die nachhaltigste Wirkung hervor. Frau Hausi Niese
237 1859 1355 1930 erschien in der Rolle der Toni Weber und versetzte mit
243 1898 1364 1962 ihrem Kinde, dem kleinen, reizenden Hans Lauter¬
239 1941 1349 2010 bach, das Publikum durch ihr natürliches und jeelen¬
206 2051 1341 2108 volles Spiel in die tiefste Ergriffenheit. Um die Künst¬
207 2095 1329 2156 lerin gruppierten sich die übrigen, scharfgezeichneten Fi¬
209 2143 1329 2201 guren in der unübertrefflichen Darsiellung durch die Herren
1056 2175 1342 2226 Schmidt),
766 2182 948 2236 essen
935 2185 971 2217 7210
211 2185 708 2251 Maran (Professor),
695 2211 1333 2276 Meyvelt, Meyerhofer,
218 2230 651 2286 Olmühl (Hugo),
201 2259 1331 2325 Weißmüller und die Damen Josessy (Frau
215 2287 1332 2370 des Professors), Kovacs (Franziska). Schleinitz
213 2341 1332 2388 (Tante) und Kaiser (deren Tochter Agnes) zu einer
205 2369 1340 2428 Gesamtleistung, welche dem Josefstädter Theater zur
225 2421 697 2497 höchsten Ehre gereichte.
537 2432 953 2534 — —
872 2493 908 2544 8
414 2697 814 2768 Ausschnitt aus:
809 2692 1359 2798 Neues Wiener Journal, Wien
675 2751 1072 2873 16 Kal 19s2
413 2797 596 2883 vom1
378 2882 1540 2963 (Theater in der Josefstadt.) Anläßlich des
272 2940 1558 3029 [Schnitzler=Jubiläums wurde gestern „Das Ver¬
280 2988 1545 3041 mäch#mit Hanst=###se als Toni Weber ausgeführt, das
283 3039 1555 3099 vielfach an „Liebelei“ noch anklingt und das einzige Mal unter
276 3099 1557 3154 den Dramen dieses Dichters einen Zug von Erbitterung, heftige
291 3137 1565 3201 Akzente sozialer Anklage besitzt. Aus früheren Auf ührungen kennt
286 3195 1556 3248 man die überraschend zarte, verhalten innige Darstellung, die
287 3236 1557 3301 Frau Niese dieser wie mit einer Gloriole umgebenen Hauptgestalt
273 3283 1549 3344 des Dramas angedeihen läßt. Aus dieser aus dem
1132 3322 1248 3391 eine
972 3336 1074 3390 kam
1289 3328 1562 3401 erschütternde
283 3327 916 3404 Herzen geschöpften Kunst
287 3389 1552 3436 Wirkung, die das Stück über seine Schwächen empor¬
279 3411 1556 3487 hob und dem Abend viel von schöner Weihe gab.
287 3472 1558 3530 Gustav Marans Verdienst war die taktvolle, diskrete Kontrastierung
288 3519 1556 3574 heuchlerischer Herzensroheit in seiner Charakterisierung des Lofatti,
281 3584 1561 3646 dem er einen Zug einer verschämten letzten Menschlichkeit verlieh.
266 3635 1564 3677 Neben den beiden Meisterdarstellern verdienen besonders Frau
274 3674 1571 3729 Joseffy und Herr Wißmüller hervorgehoben zu werden, die dem
280 3712 1559 3794 Ton und der Stimmung des Stückes in feinster Weise sich an¬
273 3764 1560 3822 paßten. Stück und Darstellung fanden beim Publikum eine
289 3798 1572 3877 stöttage Resonanz als früher und mit Frau Niese wurde Gustav
293 3863 937 3942 Marah vor die Rampe gerusen.
1346 176 1790 275 box 16/5
1875 798 2145 897 Ausschnitt
2248 819 2797 913 gstriertes Wiener Extrablatt
2136 830 2596 978 Kilianune Wien
1863 907 2024 968 vom:
2018 1008 2914 1079 Das Josefstädter Theater ehrte
1897 1029 2278 1115 Artur Sitl
2329 1068 2911 1130 mit einer Aufführung seines
1906 1092 2912 1171 Schanspiels „Das Vermachtnis“. Das tüchtige
1890 1118 2913 1213 Ensemble dieser Bühne war mit Erfolg bemüht, den
1897 1173 2912 1236 Intentionen des Dichters gerecht zu werden. Um die
1901 1194 2906 1282 ergreifende Toni Weber der Niese gruppierten sich
1890 1250 2905 1327 die Damen Joseffy. Kovacs, Schleinitz,
1899 1264 2916 1356 Kaiser, die Herren Maran, Olmühl, Mey¬
1894 1311 2894 1387 velt, Meyerhofer und Weißmüller zu
1888 1346 2912 1435 abgerundetem und liebevollem Zusammenspiel. Der
1893 1382 2908 1473 Dr. Schmidt des Herrn Lessen verdient seiner
1898 1417 2904 1514 scharfen und wirkungsvollen Charakteristik wegen
1904 1464 2907 1548 besonders ehrende Erwähnung. Das Publikum, von
1901 1505 2909 1581 der Tragik des Stückes aufs tiefste ergriffen, dankte¬
1889 1533 2945 1646 der Niese und den übrigen Darstellern nuch alley—
1877 1565 2544 1662 Aschlüssen mit herzlichem Beifall.
2444 1807 2879 1942 nderbiel, Wer
2059 1897 2462 2010 16 Kal iste
2740 1945 2783 2014 —
1869 1975 3164 2086 (Theater in der Josefstadt.) Wer würde einem Fühfziger
1757 2040 3159 2137 an seinem Geburtstag ncht die Artigkeit erweisen, ihn für höchstens
1764 2102 3179 2191 oierzig zu halten? Wer brächte es übers Herz, bei einer Schnitzler¬
1754 2146 3165 2216 Feier an den Schwimmsand zu rühren, auf dem das „Ver¬
1757 2190 3153 2270 mächtnis“ erbaut ist? Die Sentimentalitäten dieses Allerheiligen¬
1763 2226 3158 2331 dramas mögen vorübergehend das Auge trüben, die Betrachtung des
1758 2290 3157 2370 dichterischen Lebenswerkes, zu der diese Tage stimmen, wird es rasch
1756 2334 3153 2417 erhellen. Das Theater in der Josefstadt, überzeugt davon, wo alles
1741 2363 3150 2472 liebt, auch nicht gleichgiltig sein zu dürfen, schöpfte die Tränen in
2206 2432 2238 2453 —
1750 2441 3146 2519 Eimern. Einmalige Aufführung! Man mühte sich, seinen Tränenvorrat
1755 2481 3150 2565 auszugeben, weinte mit einer geburtstäglichen Ergriffenheit. Das
1754 2522 3149 2619 Tränenkrüglein des Stückes ging so lange zum Brunnen, bis die
1749 2572 3153 2661 ganze Geburtstagsfreude beinahe zerbrach. Es weinten: Frau Jo¬
1752 2628 3166 2721 seffy (hochdeutsch), Herr Meyvelt (norddeutsch), Fräulein
1747 2678 3146 2762 Kaiser (wohlgenährt), Frau Schleinitz (mit edlem Anstand),
1756 2730 3155 2809 Fräulein Kovacs (bakschierlich), Gustav Maran (so perfid hinter¬
1745 2766 3152 2859 hältig und komisch=traurig, wie nur er das trifft), Herr Olmühl
1750 2824 3158 2925 (infolge der Situation), Herr Meyerhofer (aus Solidarität).
1736 2863 2371 2926 Noch eine weinte, das
2399 2876 3142 2951 war die Niese. Aber die
1742 2909 3143 3004 weinte aus einem elementaren Erlebnis heraus. Sie wusch mit ihren
1734 2974 3137 3042 Tränen dieses Schauspiel blank, bis es seine dichterische Seele zeigte.
1738 3033 3164 3105 Ihr gellender Schreck, wenn der Geliebte stirbt, bleibt einem im Ohr
1746 3059 3139 3149 sowie ihre Lautlosigkeit im Ohre bleibt, mit der das süße Mädel in
1744 3103 3130 3198 den Tod hinaus schleicht. Sie erst gibt diesem Stück seinen Horizont,
1748 3153 3136 3252 sie erst diesem Horizont seine Lichter und Wetter und Wolken. Es muß
1742 3211 3131 3295 noch von Herrn Lessen gesprochen werden. Man hat sich seiner
1735 3257 3148 3361 außerordentlichen, alle Gestalten scharf abgrenzenden Begabung oft
1730 3312 3141 3385 erfreut; gestern aber hat er den strebernden, lebensunfreudigen Doktor
1733 3356 3136 3443 Ferdinand Schmidt mit hundert samos beobachteten Details und in
1731 3403 3139 3490 konsequenter typischer Durchführung vorgelebt. Haltung, Spiel und
1727 3451 3146 3519 Maske verwuchsen zu überzeugender, künstlerisch vollendeter Einheit¬
1738 3496 3150 3595 lichkeit. Die Schnitzler=Gemeinde war herzlich dankbar, daß auch
1725 3549 3141 3650 Direktor Jarno dem Dichter einen Abend gab und feierte zumal
1729 3590 2381 3680 Hansi Niese bewegten Gemütes.
2957 3617 3111 3689 7s.
