3436 4320
1395 150 1878 247 box 16/3
210 116 1269 264 10. Das Vermaechtnis
162 1198 3211 1270 kretar der neueste Einatter von Nach einer ungewöhnlich schweren Fahrt ist Ende vorigen vorläufig in Omdurman zurückgeblieden sind. In einem deuischen
177 1240 3196 1285 am Sonnabend in Szene gehen. Monats in Philadelphia eine deutsche Bark eingelaufen. Die Blatte wurde darauf hin bereits die Frage aufgeworfen, ob er nicht
738 1336 3184 1410 im besonderen sagen: Seid gütig, ihr bürgerlichen Menschen, gegen das Kind muß aus der Welt, damit der Autor sagen kann: Seht, so
148 1345 450 1429 Nächtnis.
745 1393 3199 1473 die Gefallene, die der Segen einer aufrichtigen Liebe, das Glückj enthüllt sich diese Gesellschaft, wenn sie vor eine wirkliche Opferthat
154 1409 768 1482 end, zum ersten Male: „Das
747 1435 3182 1488 der Mutterschaft entsündigt hat! Schnitzler will die Gefallene der Liebe gestellt wird. Und die Gesellschaft enthüllt sich präzis,
171 1467 759 1527 Akten von Arthur Schnitzler.
748 1467 1975 1522 nicht mit einem Glorienschein umgeben; er will ihr
1964 1480 3199 1538 restlos als eine lächerliche, heuchlerische, hartherzige Heerde. Kaum ist
749 1507 1969 1568 nur ein bescheidenes Plätzchen erringen in der bürger¬
1966 1512 3193 1565 das Schmerzenskind gestorben, so geht's auch schon über die junge
166 1523 765 1601 eichen Menschen= und Lebens¬
750 1545 1962 1605 lichen Gesellschaft, er will sie ehrlich machen. Er will sagen: es giebt
1962 1559 3185 1625 Mutter her. Das Werk der bürgerlichen Abschlachtung übernimmt
172 1584 760 1645 Theater hinabgestiegen. Er hat
745 1586 1972 1642 in diesem Punkte keine bürgerliche Moral, es giebt hier nur Gefühls¬
1962 1602 3189 1654 jener kalte Moralegoist. Aber er trägt zugleich seinen Lohn davon;
152 1614 759 1674 eim Publikum einen sehr starken
750 1627 1962 1680 und Gemütsfragen. Treibt dann eure Hartnäckigkeit solch ein armes
1961 1632 3195 1678 er wird von seiner Braut davongejagt, die zur Erkenntnis erst ge¬
152 1646 747 1718 folg gefunden; und das will viel
751 1656 1959 1720 Ding ins Elend, so habt ihr eine Schuld auf dem Gewissen und ihr
1960 1668 3187 1729 langt, da es zu spät, da das Mädchen aus dem Hause und wahr¬
154 1688 749 1752 echniker diesen Stoff vorgetragen,
743 1697 1959 1757 seid Heuchler! Diese Tendenz war es, was dem Pudlikum so
1965 1710 3185 1780 scheinlich in den Tod gegangen ist. Eben jene Tochter der blamablen
162 1723 762 1814 skandidaten ergiebt, die Leute
743 1745 1963 1813 wohlgethan und nach den vielen Disharmonien des Stoffs schließlich
1964 1756 3056 1813 Familie verkündet dann den Satz von der menschlichen Güte.
165 1766 391 1828 vert isen.
740 1783 1689 1841 noch eine gewisse innere Befriedigung verschafft hat.
2039 1790 3180 1850 Herr Reicher, der dem Autor einen adäquaten schauspielerischen
168 1798 767 1877 Vernautheit mit Ibsen und den
827 1823 1961 1879 Die Gefallene ist nicht sehr stark charakterisirt; es wird viel von
1961 1822 3177 1877 Erfolg entgegenhalten kann, that vielleicht recht daran, den schlimm¬
162 1851 757 1908 gs nur im äußerlichen Sinne
750 1851 1962 1915 ihr ausgesagt; in ihrem Wirkungskreis ihrem Milieu wird sie uns
1960 1868 3180 1929 komischen Vater ganz auf die äußere Wirkung hinauszuspielen. Mög¬
156 1885 763 1953 n Stück so recht nach der Kunst
753 1890 1104 1957 nirgends gezeigt.
1096 1907 1973 1963 Sie ist eigentlich bloß Versuchsobjekt; in
1964 1913 3192 1971 licherweise hat Schnitzler sich einen Mann gedacht, der in seiner Art
166 1932 754 1996 Stück hat nämlich didaktischen
751 1939 1963 1992 malheureuser Verfassung nur sieht man sie. Das Mädchen wird als
1956 1954 3195 2004 noch immer Sympathien erwecken soll. Herr Reicher gab nur einen
152 1955 758 2026 ie Moral, und ist recht rührsam
743 1988 1971 2034 ein Muster unehelicher Treue geschildert; ihr Freund, dem sie ein Kind
1964 1987 3195 2046 alten Narren, der Lachen erregt, den man durch Zischlaute zur Ruhe
162 2007 758 2066 matisch. Was ich vermisse, das
750 2027 1958 2072 geboren, ist in der goldenen Wiener Lebejugend ein seltener Vogel.
1966 2021 3197 2086 mahnt, wenn er sich einmal allzu herzensroh geberdet. Den Erfolg
164 2043 748 2112 me Schnitziers, die in „Liebelei“
738 2052 1962 2121 Er hat nicht nur reelle Absichten; auch im Tode noch will er sie als
1952 2067 3198 2123 hat er aber ganz gewiß mit dieser seiner Auffassuag gefördert.
162 2091 750 2159 statt ihrer eine fliegende Hitze.
751 2099 1959 2153 seine Ehefrau und ihr Kind als sein legitimes Kind gehalten wissen.
1951 2109 3197 2166 Vielleicht auch hat Else Lehmann recht gethan, als sie ihr Mädchen
162 2124 758 2188 die naiv gefundenen, anhaltenden
743 2144 1959 2191 Sein Sterben füllt den ganzen ersten Akt aus, der gut studiert ist
1959 2141 3201 2205 ganz auf die bethränte Hekuba stellte; sie hatte übrigens einen geradezu
161 2168 756 2231 für Akt uns brachte; statt ihrer
743 2176 1959 2233 nach der Wirklichkeit und, wie der zweite Akt von „Musotte,“ als ein
1957 2197 3195 2260 himmlischen Moment: Da sie, vom Kinde nach dem Vater gefragt,
186 2220 755 2258 dort der Stimmung täuschend
745 2221 1961 2282 apartes Theaterstück gegeben werden könnte. Psychologisch ist er ohne
1954 2233 3185 2276 eine lächelnde Antwort geben muß und sich doch des Drucks der
164 2254 759 2309 ck geschrieben, seine Künstlernatur
750 2253 1270 2317 Belang für das Kommende.
1950 2260 3189 2314 Thränen nicht erwehren kann. Dieses Herunterschlucken der Thräne
166 2292 757 2351 bleibt doch nur ein Konstruirtes.
813 2289 1965 2346 Wie werden sich die Eltern mit diesem „Vermächtnis“ abfinden,
1952 2291 3187 2366 war erschütternd; es ging einem an die Seele. Vielleicht that auch
166 2330 743 2383 an wie ein Stück französischen
743 2315 1955 2388 welche Rolle wird das Mädchen im Vaterhause ihres Geliebten spielen?
1952 2330 3186 2412 [Louise Dumont recht, als sie die erfahrene Witwe, die um jeden
152 2358 751 2418 und Sardon als etwa an Becque und
745 2378 1965 2435 Das Kind wird eine Rolle spielen, sie aber gar keine oder höchstens
1958 2387 3177 2439 Preis eine unschuldig Schuldige retten möchte, ganz auf die leichte,
154 2407 757 2470 Er der „Dummen.“ Mit diesen
744 2415 1956 2474 die Rolle des notwendigen Uebels. Die Frau des Hauses ist gütig
1958 2421 2846 2486 seichte Schwadroneurin stellte, und auch
2829 2424 3187 2494 Herr Sauer
172 2436 748 2516 starke Dofis von Sozialsatire
735 2452 1955 2513 und schwach, der Vater eine Mischung von Rohheit und Gutmütigkeit,
1952 2448 2107 2512 konnte
2109 2456 2444 2522 gewiß nichts
2441 2455 3017 2525 Besseres thun, als in
3018 2458 3192 2530 seinem
153 2479 760 2552 Moral“ ausgesprochen, es wird
747 2480 1421 2554 von Selbstsucht und Noblesse,
1431 2500 1962 2556 ein Phrasenmacher und
1952 2500 3179 2559 Moralisten den Menschen verloren zu geben, um, mit guter
747 2518 936 2590 Philister
157 2535 760 2583 Maßstab der giltigen bürgerlichen
913 2535 1960 2594 — ein Geschöpf aus dritter oder vierter Hand,
1952 2545 3176 2612 Dialektik, ein Prinziv zu retten. Frl. Sarrow, als Bürgerstochter,
181 2566 762 2640 dann ausgerufen: Seht wie
739 2573 1959 2623 ein bischen Hjalmar Ekdal, ein bischen Jordan. Die Tochter
1952 2578 3183 2633 die hinausblickt über die Grenzen der bürgerlichen Moral, entwickelt
738 2610 1958 2677 ist ein Wesen, das zur freien Lebensauffassung möchte, aber zwischen
1958 2622 3185 2667 immer lebhafter ihr seines Talent. Herr Rittner, als der Mann
175 2636 1959 2700 heißt: Seih gütig! Schnitzler den ängstlichen Eltern und ihrem Bräutigam, einem harten, ent¬
1957 2662 3188 2710 des „Vermächtnisses,“ gab einen Verunglückten und Sterbenden
153 2684 1956 2749 eal auf, das Prinzip der reinen schiedenen Moralvirtuosen, hilflos dasteht. Auch eine Schwägerin
1956 2694 3183 2752 stimmungsvoll, zart, ergreifend; ein Mensch lag in den letzten Zügen:
194 2724 1959 2782 in „Hedda Gabler.“ Er zieht kommt ins Haus, eine sogenannte aufgeklärte Frau und Raisonneurin.
1940 2744 3182 2793 Und man erhielt einen leichten, schimmernden Abglanz davon, wie dieser
146 2771 3112 2836 lkonstruirten Einzelfall, und will! Das Kind, das ernste, bleiche, nie lächelnde Kind, wird geliebt, und Mensch wohl durchs irdische Leben gewandelt sein mag. —glu—
199 2936 451 3098 270
