3484 4256
1148 163 1195 222 S
1360 145 1810 253 box 16/2
162 155 1202 263 10. Das Vermaechtni#
1444 401 1807 467 Telefon 12801.
939 451 2067 578 100 Unternehmen für Zeitungs-Ausschnitte.
2132 544 2359 613 Ausschnitt
1246 566 1957 696 „OBSERVER“
2066 596 2351 695 Nr. 78
872 679 2335 777 I. österr. behördl. concess. Bureau für Zeitungsberichte und Personalnachrichten
1178 736 2035 847 Wien, IX/1 Türkenstrasse 17.
1119 838 2069 923 Filiale in Budapest: „Figyelö“, VIII. Josefsring 31a.
858 924 2346 1064 Aussemitt aus##val Jeckn, 2#
864 1068 1247 1185 vom 6/2¼
890 1178 2238 1255 Am 30. November gab es im Burgtheater wieder eine
889 1252 2242 1319 Erstaufführung: -Das Vermächtnisse, Lustspiel in drei Acten
904 1302 2229 1366 von Arthur Schnitzler. Doctor Losatti hatte ein Ver¬
897 1357 2243 1430 Thältniss mit Toni Weber. Diesem Verhältniss ist ein Kind
898 1420 2236 1488 entsprossen. Der Doctor wird sterbend auf die Bühne
886 1478 2242 1543 gebracht und vermacht seiner Familie sein Kind sammt
897 1549 2242 1617 dessen Mutter. Das ist schön von dem Herrn, dann stirbt
898 1615 2232 1679 er, das ist auch schön, aber dass dieser Tod eine halbe
901 1666 2231 1723 Stunde dauert, dass die gequälten Zuschauer alle Phasen
893 1715 2223 1780 eines an Gehirnerschütterung zu Grunde Gehenden mit¬
896 1779 2238 1834 machen müssen, das ist gar nicht schön. Mutter und Kind
887 1834 2234 1911 werden gut behandelt, aber am Ende des zweiten Actes
892 1901 2236 1977 stirbt das Kind. Die alten Losatti’s haben nun gar keinen
894 1962 2227 2041 Grund mehr, die ihnen gänzlich Fremde bei sich zu behalten,
888 2009 2232 2071 und bieten ihr eine sehr anständige Entschädigung. In ebenso!
889 2088 2223 2159 edler als unwahrer Regung weist Toni die Entschädigung
889 2140 2228 2205 zurück und springt ins Wasser. Bei der Kälte! Doctor
887 2187 2221 2271 Schnitzler hat also an einem Abende drei Personen um¬
879 2264 2227 2331 gebracht, mehr kann man doch selbst von dem besten
880 2309 2233 2388 Arzte nicht verlangen. Aus dieser kurzen Skizze des Stoffes:
882 2357 2225 2442 sieht man schon den Cardinalfehler des Stückes, es ist
884 2431 2229 2501 unwahr, es ist erlogen. Der Tod des Geliebten hat das
892 2488 2257 2560 esüsse Wiener Mädele kaum getroffen, den Tod ihres Kindes;
891 2558 2237 2637 hat Toni hingenommen, aber dass die ihr ganz Fremdeng
882 2607 2305 2697 sie nicht im Hause behalten wollen und ihr die Mittel
883 2663 2307 2738 bieten, sich eine anständige Existenz zu gründen, das über- den
856 2695 2231 2776 Slebt sie nicht, die Toni! Es war dem Verfasser offenbar
885 2779 2216 2841 #nur um einen wirksamen Actschluss zu thun. Wirksameres
881 2834 2222 2921 als den Tod gibt es aber nicht, also müssen die Menschen
877 2890 2231 2971 daran glauben. Es ist noch ein Grlück, dass die Toni ihrem
888 2952 2221 3020 Hugo nicht Zwillinge geschenkt hat, sonst hätten wirh
882 3020 2216 3089 noch einen vierten Act erlebt, und es waren doch die drei
887 3073 2206 3130 schon zu viel. Ein anderer Fehler des Stückes ist der Um¬
879 3138 2211 3202 stand, dass kein Mensch weiss, was der Verfasser eigent¬
880 3191 2206 3247 lich will, er selbst vielleicht am Wenigsten. Wollte er
884 3241 2212 3330 beweisen, dass er sich in der Krankenstube auskennt? Er
875 3297 2209 3385 ist ja Arzt, wir glauben es ihm also ohne den Beweis in
884 3360 2217 3423 drei Acten. Oder wollte er feststellen, dass ihm die sfreie
871 3416 2214 3484 Liebe- und was damit zusammenhängt sympathisch ist?
871 3476 2223 3550 Er hat ja Liebeleis geschrieben. DieMorale seines
880 3535 2216 3621 Stückes scheint in den Worten zu liegen, welche die
876 3597 2217 3676 Schwester des Doctor Losatti spricht: -Was man für das
880 3651 2206 3740 Glück eines Anderen thut, kann keine Sünde sein.e Das
870 3720 2198 3790 ist ein schöner Grundsatz, der an Verlogenheit dem an¬
872 3776 2223 3836 deren: Der Zweck heiligt die Mittele nicht nachsteht. Um
879 3840 2203 3905 das zu beweisen, darf man kein Schauspiel in drei Todes¬
866 3895 2216 3959 fällen schreiben. Ein drittes grosses Gebrechen des Stückes
879 3955 2205 4025 liegt in der vollkommen zerfahrenen Charakterzeichnung.
871 4019 2210 4083 Der alte Losatti ist so eine Art von Hjalmar Ekdal, aber
865 4066 2233 4134 zes fehlte dem Doctor Schnitzler die gewaltige Charak-
