3436 4256
1388 153 1870 257 box 16/2
200 157 1267 276 10. Das Vernaechtnis
1933 1016 3273 1082 Sinne des Gesetzes vom 30. März 1888, betreffend die
705 1097 3272 1201 Denn unsere so ängstlich gehüteten jungen Damen dürfen nichts seiner Eltern komme. Das Kind muß sterben — sonst sind Kinder
166 1127 675 1252 eton
725 1170 3266 1216 von der herberen und dennoch aufreizenden Luft athmen, die in der Liebe, besonders wenn sie wie dieses mit aller Sorgfalt um¬
730 1215 3267 1281 der eigentlichen Welt weht — ein Gymnasiast darf mehr davon geben werden, Kinder junger, vollkräftiger Menschen, die ein¬
726 1254 3271 1343 wissen, als Franziska Losatti, des todten Hugo Schwester und ander rechtschaffen begehrt haben, in der Regel gesünder und
149 1255 423 1353 ichtniß.
728 1316 3257 1386 Braut seines weiland Lehrers Dr. Ferdinand Schmidt, dem lebensfähiger. Der Arzt Schnitzler, der sich für den Tod Hugos
156 1330 3274 1421 rSchnitzler. Im Burg= die Fremde im Hause ganz besonders ein Greuel ist. Der Arme bei seiner Wissenschaft manchen feinen Zug geliehen.
154 1383 705 1452 rt am 30. November 1898.
707 1401 2285 1466 in jedem Sinne hat den Reichen unter des Maske deswollte
2259 1400 2555 1485 dies nicht
2776 1404 2900 1480 Es
2529 1399 2760 1491 wissen.
2908 1401 3267 1492 muß sterben,
159 1437 3257 1517 ordneten und Professors der Freundes immerdar gehaßt; ins Grab hinein neidet er ihm noch damit seine Mutter jeden Halt verliere dort, wo
163 1480 741 1560 ist ein Götterliebling. Die
733 1501 3266 1578 die Freuden, die der insgeheim und doch aus dem Vollen ge= sie der Todte verankert wissen wollte. Aber — warum bleibt
163 1529 752 1596 bt und Kind eines reichen
737 1558 3274 1632 nossen, und ihre Verkörperung in Toni peinigt ihn. Ausrichten sie nachher nur noch eine Stunde in dem Hause, wo sie doch
157 1564 3259 1672 ine Schwester liebt ihn maß= kann er freilich nichts — denn das Enkelchen lebt, eine ständige nichts mehr zu suchen hat? Stürbe sie Hugo nach — das wär'
168 1630 3270 1734 werthes Mädchen aus ganz Mahnung des Todten und seines letzten Wunsches und den Groß= ihr Recht: Franzi nach, so wär's noch mehr ihr Recht. Aber, den Tod
164 1676 742 1748 nt es als besten Traum, ihm
730 1690 3270 1757 eltern lieb durch sich wie als lebendige Reliquie. Aber — das suchen, nur weil ihr eine hochmüthige Bande den Stuhl vor
219 1721 747 1806 der aller Billigung der
728 1742 3276 1833 Kind stirbt. Und damit ist Toni Weber's Schicksal besiegelt. die Thüre setzt — das thut Toni Weber nicht. Ueberall
159 1776 2568 1860 seinigen nicht. Er hat eine Sie ist doppelt heimatlos. Dort, wo sie mit Hugo glücklich ge= begegnen wir Constructionen.
155 1820 2010 1918 ieser und jener aus seiner wesen, wo das Kind geboren ward und aufwuchs, dort ist sie
2083 1831 3265 1912 Wieder steht ein glänzender erster Act am Eingange des
155 1860 752 1953 n spricht nicht darüber. Denn
732 1890 3272 1978 nicht mehr daheim; hier zeigt man ihr offen, daß sie im Wege Stückes. Es ist eine Exposition von erfreulicher Schlankheit, voll
167 1907 741 1979 t. Besonders dann nicht,
742 1944 3260 1994 stehe, daß man sie nicht einmal den Sommer über mehr als feiner Stimmungsmittel, wie sie nur einer großen Begabung zu¬
161 1952 738 2025 er Zeit sein Ende nimmt. Man
732 1987 3264 2075 Hausgenossin dulden wolle. Sie geht zu Hugo und dem Kinde, fliegen. Aber — die Erfindung selber hält nicht stand; sie
177 2002 740 2096 t sich innerhalb der eigenen
727 2035 3256 2101 nicht ohne ein Werk in ihrem Scheiden noch zu thun. Denn sickert nur noch durch den zweiten Act, sie versiegt im dritten.
156 2058 595 2138 WGesellschaftsordnung.
717 2066 3266 2167 Franziska sagt sich von dem Bräutigam los, der sich der Ver= Die Nebenhandlung mit Dr. Schmidt und Franziska interessirt
158 2115 1795 2202 chen Hauses geziemt, hat erk lassenen gegenüber als der schlimmste Dränger gezeigt.
1962 2129 3255 2215 nicht genug. Ober, es blitzt häufig von glänzenden und zornigen
152 2159 761 2239 erie gedient. Der Dienst ist
827 2191 3271 2246 Die Frage, die Schnitzler in diesem Stück beschäftigt, ist Worten, die bis zum Schluß ihre Wirkung thun.
175 2218 3101 2282 arme Teufel können nicht klar, löblich, ja social. Sie lautet: was wird mit ihnen? Mit Eine vortreffliche Figur ist der Abgeordnete
3121 2239 3268 2308 und
164 2272 3266 2341 ter Reiter, dem die zahmen ihnen, von denen man weiß und nicht spricht? Was soll mit Professor der Nationalökonomie. Es ist ihm wohl aufgefallen,
165 2314 743 2385 oereilt ihn die Katastrophe.
740 2324 3158 2378 ihnen, wenn Derjenige nicht mehr ist, der das Band allein daß Hugo sehr viel Geld braucht. Aber es
165 2368 3260 2428 und thut einen bösen Fall. lösen konnte, wie er allein es geknüpft? Einzig das Oberhaupt nur billig, daß ein junger und reicher Mann sich
154 2405 751 2477 at schwere innere Verletzungen
734 2428 3256 2491 macht und legitimirt eine Familie: hier aber soll ein in sich vergnüge und wieder seine Freuden bezahle. Und
161 2461 739 2526 n Bewußtsein. Die Geliebte
740 2475 3266 2550 geschlossener Kreis, Hugo's Vermächtniß, eingefügt werden man frägt nicht gerne, wo man mit der Antwort sicherlich nicht
178 2510 740 2573 die er sich für immer ver¬
731 2518 3264 2594 einem anderen, nicht minder in sich gerundeten: Hugos An= zufrieden wäre. Er hätte gar nichts dagegen, wenn sein Sohn
152 2554 249 2623 Pal
231 2542 747 2623 von dannen nahm. Sie
743 2577 3253 2646 gehörigen. Das geht nun einmal nicht; und wenn sich die Fa= die Tochter derselben Frau heiraten würde, mit der insgeheim
229 2605 752 2675 an die Eltern. Nachdem
730 2612 3262 2686 milie des Professors Losatti nach dem Tode des Enkelkindes, zu der sittenstrenge Vater ihn eines Verhältnisses verdächtigt. Er
156 2656 749 2734 nen auf die Seele gebunden,
737 2667 3270 2737 dem allein eine unmittelbare Gefühlslinie noch hinleitet, gegen berühmt sich seiner Freiheit und seiner Ueberzeugungstreue — und
715 2708 1689 2780 Toni Weber wehrt, so haben die Losattis so
1671 2722 3265 2765 Unrecht nicht. Niemand ist von jedem Tratsch, von jedem Augenzwinkern des
236 2760 3265 2829 er heißt Franzi nach der Was will das süße Mädel in Anatols Hause? Denn es sind lieben Nächsten so abhängig, wie er. Diese Gestalt geschaffen zu
166 2797 752 2878 aus. So hat's Hugo gewollt;
738 2812 1989 2870 wieder diese Schnitzlerischen Typen, nur in der Umkehr des
1980 2817 3265 2867 haben, ist die Legitimation des Stückes und ist für mein Gefühl
159 2858 1987 2919 m nachhinein. Das führt zu Milieu; nicht der Geliebte kommt zu. Christinen, wie in „Liebelei“
1961 2866 3254 2936 die stärkste Kraftprobe, die Schnitzler bisher erbracht. Und er
162 2903 755 2985 gesellschaftliche Stellung soll
797 2911 1543 2966 sie wird in seine Sphäre übertragen.
1963 2910 3264 2983 hat Vornehmheit des Tones und eine eigenthümliche, sehr liebens¬
225 2962 753 3024 der Witwe, die niemals
834 2966 3117 3011 Auch spielt der Zufall eine gar große Rolle im Gan#en. würdige Anmuth der Form. Hat sie bei löblichem Ernst.
177 2989 747 3070 Und — sie ist so gar lieb!
735 2987 2009 3064 Schnitzler braucht ihn schon, um seine These überhaupt steuen
2075 2991 3264 3088 Ausgenommen wurde das Stück glänzend. Es war schon
165 3052 3279 3141 sich — und das ist schlimm. zu können. Hugo muß verunglücken, damit Toni ins Haus nach dem ersten Act starker Beifall; er wuchs im zweiten und
