3392 4384
1410 187 1866 295 box 16/5
213 190 1256 296 10. Das Vernaechtnis
1602 642 1974 748 Telephen .5#.
1777 743 1855 824 „
1082 790 1798 895 „UDSERTER
907 861 2019 943 I. Seterr. behördl. konz. Unternehmen für Zeitunga-Ausschaltnn
1097 917 1838 1011 Wien, I., Concordiaplats 4.
1307 986 1632 1050 Vertretungen
917 1017 2015 1095 i Berlin, Basel, Budapest, Chicago, Cleveland, Christiante.
986 1068 2021 1141 n, Kopenhagen, London, Madrid, Meiland, Minneapolts,
914 1108 2014 1177 u-Vork, Parta, Rom, San Francisco, Stocktein, 8t Petese¬
1321 1158 1626 1215 burg, Toronto.
1227 1197 1695 1264 Guelensngebe eum Geuc
913 1263 1360 1366 Ausschnitt aus
1368 1243 2117 1365 esetes dptkalest
1000 1358 1110 1433 n
1086 1367 1887 1475 Be
1159 1562 1896 1706 horlens Ceater.
1178 1721 1826 1814 I Aftes: „I Dodens Stund“
1279 1799 1754 1880 („Hans sidste Vilje").
1109 1882 1978 1992 Der var kun folgt lidt til „Den frie Sce¬
1047 1970 1994 2045 ne“s Tournéforestilling i Aftes. Men den
1035 2016 1978 2108 wienste Forfatter Arthup Shnitzlers
1037 2069 1983 2165 Skespil er ogsaa megek krist og tungt og bit¬
1044 2133 1971 2214 tert, og det er ikke noget for Folk i den lyse,
1035 2179 1974 2273 om end ikke milde Maj. I forste Akt for¬
1026 2248 1979 2341 ulykker en ung Mand ved at styrte med Hesten
1032 2302 1970 2380 paa en Ridetur, og hans sidste Bon til hans
1037 2361 1975 2444 Foraeldre og Soskende er, at Familien skal
1038 2429 1966 2491 antage sig den Kvinde, med hvem han har
1031 2466 1971 2561 levet i frit Forhold, og den lille Dreng, som
1026 2531 1960 2611 er Frugten af denne Forbindelse. I de fol¬
1033 2591 1966 2661 gende Akter ser man, hvorledes Familien op¬
1034 2633 1964 2726 fylder denne Forpligtelse. I anden Akt dor
1024 2698 1958 2774 ogsaa Barnet, og derefter bliver man i sidste
1026 2754 1968 2838 Akt Vidne til, hvorledes Familien, tilskyndet
1024 2816 1970 2898 af en hjeertelos Svigerson in spe, vil frigore
1019 2867 1959 2943 sig for den stakkels Kvinde, som nu netop
1022 2922 1960 2992 trangte til dobbelt Trost, og derved driver
1026 2968 1961 3062 hende til selv at soge Doden. Kun Husets
1014 3041 1953 3118 Datter har Hjeertet paa det rette Sted, og da
1013 3099 1961 3165 hun horer Sammenhangen, bryder hun med
1018 3155 1958 3231 sin usympatetiske Forlovede. I Behandlin¬
1016 3205 1947 3285 gen af disse morke Amner har Forfatteren
1009 3258 1959 3347 nedlagt megen sand og bitter Menneskeskil¬
1014 3311 1950 3402 dring, megen dyb Menneskekundskab. Skue¬
1007 3375 1968 3460 spillet er umiskendeligt en Digters Verk, og¬
1017 3435 1945 3536 Replikernes Ord har dagligdags Virkeligheds¬
1000 3481 1131 3556 klang.
1153 3544 1945 3640 ### begynde med syntes det Spil, der
1093 3604 1940 3683 # dystre Stykke ydedes af denne neesten
1013 3662 1937 3746 tendte Skuespillerstab, for fleres Vedkom¬
1007 3712 1940 3804 mende noget dilettantisk. Men adstillige vok¬
1002 3772 1940 3857 sede med Dramaet og ydede god og eegte Kunst.
998 3827 1935 3921 Som den statkels Kvinde mindede Fru El¬
995 3874 1939 3948 len Rassow med sit sorte Haar og sine ve¬
999 3940 1934 4023 modige Zine om et adelt Maleri, hvis Titel
999 3997 1932 4089 kunde have varet „Sorgen“; hendes Ydre og
999 4060 1932 4142 Spil havde sorovrigt Lighedspunkter med
990 4101 1943 4195 Anna Larssens. Ogsaa Hr. Axel Strom
