3436 4256
262 157 407 242 10
1466 160 1910 249 box 16/3
415 159 1313 268 Das Vermagchinig
531 803 1448 865 sehr groß. Prinz Heinrich's Reise hat on Ken
521 843 1613 903 wirkt, als man im allgemeinen hier anzunehmen geneigt
1695 831 2171 909 Ankunft der Kosaten, H.
523 897 1609 945 war. Der Prinz hat überdies persönlich auf alle, ohne
1693 896 2644 954 widerspräche, da jede Gesandtschaft nur erwngee.
527 940 1610 1011 Unterschied der Nation, einen vorzüglichen Eindruck ge¬
1701 946 2639 999 Soldaten zu ihrem Schutze sollte kommen lassen.
531 989 1622 1035 macht. So darf Deutschland eines mächtigen und weit¬
1783 983 2790 1046 Die öffentliche Ankündigung, der Kaiser werde
516 1034 1616 1093 gehenden Einflusses in China für lange hinaus sicher sein.“
1702 1038 2783 1080 Sonnabend zum Tempel des „langen Lebens“ pilgern
623 1080 1424 1130 Von anderer Seite wird uns geschrieben:
1692 1078 2784 1139 und dort ein feierliches Opfer für die Erhaltung seines
624 1113 1624 1178 Schon vor einigen Tagen konnte ich Ihnen auf
1701 1122 2791 1176 Levens darbringen, ist natürlich ohne jede Bedeutung
529 1160 1619 1219 Grund bester Informationen melden, daß Lord Salisbury
1713 1181 2787 1231 und beweist keineswegs, daß Knang=ßü noch am Leben,
526 1276 1610 1346 angenehmen Alltag nicht hinausstrebend, der künstige
516 1333 1619 1382 Bräutigam dieses Mädchens, Dr. Schmidt, ein Mann,
1690 1323 2785 1390 großer dichterischer Schönheit. Alle hohen Regungen der
527 1375 1553 1422 der als armer Student Hugo's Hofmeister gewesen u
1705 1380 2791 1433 Menschennatur werden geweckt, die edelsten Empfindungen
628 1417 1525 1464 achtbarer Existenz sich heraufgehungert und
1698 1423 2791 1473 in Schwingung versetzt. Das Natürliche, Reinmenschliche
529 1461 834 1521 schmeichelt hat
834 1459 1614 1517 — sie alle sind mit fester Hand vor
1702 1467 2797 1524 wird zum Klingen gebracht. Die Vorurtheile fallen, die
524 1518 1609 1562 uns hingestellt. In diesen Kreis wird nun der sterbende
1709 1523 2780 1567 Gegensätze erscheinen ausgeglichen. Nur das große, un¬
1708 1550 2789 1600 endliche Mitleid durchdringt d'e Herzen, und das Ver¬
519 1553 1607 1596 Sohn gebracht, und als ein Vermächtniß übergiebt er
1705 1591 2792 1645 löschen dieses jungen, hoffnungsfrohen Lebens entzündet
524 1596 1623 1636 in seiner Todesstunde ihnen seinen unehelichen Sohn und
516 1633 1619 1698 dessen Mutter Toni Weber. Er hat sie über alles geliebt,
1688 1633 2790 1693 mit einem letzten Emporflackern noch die heilige Flamme
527 1689 1585 1729 sie war das höchste Glück seines Lebens gewesen in an
1705 1681 2791 1731 der Liebe. Aeußerst stimmungsvoll endet so der erste
1697 1722 2790 1782 Akt, der so abgeschlossen, fest gefügt und von einheitlicher
515 1728 1607 1780 spruchsloser Liebe, in Hingebung und Treue. Das junge,
516 1773 1625 1818 ahnungslose Mädchen, der zarte Knabe werden an das
1692 1776 2799 1821 Wirkung ist, daß er als ein Ganzes gelten könnte, nicht nur
526 1816 1618 1865 Sterbelager gerufen, und mit seinem letzten Seuszer
1691 1818 2791 1868 als Exposition. Ein erschütterndes, einaktiges Stimmungs¬
1701 1862 2793 1914 bild, etwa unter dem Titel: „In der Todesstunde.“ An diese
522 1857 1626 1911 empfiehlt er sie der Fürsorge seiner Angehörigen, bei
514 1898 1623 1946 ihnen soll fortan die Heimath sein von Mutter und Kind.
1697 1903 2799 1952 Todesstunde aber knüpft das Leben und seine Ansprüche
1700 1947 2791 1992 wieder an, und das füllt die beiden folgenden Akte.
522 1944 1616 1992 Dieser Vorgang füllt den ganzen ersten Akt. Um die
1705 1988 2784 2043 Aber nicht das starke, gesunde, quellende Leben ist es,
513 1991 1621 2040 nächsten Mitglieder der Familie gruppiren sich noch einige
1703 2037 2800 2090 was da in der Familie Losatti wieder emporblüht. Mit
517 2028 1634 2077 Anverwandte. Frau Emma Winter, eine Schwägerin
1688 2075 2778 2128 Hugo scheint es begraben. Man liebt sein Vermächtniß,
519 2080 1607 2125 von Frau Losatti, und ihre Tochter Dora, die für Hugo,
1700 2124 2783 2179 das Kind, man umgiebt es mit Zärtlichkeit, man ist
521 2115 1627 2173 der bis dahin als frei gegolten hatte, eine schwärmerische
1696 2170 2790 2217 freundlich gegen die Mutter. Tapfer kämpft man an
520 2166 1635 2218 Neigung hegt, und ein Freund des Verunglückten, Gustav
523 2210 729 2271 Brander.
1698 2213 2788 2262 gegen die Anschauungen der Welt, der man zugehört hat.
1715 2257 2789 2300 Anschauungen, von denen sie selbst sich niemals frei¬
614 2227 1617 2312 Wie dieses plötzlich eingetretene Ereigniß auf diese
1705 2298 2789 2348 gemacht hätten ohne die Katastrophe. Aber das Kind ist
514 2295 1618 2346 ganz verschieden gearteten Personen einwirkt, ist wunder¬
1705 2340 2797 2388 kränklich. Es kann nicht Wurzel fassen in der fremden
512 2344 1620 2402 bar fein beobachtet und mit kräftigen Strichen wieder¬
1708 2388 2789 2436 Erde. Es siecht dahin, und mit ihm siechen die Gefühle
526 2398 1619 2442 gegeben. Jeder einzelne zeigt seine innerste Natur bis in
1699 2433 2792 2473 in den Herzen seiner neuen Verwandten. Die ganze
516 2439 1622 2488 die letzte Nuance. Die Rathlosigkeit und Verwirrung des
1701 2474 2792 2532 Atmosphäre des Hauses hat etwas Kränkliches, Un¬
526 2477 1619 2514 Vaters, dessen naiver Egoismus und selbstgefällige Schön¬
1688 2520 2788 2578 natürliches. Physisch und psychisch. Und der kleine Hans
519 2518 1616 2560 rednerei ihm über den schweren Moment hinweghilft, die
1695 2564 2793 2612 stirbt am Schlusse des zweiten Aktes. Toni Weber hat
515 2560 1625 2612 in allen Schmerzen correcte Haltung der Mutter, die
1693 2606 2790 2655 nun alles verloren. Die Familie stößt sie von sich nach
518 2606 1617 2659 Herzensangst der Schwester, das Mitleid und die Antheil¬
1694 2659 2791 2713 dem Tode des Kindes. Nicht hart und böse, denn sie
523 2654 1616 2707 nahme der Verwandten und Freunde sind mit intimster
1690 2695 2800 2751 wollen für sie sorgen und glauben damit ihre Pflicht
526 2691 1627 2759 Kenntniß menschlicher Wesenheit vorgeführt und mit
1694 2741 2792 2798 zu erfüllen. Ihre Freunde wollen sie bleiben, jeder¬
526 2749 1621 2799 innigstem Durchdringen der Gefühle, die in diesem
1684 2789 2790 2846 zeit kann sie zu ihnen kommen, nur nicht mit
524 2793 1626 2841 verzweiflungsvollen Augenblicke im Herzen des jungen
1692 2826 2801 2881 ihnen leben, das ist unmöglich. Nicht hart und böse, aber
529 2828 1624 2870 Weibes aufleben. Diese „süßen Mädel“ sind ein
1696 2869 2798 2919 grausam und klein, klein bis zur Gemeinheit. Wo soll
528 2865 1627 2931 Typus, den Schnitzler mit echt poetischem Sinn
1691 2917 2793 2972 das arme Geschöpf hin, das den Geliebten verloren und
531 2916 1626 2960 in die moderne Literatur eingeführt hat. Sie
1694 2958 2794 3017 das Kind? „Solche Mädchen finden sich zurück und zu¬
518 2961 1546 3017 stammen zwar alle in directer Linie vom „Gretchen“.
1701 3002 2795 3053 recht“, meint im Familienrath Dr. Schmidt, der Bräutigam
513 3001 1630 3044 aber sie tragen die Merkmale unserer Zeit und verstehen
1703 3049 2790 3091 der Tochter, und erklärt sich bereit, ihr die Sache „schonend“
518 3056 1615 3105 und lieben die Männer einer Generation, die das Faustische
1695 3093 2791 3151 beizubringen. Der Dichter aber meint, daß diese „süßen
512 3095 1616 3148 mehr ausgelöscht hat, als man es von deutscher Art je
1689 3135 2810 3203 Mädel“ sich nicht zurückfinden und in den Tod gehen.
526 3136 834 3207 erwartet hätte.
2868 974 3384 1053 Nür weil die indeme Ain
2871 1042 3388 1098 wendige Verzögerungen grä
2875 1076 3398 1144 Deutschthum ist auf portug
2870 1126 3398 1189 reich der sehr nüchternen
2878 1162 3367 1234 wahrhaftig nichts gethan.
2868 1281 3393 1351 Das thut auch Toni Weber
2870 1329 3401 1397 an den Ereignissen zum We
2871 1377 3380 1437 alte Jungser werden, denn
2876 1464 3390 1523 letzten Willen nicht erfüllt
2877 1505 3403 1561 nur das Kindzsein Vermäch
2873 1554 3361 1608 sie zusammen. Und jetzt
2872 1596 3375 1658 „jetzt tritt sie vielleicht
2891 1633 3395 1699 wachen Träumen, und dar
2888 1682 3362 1745 Vorstellungen entreißend,
2879 1724 3400 1797 wollten wir ihr erweisen
2887 1770 3197 1825 müssen.“ Das
2888 1814 3397 1885 zurückkehrt, dies Erkenntni
2885 1862 3388 1916 müssen gut sein“ — ergreis
2877 1895 3380 1963 aus. Stürmischer Beifall
2883 1951 3397 2007 wiederholt und vielmals an
2878 1984 3379 2057 Die Darstellung war ausge
2885 2036 3387 2088 sich Emannel Reicher als Pr
2887 2082 3396 2140 liberalisirenden, wackeren El
2876 2126 3400 2184 gesehen haben müssen, deum
2924 2168 3382 2238 allen schöngeistigen Krei
2877 2207 3355 2262 diese echt wienerische
2890 2257 3322 2316 Details nachempfand, ist
2946 2300 3384 2360 Das Königliche Schau
2873 2339 3380 2398 Zeit die alte Garde nicht aus
2874 2388 3391 2447 die Lorbeeren der Moderne
2875 2436 3388 2496 Es hält seine Pforten offen
2868 2475 3387 2539 wärts nicht mehr ziehen wol
2879 2519 3394 2582 Sie hat Herrn Thomas in
2874 2565 3371 2626 Gelegenheit gegeben, in
2875 2603 3347 2671 Genre sich hervorzuthun.
2878 2652 3381 2711 zum langweiligen, aber in
2883 2698 3393 2753 Lustspiel „Auf der Sonnen
2868 2740 3393 2805 starke Neigung zum Verbot
2874 2788 3386 2849 langweilig. So nahm es
2893 2829 3386 2890 tüchtigen Darstellung, um
2899 2874 3375 2928 sträfte der Bühne bemüht
