3392 4384
1278 250 1778 340 box 16/4
158 239 1240 347 10. Das Vernaechtnis
107 949 1388 1018 avon abgesehen, hat]Manne drohen — in einer wenig glücklichen Weise
117 1019 1388 1070 nur in glänzender verarbeitet; „Großmama“ ein Schwank, der im
112 1059 472 1118 nscenirung, sondern
473 1050 1398 1113 ersten Act vielversprechend anhebt, dann aber in
97 1099 464 1159 ung alles bisher im
478 1098 1401 1152 den folgenden drei Acten im Sande verläuft und
480 1147 1394 1200 plötzlich — nicht aus einem inneren Grunde, sondern
112 1143 461 1202 erboten. Die sehr
105 1183 463 1246 pppelt anerkennens¬
477 1186 1393 1231 lediglich, weil eben die übliche Theaterzeit ab¬
108 1236 1399 1288 velche Summe von gelaufen ist — mit einem gewaltsamen Knalleffect
112 1264 1405 1329 erst neugebildetesj abschneidet. Wir können dem Verfasser nur auf¬
107 1320 465 1384 diesem Stücke zum
472 1318 1400 1367 richtig rathen, schleunigst wieder auf das Gebiet,
480 1364 1400 1410 das er bisher mit Leistungen wie „Hans“ so er¬
100 1363 465 1420 das wie kaum ein
98 1403 465 1463 nenspiel verlangt.
481 1409 1198 1472 folgreich bearbeitet hat, zurückzukehren.
106 1446 471 1521 berette mit Suppes
108 1523 477 1605 Schauspielhaus mit
2009 1549 2421 1607 Telefon 12801.
95 1582 494 1639 Novitäten. Erfola
105 1620 477 1684 htniß“, ein. Wasch¬
1726 1623 2749 1712 Unternehmen für Zeitungs-Ausschnitte.
106 1673 475 1718 Sce unter deren
2590 1698 2785 1753 Ausschnitt
112 1700 473 1782 Er Reihe fcht. Er
108 1749 470 1817 en, ins Wienerische
2587 1763 2795 1856 Nr.
1710 1706 2532 1849 %—,OBSERVER“
115 1798 466 1862 ein pointirter Witz;
126 1845 473 1903 veise Rührseligkeit.
1492 1858 2955 1920 1. österr. behördl. conc. Bureau für Zeitungsberichte u. Personalnachrichten
133 1891 477 1954 eringe Fonds an
123 1934 470 2000 ung und der lose
1673 1934 2777 2003 Wien, IX/1. Türkenstrasse 17.
162 1969 468 2035 ihnen mehr
1907 2005 2568 2084 Filiale in Budapest: „Figyelé“ —
138 2020 473 2078 ig dramatisirten
146 2065 484 2124 mentlich bei den
1585 2068 2864 2154 Vertretungen in Berlin, Chicago, London, Newyork, Paris, Stockholm.
156 2104 461 2167 iner Pikanterie,
117 2151 187 2204 rtsin
202 2144 466 2208 ie der „alten“
147 2196 465 2252 den „Modernen“
1501 2193 2028 2291 Ausschnitt aus:
129 2232 467 2303 en Grundgedanken
211 2280 478 2340 t sind. Scion
191 2325 462 2384 orkehren die ser
164 2365 471 2425 veckt Befremden
1494 2352 1934 2462 vom 4/0fl
2680 2334 2829 2461 2
267 2405 475 2469 een selbst.
2072 2404 2655 2532 ERSATZ
280 2457 461 2517 n Liebe“,
312 2504 473 2565 gefeiert
234 2538 473 2603 durchgängig
282 2591 474 2648 hingestellt
1698 2587 2809 2688 ETheater, Kunst und Wissenschaft.
328 2634 478 2685 ens der
1837 2652 2844 2719 P. Münchener Brief. Aus München wird uns ge¬
344 2677 477 2747 voben.
1743 2692 2856 2762 schrieden: Die Saison hat jetzt begonnen, nachdem die Münchener
398 2721 436 2772 (1
1755 2748 2850 2799 aus ihren Sommerfrischen heimgekehrt sind. Und nun beginnt
367 2764 478 2823 geht
1759 2778 2843 2835 eine Hochfluth von Konzerten und Theatervorstellungen, die
1759 2813 2854 2872 beängstigend wirken würde, wenn nicht eine große Anzahl der
1746 2843 2854 2919 künstlerischen Veranstaltungen dem wohlthätigen Zwecke der
1747 2900 2848 2954 Unterstützung der durch das Hochwasser Geschädigten dienen
369 2850 460 2951 ider
1743 2938 2849 2986 würde. Viele von den Wohlthätigkeitskonzerten verdienen leider
371 2942 471 2998 ngen
1747 2979 2857 3042 nur um der edlen Tendenz willen Anerkennung. Im Theater
1735 3017 2834 3090 giebt es wenig Neues. Das Schauspielhaus, das jetzt mit dem
1722 3073 2824 3112 Theater am Gärtnerplatz unter Stollberg's tüchtiger Leitung
1726 3102 2835 3146 vereinigt ist, verlor auf Grund eilles peinlichen Prozesses
1716 3140 2829 3205 zwischen Direktor und Mitgliedern seine hervorragendsten Kräfte.
1727 3184 2832 3219 Von den alten blieben der samose Charakierdarsteller Raabe,
1722 3223 2805 3282 Frl. Müller, die namentlich als Hanne im „Fuhrmann Heuschel“
1715 3263 2829 3312 mit Recht gefeiert wurde, und Centa Bré, die begabteste und
1725 3304 2723 3355 natürlichste unter den Schauspielerinnen in München.
1729 3345 2831 3379 neuengagirten Kräfte mühen sich nach besten Kräften ab, ohne
1719 3375 2832 3418 daß so fein abgestimmte Aufführungen mit so reizvollen, in¬
1714 3411 2816 3476 timen Wirkungen wie früher noch häufig sind. Das zeigte sich
1716 3453 2822 3514 bei der ersten Première, Schnitzter's rührselig=tendenziösem „Ver¬
1724 3489 2817 3558 mächtniß“ in dem der Aulök wohl nur zeigen wollte, wie
1725 3515 2833 3596 schlechte Stücke er zu schreiben vermag, in Dreyer's „Groß¬
1716 3575 2827 3611 mama, die ebensowenig wie Faber's in Hamburg bekannte
1725 3600 2822 3668 Ewige Liebe“ Schaumberger's mittelmäßiges Drama „Pepi
1715 3632 2818 3686 Danegger" und Hirschfeld's. Ihren Lesern gleichfalls bekannte
1493 3668 1611 3733 Für
1608 3681 2898 3720 50 2 Tragödie „Agnes Jordan sich lange auf dem Spielplan halten ive
1602 3717 1706 3759 100
1721 3738 2881 3785 werden. Das Theater am Gärtnerplatz, das schlimm herunter= o.
1604 3754 1698 3801 200
1717 3764 2887 3819 gekommen war, hat ein brillantes Operetten=Ensemble, das ar
1591 3790 1705 3839 500
1729 3802 2921 3847 Strauß' und Suppé's Werke musterhaft zur Geltung bringt, raus.
1534 3827 1708 3902 „ 1000
1712 3835 2818 3897 außerdem ein gutes Schauspielpersonal. Die Aufführung von
1724 3889 2960 3941 „Cycano de Bergerac“, der also doch noch vor Beginn des 20. Jahr-Ist das
1684 3894 1722 3936 n
1513 3915 2976 3983 Abonneme buuberts in München eingezogen ist, war zum Theil sehr gut.g#es den
1506 3968 2814 4024 Abonnenten frei die aufgegebenen Themen zu ergänzen oder zu ändern.
