3436 4320
1440 133 1898 233 box 16/3
238 131 1301 241 10. Das Vermaechtnis
1814 347 2933 435 Gewiß, auch diese Kunst der Zeitcopie, der Sitten und
472 372 1737 449 bildetes Deutsch zu reden. „Der richtige Berliner“ verschwindet
477 415 2933 490 vom Schreibpult, und es erwacht das Bedürfnis nach einer neuen Menschenbeobachtung, der Ideen, Mitempfindung, der Nach¬
1711 465 2924 528 gestaltung wird immer noch ästhetisch werthvolle Werke hervor¬
482 467 1710 531 Sammlung poctischer Bilder und Vergleiche. Neue Takente sind
1704 511 2942 575 bringen können. Sie kann eine Kunst feiner und vornehmer
480 515 1709 597 nicht aufgetreten, die etwas Besonderes und Eigenes zu sagen
1711 560 2939 630 Talente sein, wie sie das Nachgoethische Deutschland zahlreich
476 567 1708 627 wußten. Will Alles wieder in Herkömmlichkeit erstarren? Weht
1707 618 2948 676 hervorgebracht hat. Und auch unter den Jüngeren sind echte und
476 614 1717 687 es so bald schon fröstelnd über herbstliche Felder dahin? War
1707 660 2950 723 tüchtige Künstler, wie es die Keller, Meyer, Fontane waren. Aber
487 659 1709 733 die magna restauratio der Kunst vielleicht gar keine große
1709 718 2949 776 die Jungen, die i: den Achtzigerjahren so ungeberdig auf die
477 709 1709 772 allgemeine Erneuerung, bedeutete sie vielleicht gar nicht den
1716 753 2939 818 Bühne stürmten, kündeten eine ganz andere Revolution an. Sie
479 760 1711 825 Aufgang einer neuen Zeit, einer neuen Welt= und Kunst¬
1715 804 2941 881 liefen Sturm auch gegen die Goethe und Schiller. Sie wollten
476 806 1714 870 anschauung? Sondern nur eine modische Bewegung, wie sie alle
1725 849 2942 912 den Pessimismus der Literarhistoriker zu Schanden machen,
483 851 1718 932 zehn Jahre zu kommen und zu schwinden pflegt? Haben diese
1725 888 2956 964 daß vom Jahre 1832 ab auf lange Zeiträume hin nur noch
478 902 1710 982 Neueren nicht nur genau so im Zeichen Ibsen's gesiegt, wie
1718 959 2950 1022 Raum für Epigonen sei. Sie haben Hauptmann als neuen Goethe
489 957 1715 1032 einstmals die Lindau und Lubliner genau so glänzende Bühnen¬
1727 1007 1970 1077 ausgerufen.
486 1006 1521 1078 siege im Zeichen der Sardon und Dumas erfochten?
597 1036 1713 1118 Das will noch nichts Besonderes heißen, wenn eine Kunst
1836 1058 2961 1118 Aber zu dieser großen Poesie ##lungen wir nur, wenn unsere
480 1111 1714 1175 Spiegel und Abdruck ihrer Zeit ist. Wenn sie den Menschen
1722 1113 2957 1180 Künstler nicht ausruhen, weder auf den Betten des Naturalismus,
489 1155 1712 1208 ihrer Tage getreulich schildert und heute all die Gedanken über
1717 1174 2948 1232 noch auf denen des Symbolismus und der Romantik. Dazu
481 1201 1716 1264 Ehre und Duell, freie Liebe und Uebermenschlichkeit colportirt,
1725 1208 2956 1281 genügt es nicht, daß man Uebermenschen auf die Bühne stellt,
483 1256 1721 1329 die in allen Zeitungen und Büchern zu lesen sind. Das ist in
1727 1268 2958 1322 die eben von der Lectüre Nietzsche's aufgestanden sind. Oder
485 1300 1717 1374 jeder Zeit geschehen und gerade darauf haben sich die „Kleinen
1726 1324 2954 1379 sozialistische Agitatoren und ethische Predigtbrüder, die so schon
482 1350 1713 1420 von den Meinen“, von Iffland bis auf Raupach, Birch=Pfeiffer
1725 1360 2959 1424 in allen Gassen umherlaufen. Sondern als selber Einer muß
481 1397 1715 1469 und Lindau immer am besten verstanden. Auch der Lindau'sche
1727 1407 2955 1471 der Dichter kommen, der sich seine Weltanschauung gegründet hat
485 1453 1714 1520 Commerzienrath war ein Zeittypus. Und wenn wir dem
1724 1464 2956 1525 und die Dinge wieder mit ganz anderen Angen ansieht, als die
495 1490 1712 1559 socialistischen Drama zugeinbelt haben, so begeisterte man sich in
1718 1510 2962 1577 großen Alten der letzten Periode, die Ibsen, Zole, Tolstoj. Nicht
483 1545 1424 1631 den Siebzigerjahren für das Kulturkampfdrama.
1724 1559 2952 1630 ihre Wege wird er gehen; sondern daß er gerade auf ganz
603 1613 2959 1683 Nein, die große Kunst ist nicht Widerhall der Zeitstimmen, anderen Wegen kommt, dus kennzeichnet ihn. Das bedeutet geistige
491 1655 2338 1712 sondern sie redet eine Sprache, die noch nie gehört wurde. Se#Enmickelung und neue Kunst.
492 1697 1721 1753 ist eine Eigenschöpferin! Sie gestaltet neue — ihre Menschen!
1830 1712 2952 1791 Die vier Dramatiker, die uns in den letzten Wochen
488 1750 1720 1801 Sie verkündet eine Weltanschauung, Ideen und Formen, die man
1722 1787 2959 1856 Wienerisch, Pommerisch, Griechisch und Italienisch gekommen
486 1793 1715 1858 nur von ihr erfahren kann. Sie ruft eine andere Zeit, ein
1723 1833 2963 1915 sind, kann man in zwei Gruppen theilen. Die vier geographischen
484 1852 1718 1930 anderes Geschlecht wach. Sie selber bewegt die Dinge, und wird
1730 1881 2949 1948 Wörter kennzeichnen schon den stilistischen Unterschied. Arthur
485 1903 1074 1975 nicht nur von ihnen bewegt.
1732 1925 2957 1992 Schnitzler in seinem „Vermächtnis“ und Max Dreyer in seinem
609 1940 1725 2006 Einen solchen unerschöpflichen Geistesmenschen wird man
1730 1988 2958 2055 humoristischen Schwank „Großmama“ halten die Fahne der
486 2002 1717 2070 in den Vorderreihen unserer Dramatiker einstweilen noch vergeblich
1724 2034 2965 2110 guten alten Ueberlieferung der Achtzigerjahre hoch. Sie sind dem
492 2044 1726 2107 suchen. Unter ihnen ist auch nicht ein Einziger, der eine neue
1733 2079 2962 2146 Naturalismus treu geblieben. Einem Naturalismus, der glatt,
498 2099 1723 2156 Mnnstaus der Quelle schöpfen konnte, aus der ewig und allein
1715 2128 2958 2198 elegant und liebenswürdig ward und fast schon etwas abgegriffen
493 2139 1715 2197 jede neue Kunst emporsteigt: aus der Quelle einer selbstständigen,
1723 2183 2954 2240 aussieht. All die Allheilmittel der Kunst, die der neue Stil an¬
501 2192 1717 2244 eigenartigen und sortgeschrittenen Weltanschauung. Solche Dichter
1731 2219 2953 2288 empfahl, werden da klug und sicher angewandt. Die Poesie der
487 2240 1718 2310 sind allerdings zuletzt Ibsen und Zola gewesen und für Rußland
1730 2273 2958 2334 nächsten Nähe, der Familienstube, der Vaterstadt, der heimatlichen
488 2283 1731 2353 war es Tolstoj; aber unsere Poeten, ob sie nun Hauptmann oder
1721 2325 2958 2386 Provinz; der Dialect, das Milien, das Localcolorit, saubere und
493 2338 1718 2395 Sudermann, Halbe oder Schnitzler, Fulda oder Max Dreyer
1720 2378 2960 2452 seine Charakteristik des Alltags= und Durchschnittsmenschen, hie
491 2381 1725 2451 heißen, so viel künstlerische Empfindung und Gestaltungskraft in
1731 2432 2957 2492 und da ein Hauch lyrischer Stimmung: weder Arthur Schnitzler
484 2424 1722 2501 ihnen einzeln auch steckt, so fehlt ihnen doch allen gleichmäßig
1724 2476 2964 2540 noch Max Dreyer haben dieses Neuland unserer Kunst entdeckt,
494 2486 1722 2556 das Wesen des genialen Menschen. Sie sind Mitläufer, nicht
1728 2526 2953 2581 aber Beide sind glückliche Adepten, die mit den gegebenen Mitteln
488 2528 1716 2595 Führer unserer Cultur. Sie geben uns Lesefrüchte, Nach¬
1719 2565 2960 2644 etwas anzufangen wissen. Der echteste künstlerische Erfolg dieser
492 2582 1726 2648 empfindungen aus Nietzsche'schen Schriften, Ibsen'schen, Zola'schen
1720 2622 2951 2678 Woche ward dem Wiener Dichter zu Theil. Er gehört offen¬
492 2637 1733 2698 und Tolstoj'schen Werken. Sie dramatisiren sehr hübsch unsere
1731 2676 2953 2734 bar zu den kleinen aber feinen Talenten, die immer sicher
489 2679 1539 2756 Zeitgeschichte, aber sie spielen selber keine Heldenrolle.
1729 2716 2964 2781 gehen, nicht enttäuschen und nicht überraschen, vor übermüthigen
598 2725 1711 2806 Wenn Felix Philippi in seinem Drama „Das Erbe“
1731 2772 2968 2830 Sprüngen sich hüten und eine Spezialität sich ausbilden. Sie
494 2766 1732 2859 Bismarck als Fabriksdirector auf die Bühne bringt, so macht er
1726 2808 2963 2884 malen mit großer Geduld immer dasselbe Gemälde, und diese
488 2842 1728 2917 dabei den Kammerdiener oder den Reporter, der sich unter einen
1729 2868 2957 2935 gute Ausdauer führt gar balb zu einer Virtuosität, die der
492 2895 1729 2950 Tisch versteckt hat und mit gespitzten Ohren lauscht, was denn
1732 2922 2964 2989 Künstler respectirt und die vom Publikum angestaunt und
491 2935 1710 3005 wohl der alte und der junge „Herr“ damals in einer welt¬
1721 2964 2946 3031 bewundert wird. Die raffinirte Arbeit, die in solchen Effect¬
495 2985 1714 3037 geschichtlichen Stunde miteinander geredet und wie sie sich gegen¬
1732 3023 2957 3078 stücken überall sichtbar wird, all die Sauberkeit und Correctheit
500 3036 1728 3099 seitig gezaust haben. Und mit ihm kriecht das ganze Publikum
1734 3072 2962 3135 haben gerade für das Laienange etwas Bestechendes. Ein origineller,
493 3093 1725 3151 unter den Tisch. Gäbe doch mäncher zehntausend Mark darum,
1735 3120 2963 3180 ein tiefer Mensch wird immer auch unbequem sein. Er will
498 3135 1727 3199 hätte er, an irgend einem geheimen Orte versteckt, diese Seene
1728 3169 2963 3223 gesucht werden. In unsere theatralischen Abendgesellschaften paßt
501 3182 1723 3243 mitanhören können. Und da das mit Schwierigkeiten verknüpft
1728 3218 2956 3272 besser der Elegant, der sich anschmiegt und einfügt, und von dem
503 3228 1719 3294 ist, so sucht man im Philippi'schen Bismarckdrama, wie früher
1737 3259 2962 3315 wir gewiß sind, daß er stets einen frischen Kragen angelegt
491 3282 1716 3338 in den Samarow'schen Romanen, das allerdings sehr kümmerliche
1729 3312 2952 3370 hat. Und sorgfältig gekleidet wird Schnitzler immer kommen.
502 3326 1724 3399 Surrogat dafür. Gewiß, es ist ein plumpes Machwerk, dieses
1734 3361 2947 3430 Und immer wieder wird er uns vom kleinen süßen Fratz er¬
492 3382 1714 3443 Philippi'sche Schauspiel, weshalb es denn auch vom Publikum
1723 3402 2960 3481 zählen, bald lächelnd und von oben herab, mit der Ironie des
495 3436 1720 3499 am begeistertsten ausgenommen wurde und an äußerem Erfolg
1731 3454 2950 3515 Lebemannes, bald mit den Gefühlen eines Liebhabers, bald
493 3489 1719 3544 alle anderen in den Schatten stellte, und künstlerisch wird man
1723 3504 2960 3561 Leichtfuß, bald Bußprediger. Damit man ihn so leicht wie
494 3529 1728 3578 Philippi weder mit Halbe und Schnitzler, noch mit Fulda oder
1730 3552 2952 3610 möglich versteht, wird er auch stets seine These dazu setzen. Wie
492 3578 1720 3648 Max Dreyer vergleichen können. Aber im Kern bieten sie doch
1731 3610 2956 3670 Luther schlägt er sie an die Thür an. Seine Moral und seine
500 3624 1716 3694 Alle nur Dramatisirungen der Zeitgeschichte und der Zeitideen.
1730 3658 2958 3734 Immoral aber überschreitet nie die Grenze des im Salon
491 3671 1713 3741 Der große Künstler jedoch ist immer mehr als nur Zuschauer
1724 3708 1977 3776 Gestatteten.
502 3728 1715 3786 und Beobachter, Kammerdiener und Reporter. Er will selber
497 3774 1713 3846 Geschichte machen. Er kriecht nicht unter den Tisch und hört zu,
1842 3760 2946 3841 Wenn Max Dreyer und Schnitzler die glatten Gartenwege
503 3812 1716 3881 sondern er ist selber der Bismarck, der redet. Homer war nicht
1721 3814 2953 3896 des eleganten Naturalismus wandeln, werden Fulda und Halbe
499 3863 1721 3941 der Moriz Busch eines Achilles. Er hat ihn nicht belauscht, ihn
1721 3867 2956 3924 beanspruchen, daß man von einem „Neuen“ bei ihnen redet. In
494 3924 1722 3997 nicht „colportirt“, sondern er schuf erst den Herven. Er selber
1730 3923 2956 3977 ihnen hat sich doch die große Entwickelung vollzogen, und sie
501 3966 762 4034 war Achill.
1727 3974 2968 4056 stiegen aus dem Reich der Familien=Katastrophen empor zu den
