3484 4256
1428 122 1921 226 box 16/2
241 146 1308 256 10. Das Vernnechtnig
3204 1300 3320 1385 S
1396 1328 2467 1426 zichtet, wenn es nur reichlich genug ausgehalten wird.
411 1343 1053 1439 54 Burgtheater.
2476 1336 3402 1437 illegitimen Familienzuwachs sich abzufinden begonn
1398 1406 2465 1470 Wer möchte leugnen, daß unsere bürgerliche Wohlanstäu¬
2472 1414 2553 1480 er
2545 1426 3386 1484 läßt das Kind sterben. Nun regen sich d
320 1411 1394 1514 („Das Vermächtniß“, Schauspiel in drei Akten
1400 1454 2474 1525 digkeit auf morschen Säulen ruht, wer aber möchte des¬
2472 1461 3401 1529 geschlummerten bürgerlichen Vorurtheile vom Neu
573 1470 1143 1546 von Arthur Schnitzler.)
1412 1497 2479 1565 wegen behaupten, daß die Prostitution oder die freie Liebe
2468 1507 3393 1573 das im alten Losatti und in seinem zukünftigen Sch
396 1505 1401 1586 Um große und schöne Versprechungen war das
1387 1552 2480 1602 der Grundpfeiler aller tieferen Sittlichkeit ist? Auf jeden
2470 1557 3407 1627 sohn verkörperte böse Prinzip beginnt mit Einflüst
309 1563 1395 1637 literarische Jung=Wien nie verlegen. Wir wollen eine
1410 1591 2476 1657 Fall ist es eine leichtsinnige Tendenzmacherei, unsere
2470 1598 3399 1673 und Vorstellungen gegen Toni Weber zu schüren
319 1627 1397 1689 Wiener Kunst schaffen, eine eigene österreichische Kultur
1394 1640 2476 1712 gesellschaftliche Schamhaftigkeit, die sich instinktiv in der
2473 1653 3402 1710 habe wohl eine Pflicht an dem Kinde des Sohnes
315 1669 1393 1737 begründen, nicht Wiederkäuer sein, sondern Renaissance¬
1400 1685 2474 1765 grundsätzlichen Anerkennung der Ehe und der Familie
2474 1700 3392 1757 füllen gehabt, nicht aber eine weitere mehr an
309 1715 1399 1782 menschen, groß und einzigartig, keine Eklektiker, sondern
1393 1737 2471 1807 ausdrückt schlechtweg als Heuchelei zu verwerfen, statt sie
2472 1733 3402 1810 liebten des Sohnes zu erfüllen, nota bene an e
310 1754 1399 1838 Erneuerer u. s. w. So hörte man es aus dem Jung¬
1400 1783 2463 1854 als angestammte sittliche Empfindung aufzufassen und sie
2479 1798 3401 1866 Grunde wildfremden Person, deren Anwesenheit
314 1802 1396 1876 Wiener Blätterwalde seit Jahr und Tag in allen Ton¬
1385 1835 2467 1914 als solche der Emanzipation des Fleisches entgegen¬
2471 1839 3370 1907 und stündlich die Familienehre kompromittirt.
317 1856 1384 1932 arten schallen. Und was hat das literarische Jung=Wien
1396 1862 1600 1944 zustellen.
2472 1891 3405 1963 man denn der armen Toni Weber Wohnung un
321 1896 1402 1962 gehalten? Es ist glücklich wieder bei Sardon und
1487 1906 2473 1993 Sehen wir uns die traurige Geschichte, die uns
2465 1938 3409 2010 kündigen und bietet ihr dafür eine Rente an, übe
317 1956 1403 2023 Dumas angelangt. Ehebruch und Dirnenthum, das sind
1388 1959 2474 2050 Arthur Schnitzler von dem süßen Vorstadtmäderl Toni
2459 1968 3412 2054 Vortheile sie fern von Madrid nachdenken möge.
314 1998 1388 2059 die beiden Pole, um welche sich Jung-Wien selbstgefällig
1394 2019 2468 2077 Weber erzählt, ein wenig näher an. Ein bürgerlicher
2458 2025 3409 2110 Weber ist aber keine „Solchene“ die sich mit G
307 2045 1393 2120 und mit der vergnügten Possierlichkeit eines Vierhänders
1390 2054 2467 2130 Genußjüngling hat sich auf einem Spazierritt im Prater
2465 2070 3375 2139 fertigen läßt; sie nimmt sich die Aufsage so zu
316 2099 1397 2171 dreht, der einem Akrobaten die Riesenwelle abge¬
1390 2106 2468 2183 das Genick gebrochen. Sterbend erpreßt er seinen Eltern
2467 2127 3396 2187 daß sie schnurstracks in die Donau läuft. Nun
313 2124 550 2205 guckt hat.
1391 2162 2466 2231 das Versprechen, sein „Vermächtniß“ d. i. seine Geliebte
2472 2167 3408 2234 Allen kund, welchen Engel man um der gesellsche
399 2182 1400 2263 Hatte Hermann Bahr mit seiner widerlichen Effekt¬
1394 2204 2468 2278 Toni Weber und ihr vierjähriges Kind, in's Haus zu
2473 2201 3310 2281 Zimperlichkeit willen in den Tod gejagt...
317 2247 1395 2325 hascherei in dem Ehebruchsstücke „Juana“ sich als Thea¬
1390 2249 2472 2331 nehmen und seine lebendige Hinterlassenschaft als legitimen
2545 2261 3409 2338 Das ist die traurige Geschichte, das tragis
319 2293 1397 2358 traliker vom Schlage eines Sardou entpuppt, bei dem
1401 2301 2464 2360 Familienzuwachs zu behandeln. Eigentlich hätten die
2462 2289 3410 2375 schick der Toni Weber. Allein Herr Schnitzler
319 2333 1401 2402 der ganze dramatische Gehalt eines Stückes in den An¬
1391 2352 2469 2423 weinenden Erben Rücksicht zu nehmen auf eine unver¬
2468 2352 3405 2427 nicht die ewige Tragik solcher Geschöpfe, deren #
321 2393 1392 2454 merkungen für den Schauspieler steckt, so ist Arthur Schnitzler
1397 2396 2475 2467 heirathete Tochter, die gerade im Begriffe ist, sich mit
2461 2404 3395 2485 nur der inneren Stimme gehorcht, ohne auf die
308 2428 1401 2502 mit seinem „Vermächtniß“ geradenwegs in die Fuß¬
1387 2443 2461 2511 einem Manne von gesellschaftlicher Stellung zu verloben.
2465 2452 3394 2523 der gesellschaftlichen Moral zu hören, mit indit
315 2466 1400 2547 stapfen des Halbweltvertheidigers Dumas getreten. Wie
1396 2492 2463 2539 Ungeachtet der Einwände des Alten und seines Schwieger¬
2461 2502 3398 2569 sirender Kunst und Absicht in die Region des Allg
309 2527 1390 2594 Dumas in der „Kameliendame“, so klagt auch Schnitzler
1395 2536 2465 2601 sohnes in spe wird das gegebene Wort redlich eingelöst
2469 2545 3398 2606 Menschlichen zu erheben, sondern er hat sich de
312 2558 1401 2646 den Staat und die Gesellschaft um ihrer rein äußerlichen
1392 2584 2470 2638 und Toni Weber mit ihrem „Bubi“ als Tochter und
2462 2590 3406 2659 Toni Weber eigens ausgeklügelt, um einen soziall
311 2614 1400 2678 Sittlichkeit willen an, weil sie von den erhabenen Ge¬
1393 2627 2471 2697 Enkel mit offenen Armen begrüßt und in die wohl¬
2457 2634 3398 2709 Vorwand zu haben für eine Anklage gegen die
317 2668 1395 2736 sinnungen der Halbwelt noch immer nichts wissen wollen;
1385 2676 2463 2739 habende Sippschaft derer von Losatti aufgenommen.
2471 2681 3373 2760 herzigkeit der in konventioneller Lüge er
309 2717 1395 2769 wie Dumas, so umspinnt auch Schnitzler das 7 nen¬
1391 2721 2473 2804 Derselbe Zufall jedoch, der den jungen Losatti
2459 2730 3396 2802 Bourgeoisie. Nicht ein Wort der Anklage findet er
309 2765 1398 2830 thum mit dem Heiligenscheine lauterster Liebe und ommt
1388 2763 2470 2826 vom Pferde herabgeworfen hat, um dem Fall
2466 2782 3402 2840 die Feigheit jenes Lebejünglings, der das süße Vo
313 2809 1402 2881 zu dem Schlusse: Die bürgerliche Moral ist korrugt und
1385 2813 2471 2883 Toni Weber eine dramatisch=sozialkritische Ursache
2464 2825 3400 2898 mäderl zur Mutter, jedoch aus Furcht vor dem
318 2850 1396 2930 erheuchelt, wahrhafte Sittlichkeit wohnt nur noch im
1386 2858 3404 2940 zu geben, stellt sich pünklich zur Sekunde ein, wo die rümpfen der Gesellschaft nicht auch zu seinem
315 2903 3410 3002 Herzen des süßen Vorstadtmäderls, das auf die Ehe ver= spießbürgerliche Moral derer von Losatti mit dem gemacht hatte; nicht ein Wort der Anklage geg
