3484 4384
1413 130 1861 237 box 16/5
195 145 1266 252 10. Das Vernaechtnis
536 410 1440 528 schnitt 101Salo
542 589 702 659 1
1617 590 2596 678 mit hohen Qualitäten heran, von dem noch viel
737 627 865 698 120
1626 651 2591 728 Gutes zu sehen sein wird. Fräulein Laval,
614 634 1567 755 Selia1)e Theater.: (Gallish)
1616 711 2587 769 anfangs sehr lieb und einfach, predigte das
1617 742 2591 815 Evangelium der Menschlichkeit doch nicht ein¬
766 747 1439 821 Neues Wiener Stadttheater.
1622 799 2291 870 dringlich und kraftvoll genug.
2375 805 2598 865 Fräulein
706 804 1591 884 Roch vor Saisonschluß ist es Direktor
1621 854 2591 919 Joseffy machte als Echo ihres herzlosen
621 867 1594 917 Jachno gelungen, sein neues Theater zu eröffnen
1614 911 2595 967 Gatten gute Figur, war aber mit ihrer Rolle
625 914 1593 982 und schier unüberwindliche Hindernisse waren
1620 942 2006 1010 nicht ganz fertig.
2089 944 2588 1017 Der Beifall war stark,
615 967 1601 1033 „Zu nehmen, das fast Unmögliche zu verwirklichen.
1624 988 2404 1057 geweint wurde auf der Bühne zuviel.
630 1013 1596 1084 Nun=steht der neue Bau in der Skodagasse
2314 1047 2548 1122 Argus.
613 1061 1590 1113 in stolzer Einfachheit da und wie seine Außen¬
612 1112 1533 1182 seite, so präsentiert sich auch sein Interieür.
1708 1143 2033 1215 Die Eindrücke
2047 1143 2598 1218 des „Neuen Wiener
615 1157 1590 1216 Doch davon noch an anderer Stelle. Ruhig
1613 1192 2588 1267 Stadttheaters“ auf das Publikum sind
610 1214 1591 1277 und vornehm schien auch die Devise zu sein,
1610 1256 2595 1322 verschiedene, doch in der Hauptsache die gleichen,
616 1262 1593 1334 die Direktor Jarno über seinem Eröffnungs¬
1617 1302 2586 1354 daß das Theater an der Ecke der stillen Skoda¬
619 1310 1581 1365 programm walten ließ und das sei ihm zu¬
1617 1360 2599 1411 gasse vollkommen im Style der Neuzeit erbaut,
623 1365 1592 1425 förderst gedankt. Einen aktuelleren Prolog
1622 1403 2586 1460 wenngleich das Einheitliche durch Führung des
623 1414 1585 1463 für eine Theatereröffnung als das Meisterwerk
1617 1450 2587 1520 Wienerwerkstättensystems im Innern entnüch¬
622 1459 1586 1522 Goethes, wer von all den „großen Modernen“.
1622 1501 2596 1571 ternd befremdend wirkt und das ermüdete
1389 1506 1577 1569 Und so
608 1506 1233 1570 vermöchte ihn zu schreiben?
1613 1529 2600 1613 Auge von den großen plattenartigen Feldern
617 1556 1601 1626 wirkte denn auch das Vorspiel auf dem
1618 1592 2594 1651 im grauen Olanstrich vergebens nach einem
618 1606 1514 1672 Theater“ jung, zündend und begeisternd
1619 1649 2595 1701 gewohnten Ruhepunkt sucht. Aber dies war nur
620 1664 1589 1728 selbst an Stellen, wo noch die Unausgeglichenheit
1619 1700 2596 1753 das erstemal, denn schon bei der zweiten und
618 1703 1589 1768 manch schauspielerischer Leistung den Genuß
1618 1741 2595 1817 den weiteren Vorstellungen wußten wir bereits,
626 1759 1595 1827 störend beeinflußte. Es folgt das merkwürdig
1604 1793 2584 1861 was diese spartanische Einfachheit des Innen¬
620 1801 1590 1866 sensible Kammerspiel Strindbergs „Wetter¬
1624 1846 2607 1907 raumes zu bedeuten hat. Die volle Wirkung
610 1855 866 1916 leuchten“.
2469 1899 2589 1951 und
2410 1894 2468 1954 0
1619 1898 2412 1949 der Bühnenvorgänge lehrte uns dies
609 1904 1595 1970 letzten Arbeiten des großen schwedischen Frauen¬
1620 1931 2586 2005 ebenso lernte man die feine, überaus wohl
614 1968 1588 2011 verächters, zeigt den Schöpser der „Königin
1620 1991 2586 2044 durchdachte Absicht Direktor Jarnos verstehen,
615 1996 1592 2064 Christine“ nicht auf seiner Höhe. Wohl
1615 2041 2571 2109 in dieses schmucklose Milien wenigstens anfäng¬
616 2035 1581 2105 spannt auch hier seine Meisterhand den dra¬
1616 2087 2278 2163 lich einfache Stücke einzufügen.
620 2092 1589 2155 matischen Faden bis zum Zerreissen straff an,
615 2145 1584 2207 doch isi er merkwürdig versöhnlich gestimmt,
1709 2146 2607 2211 So begreisen wir auch jetzt, warum dieser
620 2211 1600 2255 auch in der Zeichnung seiner Heldin, der die
1617 2200 2602 2262 bewundernswerte und unermüdliche Direktor#
1208 2240 1590 2311 Das Kammerspiel
616 2242 1118 2311 gewohnte Schärfe fehlt.
1615 2241 2601 2314 auf Klara Viebig verfallen, die er schon vor#
614 2295 1587 2351 bleibt nur ein drohend Wetterleuchten  der
1623 2290 2590 2363 einigen Jahren im Josefstädtertheater zu Worte¬
613 2340 1588 2390 Blitz zündet nicht. Aber auch der ferne Donner
1618 2342 2592 2404 kommen ließ. „Der Kampf um den Mann“
609 2385 1593 2459 Kläßt uns ahnen, daß da ein gewaltiger Donnerer
1616 2392 2590 2453 ist seither nicht anders geworden, die krasset
610 2440 1595 2497 Tam Werke ist, der in Direktor Jarno sein
1618 2447 2596 2507 Bearbeitung seelischer Vorgänge nicht feiner,
609 2490 1590 2558 Streues Sprachrohr gefunden hat. Die Regie
1610 2495 2572 2541 das fast unverschämte Eingreifen in Institu¬
613 2538 1593 2591 war von einer vorbildlichen Sauberkeit und
1615 2545 2578 2619 tionen und Sitten, das Zerpflücken und Zer¬
613 2589 1588 2668 manche künstlerische Leistung stand auf un¬
1609 2602 2582 2660 reißen bester Absichten, nicht besser gewordens
1065 2634 1589 2700 Von rührender, lieblicher
623 2637 995 2701 gewohnter Höhe.
1721 2651 2589 2729 Die Bäuerin", Eine Zuflucht" und
613 2692 1595 2745 Einfachheit war das Fräulein Karoly, Herr
1631 2695 2595 2776 Mutter“ sind eine Vorführung von drei
610 2733 1591 2801 Nerz meisterhaft charakteristisch und durch-seine
1612 2760 2586 2822 Aufrichtigkeitsbegriffen, die von einer Frau
612 2796 1596 2845 Tangenehme Zurückhaltung und seiner noblen
1615 2818 2592 2875 geschrieben, ob ihrer entstellten Offenheit sofort
1459 2830 1598 2909 Mag
614 2832 1379 2901 =Sprechweise siel Herr Baron auf.
1623 2847 2596 2929 schaudern machen. Nur die wunderbare Kunst
611 2877 1594 2949 auch manche Unebenheit noch abzuschleifen sein,
1617 2898 2593 2968 unserer Niese, die lebenswahr und echt, doch
621 2935 1598 2993 man fühlte über allen die flotte, eiserne Hand
1620 2962 2597 3032 auch mit feinem Empfinden dort abzuschwächen¬
620 2989 1594 3059 Direktor Jarnos, dem wir zu diesem glücklichen
1620 3006 2586 3057 verstand, wo die Autorin allzuviel unterstrichen,
613 3030 1421 3108 Anfang jedenfalls bestens gratulieren.
1615 3054 2584 3108 spielte die drei verschiedenen Rollen meisterlich.
712 3082 1590 3149 In der Reihe der Eröffnungsvorstellungen
1619 3103 2585 3172 Außer dieser eminenten Künstlerin wäre nur
620 3138 1589 3206 folgte auf Strindberg nun Artur Schnitzler
1620 3148 2267 3228 noch Herr Baron zu nennen.
615 3196 1583 3247 mit seinem Familiendrama „Das Vermächt¬
1706 3209 2592 3281 Auch die erfolgreiche englische Komödie;
805 3246 1586 3303 das man neu inszeniert in einer sehr
621 3233 727 3297 nis“
1624 3253 2602 3334 „Meilensteine“, die lange das Repertoir des
628 3283 1532 3346 schön abgetönten Vorstellung zu sehen bekam.
1616 3320 2580 3379 Theaters in der Josefstadt beherrschte, ist nun
619 3336 1600 3398 *Die alarmierenden Tendenzen des Stückes schienen
1616 3376 2591 3422 ins neue Theater übersiedelt und eben dort
613 3385 1592 3448 Ennn doch schon vom Strom der Zeit überholt
1615 3421 2573 3488 hat sie dieselbe so überaus günstige Auf¬
620 3433 1580 3502 worden zu sein, denn die erschütternden Vor¬
1618 3472 2587 3523 nahme gefunden, zu der auch wesentlich die
614 3476 1586 3551 Sgänge wollten nicht mehr so recht aus Herz
1620 3518 2602 3582 famose Darstellung beiträgt. Die meisterhafte
616 3542 1587 3600 greifen und nur die Nerven wurden auf die
1619 3555 2590 3614 Verkörperung der drei Lebensalter durch Direktor
1075 3579 1587 3647 Es ist ja ein getreues
623 3581 990 3651 „olter gespannt.
1624 3614 2573 3682 Jarno, ist einfach gesagt eine Sehenswürdig¬
615 3624 1586 3699 =Spiegelbild, das Schnitzler seiner Zeit und
1610 3665 2588 3725 keit. Aber auch Fräulem Karoly in den drei
623 3678 1589 3733 SGesellschaft vor Augen führt, nur scheint der
1621 3710 2589 3772 aufsteigenden Lebensaltern ist von entzückender
618 3725 1582 3777 Spiegel doch etwas verwittert und die Ver¬
1617 3761 2581 3811 Natürlichkeit. Die Anmut, die Fräulein Laval
620 3770 1541 3826 größerung der Probleme schon etwas zu grob.
1622 3808 2587 3875 entwickelt, macht sie sympathisch und ein tieferes
632 3819 1586 3895 Die Aufführung, mit Frau Niese an der Spitze,
1616 3858 2586 3931 Eingehen in ihre Rollen wird das Fräulein
630 3885 1587 3939 war immerhin sehenswert, wenn auch nicht
1613 3907 2402 3965 noch beachtenswerter erscheinen lassen.
633 3919 1593 3969 gleichwertig genng besetzt. In Herrn Baron
2072 3963 2547 4018 Der alte Wiener.
631 3981 1603 4033 bächst ein äußerst rontmierter Charakterdarsteller
