3392 4384
148 244 1806 359 10. Das Vermaechtnis box 16/4
2217 468 2622 560 Telefon 12801.
1929 572 2937 650 Unternehmen für Zeitungs-Ausschnitte.
746 598 1162 670 Teleten 12801.
2811 634 3000 702 Ausschmtt
2083 649 3106 789 „OBSERVER“ Nr. 76
458 697 1475 777 Unternehmen für Zeitungs-Ausschnitte.
1330 758 1531 828 Ausschaftt
1695 770 3161 852 L österr. behördl. conc. Bureau für Zeitungsberichte u. Personalnschrichten
368 758 483 872 9
611 781 1271 916 „OBSERVER“
1359 763 1608 923 Nr. 88
1867 851 2980 936 Wien, IX/1. Türkenstrasse 17.
241 897 1612 988 L. Esterr. behördl. conc. Bureau für Zeitungsberichte u. Personalnaehrie
2103 929 2755 997 Filiale in Budapest: „Figyelé“-
407 983 1501 1077 Wien, IX/1. Türkenstrasse 17.
1791 999 3065 1091 Vertretungen in Berlin, Chicago, London, Newyork, Paris, Stockholm.
639 1056 1275 1141 Filiale in Budapest: „Figyelé“
1687 1115 2236 1205 Ausschnitt aus:
322 1118 1585 1225 Vertretungen in Berlin, Chicago, London, Newyork, Paris, Stockholm.
223 1244 744 1331 Ausschnitt aus:
1705 1258 2097 1358 vom 4½
220 1397 607 1483 von ¼
1940 1537 2942 1612 Aus München schreibt uns unser Correspondent:
1870 1576 2946 1667 Der Freitag, den Director Stollberg zur Wieder¬
1879 1621 2217 1680 „eröffnung des
2250 1632 2595 1689 „Münchener
2641 1636 2940 1695 chauspiel¬
369 1643 1488 1712 K. (Münchener Theaterbrief.) Aus München vom
1879 1658 2957 1733 Hauses“ gewählt hatte, war für ihn keineswegs ein
315 1694 1477 1763 I6. d. M., wird uns geschrieben: Jetzt ist die theaterlose Zeit auch
1877 1717 2946 1755 Unglückstag. Er beschenkte ihn im Gegentheil mit
318 1744 1472 1808 für die Münchener wieder vorüber. Gespielt wird freilich auch
1884 1746 2935 1816 einem schönen Erfolge. Das „ausverkaufte Haus“
319 1786 1467 1842 während des Sommers in den beiden Königlichen Theatern
1876 1779 2938 1849 brachte dem hier noch nicht gesehenen Schauspiel
316 1813 1476 1860 aber angesichts der abnormen Preise geht der Eingeborene nicht“
1875 1844 2954 1898 „Das Vermächtniß“ von Axthur Schnitzler.
317 1855 1473 1902 hinein; in diesem Jahre sollen auch die Fremden von der Ver¬
1878 1879 2940 1930 sowie den zum ersten Mäl ins Treffen geführten
315 1901 1471 1953 günstigung, für den Parketsitz neun und zehn Mark zu zahlen,
1867 1907 2933 1976 Kräften des neuen Personals lebhaftes Interesse ent¬
314 1927 1474 1973 keinen starken Gebrauch gemacht haben. Ihre winterliche Spiel¬
1875 1964 2941 2012 gegen, und wenn man auch durch die aus einer
320 1974 1475 2009 zeit haben die Hofbühnen jetzt mit einem energischen und erfreu¬
1883 2000 2942 2048 seltsamen Prämisse heraus construirte Tragik des
316 2007 1470 2054 lichen Anlauf begonnen; die hiesige Goethefeier — durch eine
1878 2043 2934 2102 Stückes sich nicht sonderlich tief ergriffen fühlte, so
317 2046 1470 2089 stimmungsvolle Huldigung am Denkmal des Dichters eingeleitet —
1874 2086 2938 2143 wurde doch die Theilnahme bis zum Schlusse wach
307 2081 1473 2128 konnte sich mit den Aufführungen von „Torquato Tasso“
307 2116 1476 2169 Iphigenie“ del. „Geschwistern“ „Clavigo“ und dem gesammten
1872 2120 2934 2171 und rege erhalten, einerseits durch die virtuose Be¬
315 2138 1473 2206 „Faust“ wohl sehen lassen. Als Iphigenie schuf Klara Ziegler
1871 2169 2941 2228 handlung des Problems, die ungemein geschickte Ver¬
308 2196 1474 2246 wieder einmal durch ihre so schön stilisirte Darstellung reichen
1866 2198 2944 2264 fechtung einer durchaus nicht einwandsfreien These
305 2235 1473 2280 Genuß. Jenen verheißungsvollen Eröffnungsvorstellungen ist in
1879 2247 2933 2301 und die meisterhafte Milienschilderung, anderseits durch
310 2270 1487 2325 dieser Woche bereits die hier so meisterhaft inszenirte „Wallenstein“=
1867 2271 2934 2342 die von Director Stollberg mit kluger Sorgfalt
307 2306 1473 2350 Trilogie gefolgt, und heute kommt „Egmont“ neu einstudirt auf
1877 2319 2924 2382 inscenirte Aufführung. Es gehört zu den Seltsam¬
311 2347 1467 2401 die Bühne. Wenn es so fortgeht, kann man sich freuen. Außer
1875 2353 2933 2429 keiten des genannten Stückes, daß von den beiden
310 2388 1480 2439 den beiden vereinigten Hoftheatern hat München von jetzt an aber
1868 2395 2932 2469 Personen, deren Geschick uns am meisten interessirt,
317 2427 1467 2469 auch noch zwei andere vereinigte Bühnen: „Gärtnerplatz¬
1865 2448 2937 2509 die eine schon im ersten Acte stirbt, die andere
307 2467 1475 2529 theater" und „Schauspielhaus“ haben unter der gleichen
1860 2486 2928 2549 zumeist eine ganz passive Rolle spielt. Demnach hatte
302 2500 1470 2559 Direktion ihre Spielzeit eröffnet. Herr Stollberg und Herr
1859 2524 2928 2594 weder Herr Rübsam (Hugo), noch Frl. Hedwig
309 2539 1479 2578 Schmederer fungiren als gemeinsame Direktoren; als künstlerischer
303 2570 1471 2613 Leiter kommt wohl nur ersterer in Betracht. Ob die Vereinigung
1690 2559 2935 2645 kar 50 Lange (Toni) eine besonders „dankbare“ Aufgabe
309 2613 1471 2655 dieser Bühnen ein Glück für das hiesige Kunstleben ist, steht dahin;
1776 2609 3114 2676 100 zu erfüllen und ein Urtheil über die Eigenart und inelusire
306 2651 1470 2691 vorläufig hat sie ein paar unerfreuliche Wirkungen geübt. Wenn
1774 2660 3053 2721 200 den Umfang ihres Könnens wäre verfrüht, weßhalb ! Porto.
300 2680 1481 2725 die Eröffnungsvorstellungen als Programm gelten sollen, so kann
1876 2682 3083 2734 ich für diesmal nur constatiren will, daß Beide nicht Zahlbar
1767 2709 1865 2756 500
302 2721 1474 2778 man bereits sagen, daß von jetzt an das Gärtnerplatztheater keine
1883 2730 3102 2800 über Mangel an Beifall zu klagen hatten. Tüchtiges Voraus.
1717 2751 1870 2814 „ 1000
308 2763 1601 2818 eigentliche Volksbühne mehr sein wird. Als solche war es ge= lusiver
1866 2771 2932 2838 Kräfte scheint Director Stollberg namentlich auch in
302 2799 1566 2860 gründet worden, und eine solche — mit guten und wohlfeilen sro.
1822 2810 3145 2880 ln den Herren Lind (Losatti) und Schwartzekte ist das
312 2827 1589 2889 Aufführungen — wäre zur Zeit für München vielleicht das blbar#
1691 2826 3138 2922 Abonnem (Dr. Schmidt), sowie in Frl. v. Kroll (Agnes) ge=ehti###dn¬
1461 2875 1594 2937 Traus,
302 2870 1458 2920 Nöthigste. Weder „Cyrano von Bergerac“ aber, noch die „Jugend“,
1698 2893 2915 2965 Abonnen wonnen zu haben. Mit vieler Freude wurde Frl.
310 2916 1461 2962 womit man den Anfang machte, gehören von Rechtswegen auf den
1876 2937 2925 3008 Centa Bré (Franziska) begrüßt, welche von den
308 2939 1654 3007 Spielplan einer Volksbühne. Dazu sind die Preise erhöht worden; ist d#
1873 2979 2929 3039 Besten und Beliebtesten des ersten Jahrganges fast
307 2983 1654 3049 dem großen Publikum wird der Besuch auch dieses Theaters jetzt it es den
1868 3019 2549 3083 allein uns erhalten geblieben
301 3025 1459 3073 schwer. Die Aufführung des „Cyrano“ litt unter miserablem
2671 3015 2935 3085 Ein voll¬
1867 3055 2305 3118 werthiger Ersatz.
315 3062 1468 3103 Sprechen der Schauspieler; mit angestreugtester Aufmerksamkeit
2355 3064 2444 3117 Fi
2515 3060 2924 3132 lArronge scheint
303 3101 1473 3144 verstand man kaum ein Drittel, und das bedeutet für ein Stück
1853 3101 2911 3159 vorerst noch nicht gefunden worden zu sein.
306 3142 1466 3189 wie dieses, bei dem das Wort so wichtig ist, beinahe schon ein
1904 3139 2925 3223 Drei glückliche Tage hat die Direction der „Ver¬
301 3175 1481 3241 Todesurtheil. Man hatte versucht, die im Schauspielhaus übliche
1843 3180 2920 3270 einigten Theater“ nun schon zu verzeichnen; denn
299 3205 1453 3277 Sprechweise in den so viel größeren Raum zu übertragen; auch
1859 3236 2909 3290 auch das Debut der Operette, welches dem des
311 3240 1469 3320 dort wird vielfach undeutlich geredet, aber in dem kleineren Saal
1864 3268 2914 3356 Schauspiels („Cyrano von Bergerac“) im Theater
308 3302 1469 3347 empfindet man's weniger. Darum konnte man auch an der
1859 3299 2899 3385 sam Gärtnerplatz folgte, war vom Glück be¬
303 3342 1463 3388 gestrigen Eröffnungsvorstellung dieser Bühne Genuß und Freude
1866 3350 2912 3433 günstigt. Die Direction Brakl hat in letzter Zeit auf
297 3378 1465 3416 haben. Als Novität erschien Schnitzlers dreiaktiges Schauspiel
1860 3388 2905 3451 dem Gebiete der Operette so Gediegenes geboten, daß
306 3417 1464 3466 „Das Vermächtniß“ ein auf wunderlicher Voraussetzung auf¬
1869 3436 2902 3503 man ein Ueber bieten des von ihr Geleisteten
299 3451 1457 3496 gebautes, aber sehr interessantes Problemstück. Ein Sterbender
1870 3470 2908 3545 seitens der neuen Leitung zunächst wohl mit Unrecht
303 3493 1461 3526 verlangt von seiner Familie, daß sie nach seinem Tode seine Ge¬
1869 3512 2913 3582 fordern würde. Was man mit gutem Gewissen sagen
304 3521 1464 3579 liebte und ihr Kind zu sich ins Haus nehmen! Daß sie für sie
302 3567 1449 3616 sorgen, versteht sich von selbst, aber ins Haus? Trotzdem erfüllt
1852 3549 2906 3626 kann, das ist, daß die von Herrn Regisseur Rudolf
293 3612 1455 3655 man ihm den Willen, und nun beginnt der unausbleibliche Kampf
1857 3592 2907 3672 Haas geschickt inscenirte Darstellung von Suppé's
1870 3630 2241 3698 Afrikareise“
296 3642 1464 3679 zwischen den Anschauungen der Gesellschaft und dem halb wider¬
2254 3648 2910 3701 (für München Novität) den
301 3677 1448 3727 willigen Thun der Hinterbliebenen, die ein freies Liebesverhältniß
1845 3659 2912 3751 Beweis dafür lieferte, daß auch die neue Direction
293 3715 1457 3772 unter ihren Schutz nehmen müssen. So lange das Kind lebt, geht
1849 3712 2903 3791 bestrebt und ausgerüstet ist, das Beste zu bieten, was
303 3750 1461 3794 die Sache erträglich, aber als auch dieses stirbt, schickt man die
1855 3755 2906 3826 man, in Anbetracht der verhältnißmäßig niedrigen
300 3787 1457 3830 Mutter aus dem Hause, die durch Selbstmord endigt. Die Moral des
1855 3798 2893 3871 Eintrittspreise des Gärtnerplatztheaters, mit Fug und
302 3831 1449 3870 Stückes wird in die Worte gefaßt: „Wir hätten ihr nicht Gnaden
1846 3822 2902 3909 Recht fordern kann. Die ersten Kräfte (Frl. Collin
305 3864 1459 3907 erweisen, wir hätten einfach gut sein sollen.“ Hier und an vielen
1852 3875 2896 3957 in erster Reihe, dann Frl. Gisela Fischer und die
304 3905 1454 3956 anderen Stellen spitzt sich's auf eine Verherrlichung der freien Liebe
1847 3921 2899 3985 Herren Werner und Wallner) suchten ihr
300 3942 1450 3983 zu. Das absonderliche Problem ist mit viel Geist behandelt, und
1851 3957 2899 4031 Können in das hellste Licht zu stellen und zwar mit
301 3966 1459 4031 einzelne brillaut gezeichnete Figuren bewahren sich das Interesse.
1847 4001 2890 4057 dem besten Erfolge; nur war dieses Bestreben hie und
309 4012 1462 4051 Gespielt wurde vortrefflich; besonders erwies Fräulein Hedwig
301 4046 1451 4095 Lange, die sich im „Cyrano“ nicht allzu bedeutend eingeführt hatte,
1846 4038 2890 4103 da etwas zu stark markirt, worauf, im Interesse des
295 4086 1459 4146 für das eigentlich moderne Stück durch schöne Verbindung von
1847 4083 2899 4167 Gesammteindrucks, das Augenmerk der Regie zu
1830 4110 2112 4194 lenken wäre.
298 4127 1363 4192 Diskretion und Nachdruck sich als eine sehr werthvolle Kraft.
