3392 4384
130 190 267 287 10
1331 202 1789 304 box 16/5
256 199 1202 311 Das Vermaechtnis
1705 486 2714 575 epertoire. Die Nerven der Burgtheater=Premieren¬
1708 547 2717 625 sucher waren noch empfindlicher als jetzt. Man
1699 602 2716 676 impfte die Nase darüber, daß ein Sterbender seinen
1685 655 2717 721 Eltern die Geliebte mit ihrem Kinde vermacht. Diese
737 650 2713 777 Wiener Coulissengeschichten.“Eltern repräsentiren ein Stück der guten Gesellschaft.
638 745 1668 817 (Warum sie die Rolle zurücksandte. — Die nächste
1688 744 2709 837 Das Vermächtniß des Sohnes ist ihnen peinlich.
645 789 1653 855 Première des Burgtheaters. — Ein Christus=Stück. —
1678 796 2710 874 Sie halten es zur Noth in Ehren. Aber das Kind
651 828 1658 909 Arthur Schnitzler. — Das Finish im Operettenderby. —
1682 838 2709 940 stirbt. Nun stoßen sie das arme Frauenzimmer hinaus.
921 881 1443 939 Schauspieler und Kritiker.)
1688 893 2204 965 Und es geht in den Tod.
751 924 1688 1004 Die Hohenfels hat eine Rolle zurückgeschickt!
1781 932 2700 1012 Seitdem Schnitzler sein „Vermächtniß“ geschrie¬
646 967 1670 1051 Dieselbe Hohenfels, die seit Jahren tief verletzt war,
1676 976 2712 1062 den hak, ist eine große Wandlung unter den Wiener
637 1033 1669 1105 daß sie so selten eine neue Rolle erhält, sie retour¬
1676 1043 2708 1119 Literaten vorgegangen. Damals trug er noch die
645 1083 1676 1143 nirt eine gute, große Rolle in einem Stücke, welches
1680 1096 2706 1168 Stirnlocke. Er war in der Wiener Literatur der
640 1115 1677 1204 das künstlerische Ereigniß der Burgtheatersaison
1675 1141 2715 1230 Schöffer der Stirnlocke. Und damals saß er noch
639 1175 1670 1241 werden soll. Warum hat sie das gethan? Hundert
1681 1195 2707 1266 mit den „Jungen“ im Café Größenwahn, wo Schil¬
629 1217 1663 1314 Versionen schwirrten durch Wien. Man kommentirte
1678 1236 2713 1315 ler entthront und Halm zum alten Esel degradirt
634 1277 1385 1343 den Fall wie die große Bülow=Rede.
1671 1282 2708 1370 wo die ganze alte Literatur demolirt wurde. Heute
747 1305 1675 1381 Nach vertraulichen, verläßlichen halb= und
1668 1336 2722 1416 ist Schnitzler ein Philister, treuer Gatte, zärtlicher
633 1367 1673 1441 ganzoffiziösen Mittheilungen wäre die große Affaire
1668 1376 2713 1459 Vater, er demolirt nicht mehr. Im Gegentheil! Die
635 1415 1682 1486 auf folgenden Vorgang zurückzuführen: Der Frau
1674 1429 2709 1510 jüngsten Rekruten der Literatur demoliren ihn. Aber
639 1472 2704 1555 Hohenfels war die weibliche Hauptrolle in der viel=ser ist jetzt erst recht Nummer Eins unter denen, die
627 1512 1669 1587 besprochenen Novität zugedacht. In einem Tristan¬
1670 1526 2312 1599 in Wien fürs Theater schreiben.
633 1556 1673 1630 Kostüm sollte sie erscheinen. Frau Hohenfels hatte
1767 1573 2708 1656 Wohl der Niese zuliebe hat man „Das Ver¬
636 1603 1655 1686 die ihr vorgelegten Figurinen aus eigener Phantasie
1670 1618 2710 1704 mächtniß“ hervorgeholt. Und die Operettenkomikerin
635 1656 1666 1723 ergänzt. Ein duftig Gewand sollte es sein, das weni¬
1668 1672 2698 1745 von gestern war heute eine große Tragödin. Sie
627 1699 1664 1783 ger verhüllt als es errathen läßt. Die Kopfhaare
1674 1719 2693 1798 spielt das arme Wiener Mädl, das nur lebt, um zu
633 1760 1670 1825 sollten einen langen Mantel bilden, der theilweise
1667 1769 2703 1856 lieben, wundersam weich, sie findet zarte Nuancen,
631 1809 1665 1898 das verdeckt, was das Gewebe nur mit einem Hauch
1675 1823 2263 1892 welche die Dichtung ergänzen.
624 1848 854 1916 überzieht.
1764 1858 2717 1943 Heute und morgen findet der große Ringkampf
737 1891 1654 1995 Die Großen des Burgtheaters sollen bei¬
1662 1900 2699 1996 zwischen Johann Strauß=Theater und Theater an
623 1942 1665 2039 sammengestanden haben, als Einer das Kostüm der
1665 1968 2707 2051 der Wien statt. Beide wollen den Operettenschlager
629 2010 1656 2094 Hohenfels schilderte. Und daraufhin soll Kainz in
1659 2011 2712 2088 der Saison bringen. Auf diese eine Karte setzen sie
617 2063 1660 2158 einem durchaus nicht burgtheaterfähigen Deutsch
1667 2061 2704 2150 ihre ganzen Hoffnungen. Und nur einer kann den
624 2097 954 2180 gesagt haben:
1662 2109 2709 2185 Haupttreffer holen, denn es ist in Wien noch nie
745 2161 1666 2255 „Hört's auf! Die alte Schachtel wird do' nit
1656 2164 2691 2238 dagewesen, daß zwei Theater, die überdies räum¬
611 2194 994 2284 so hinausgeh'n?“
1644 2209 2689 2291 lich so nahe beieinander stehen und dasselbe Geure
745 2234 1658 2335 Und das soll sie erfahren haben, warf die
1662 2255 2695 2339 kultiviren, zur selben Zeit einen Schlager haben.
614 2287 1652 2381 Rolle hin, war für Unterhändler der Direktion über¬
1669 2307 2696 2399 Das Publikum entscheidet sich nur für einen
1663 2359 1972 2433 großen Erfolg.
611 2356 1656 2451 haupt nicht zu sprechen, und die Novität mußte ver¬
618 2399 959 2472 schoben werden.
1758 2389 2693 2494 Eine fieberhafte Aufregung herrscht in den
742 2434 1654 2548 Zwei junge Damen des Burgtheaters debat¬
1654 2438 2689 2539 beiden Theatern. An der Wien erzählt man trium¬
611 2490 1222 2574 tfren über diesen Gegenstand.
1654 2509 2697 2593 phirend, daß die Novität des Johann Strauß=Thea¬
733 2535 1654 2636 „Das war nicht nett von Kainz“, meinte die
1664 2562 2690 2641 ters in den letzten Tagen neu instrumentirt werden
607 2576 1657 2688 Eine. „Von der Hohenseks kann mast das nicht
1655 2616 2678 2670 mußte, im Johann Strauß=Theater will man wissen,
608 2637 777 2721 sagen.“
1654 2648 2688 2714 daß die Novität der feindlichen Bühne eine ernste
726 2676 1647 2774 Darauf die Andere: „Sie ist 59 Jahre alt.“
1646 2704 2694 2789 Oper ist, im Theater an der Wien will man erfahren
728 2746 2696 2834 „Ihr übertreibt Alle. Sie wird erst nächstens 58. haben, daß Herrn Treumann am 16. das weitere
613 2795 1638 2885 Es dauert noch volle zwei Jahre, bis sie ins Greisen¬
1657 2801 2357 2880 Auftreten gerichtlich untersagt wird.
613 2831 850 2914 alter tritt.“
1752 2841 2685 2928 So wogt der Operettenkampf hin und her.
727 2874 1418 2964 Wie lieb doch diese Damen sind!
1643 2889 2676 2978 Und alle Librettisten und Komponisten sind unsäglich
733 2950 1648 3026 „Tantris der Narr“ von Ernst Hardt ist die
1659 2935 2498 3023 aufgeregt. Wie beim Finish am Derbytag!
610 2963 1645 3067 Novität, von der seit Wochen so enorm viel ge¬
1751 2987 2686 3088 Ein sehr empfindlicher Schauspieler hat dieser
611 3046 1645 3113 sprochen wird. Nicht weil die Hohenfels die Rolle
1654 3023 2510 3115 Tage einen der geistreichsten Kritiker gestellt.
601 3078 1648 3147 zurückgab! Sondern weil sich der noch nicht da¬
1746 3093 2672 3174 „Sie haben sich“, sagte er erregt, „gestern im
612 3138 1636 3212 gewesene Fall ereignete, daß der Dichter für das
1642 3118 2674 3240 Restaurant in sehr abfälliger Weise über meine jüngste
615 3189 2670 3274 Werk, das noch an keiner maßgebenden Bühne auf= Leistung geäußert. Ich verbiete mir energisch, daß Sie
608 3236 2316 3299 geführt wurde, den Schillerpreis und den Volks=in Zukunst so über mich sprechen.“
612 3282 1648 3358 Schillerpreis erhielt. Hamburg hat kürzlich den
1738 3281 2659 3376 „Bitte, ich werde es nächstens schreiben ....“
1780 3332 2133 3406 — 13. November.
603 3314 1658 3420 Versuch unternommen. Dort war es ein Erfolg.
607 3386 1649 3439 Hier geht das Werk nunmehr nächste Woche in
605 3426 1662 3504 Szene. Es ist — wenn man will — „Tristan #nd
606 3473 1659 3561 Isolde“. Er muß fliehen und darf bei Todesstrafe
603 3536 1658 3600 nicht wiederkehren. Die Liebe zieht ihn her. Als
605 3576 1660 3638 „Tantris der Narr“ erscheint er. Der König erfährt
610 3638 1647 3704 es. Tantris ist dem Tode verfallen. Ein grau¬
608 3673 1657 3740 samer Tod ist ihm bestimmt. Den Aussätzigen wird
608 3727 1656 3816 er überliefert. Sie kommen, ihn zu übernehmen. Er
593 3768 1664 3863 erschlägt sie. Das gilt als Wunder und das Leben
600 3819 1006 3895 wird ihm geschenkt.
724 3872 1670 3955 Etwa sechzig Jahre nach Christi spielt das
605 3917 1645 4009 Stück. Und heute Abend geben sie in der Joseph¬
599 3970 1646 4058 stadt eine Novität „Der reiche Jüngling“ die direkt
590 4040 1642 4106 zur Zeit Christi spielt. Der Autor ist Herr Rößler,
597 4090 1656 4150 ein junger Mensch, der als Wanderkomödiant durch
595 4128 1649 4197 die Weit zog, seit zwei oder drei Jahren mit dem
