<?xml version="1.0" encoding="UTF-8" standalone="yes"?>
<PcGts xmlns="http://schema.primaresearch.org/PAGE/gts/pagecontent/2013-07-15" xmlns:xsi="http://www.w3.org/2001/XMLSchema-instance" xsi:schemaLocation="http://schema.primaresearch.org/PAGE/gts/pagecontent/2013-07-15 http://schema.primaresearch.org/PAGE/gts/pagecontent/2013-07-15/pagecontent.xsd">
    <Metadata>
        <Creator>prov=University of Rostock/Institute of Mathematics/CITlab/Gundram Leifert/gundram.leifert@uni-rostock.de:name=ONB_Newseye_GT_M1+(htr_id=10810)::::v=2.4.2
prov=University of Rostock/Institute of Mathematics/CITlab/Tobias Gruening/tobias.gruening@uni-rostock.de:name=de.uros.citlab.module.baseline2polygon.B2PSeamMultiOriented:v=2.4.2
prov=University of Rostock/Institute of Mathematics/CITlab/Tobias Gruening/tobias.gruening@uni-rostock.de:name=/mnt/transkribus/LA/DEA/URO/LA_news_onb_att.pb:de.uros.citlab.segmentation.CITlab_LA_ML:v=2.4.2
Transkribus</Creator>
        <Created>2019-10-07T11:34:53.228+02:00</Created>
        <LastChange>2019-10-08T18:07:04.424+02:00</LastChange>
        <TranskribusMetadata docId="223986" pageId="9500452" pageNr="194" tsid="16605798" status="IN_PROGRESS" userId="40391" imgUrl="https://files.transkribus.eu/Get?id=HFKBQAUJXMOTJWDTVCFTVMTF&amp;fileType=view" xmlUrl="https://files.transkribus.eu/Get?id=RZVDVSFWUEIFIHBWIERJTVIB" imageId="6190674"/>
    </Metadata>
    <Page imageFilename="223986_0194.jpeg" imageWidth="3436" imageHeight="4480">
        <ReadingOrder>
            <OrderedGroup id="ro_1711447838455" caption="Regions reading order">
                <RegionRefIndexed index="0" regionRef="r1"/>
            </OrderedGroup>
        </ReadingOrder>
        <TextRegion orientation="0.0" id="r1" custom="readingOrder {index:0;}">
            <Coords points="216,233 216,4029 2868,4029 2868,233"/>
            <TextLine id="r1l1" custom="readingOrder {index:0;}">
                <Coords points="1322,283 1396,247 1457,290 1608,265 1713,289 1757,267 1862,278 1860,202 1767,188 1721,212 1641,210 1611,233 1443,201 1321,235"/>
                <Baseline points="1332,280 1359,275 1386,271 1413,267 1441,265 1468,264 1495,262 1523,262 1550,261 1577,261 1605,262 1632,262 1659,262 1687,262 1714,262 1741,261 1769,260 1796,259 1823,257 1851,254"/>
                <TextEquiv>
                    <Unicode>box 16/3</Unicode>
                </TextEquiv>
            </TextLine>
            <TextLine id="r1l2" custom="readingOrder {index:1;}">
                <Coords points="206,265 437,296 1255,295 1256,225 1152,205 716,230 445,202 375,249 207,194"/>
                <Baseline points="216,257 267,263 319,268 370,272 422,275 473,278 525,280 576,281 628,282 679,283 731,283 782,283 834,282 885,282 937,281 988,281 1040,280 1091,280 1143,280 1194,280 1246,281"/>
                <TextEquiv>
                    <Unicode>10. Das Vernaechtnis</Unicode>
                </TextEquiv>
            </TextLine>
            <TextLine id="r1l3" custom="readingOrder {index:2;}">
                <Coords points="367,700 1637,708 1652,623 1289,661 1093,619 368,650"/>
                <Baseline points="377,685 440,684 503,684 566,683 629,683 692,683 755,683 819,684 882,684 945,685 1008,685 1071,686 1134,687 1197,688 1261,688 1324,689 1387,690 1450,691 1513,691 1576,692 1640,692"/>
                <TextEquiv>
                    <Unicode>Freilich, es fehlen da der These zu Liebe auch die blaffenden</Unicode>
                </TextEquiv>
            </TextLine>
            <TextLine id="r1l4" custom="readingOrder {index:3;}">
                <Coords points="1864,700 2561,716 2562,669 2461,652 2247,673 2185,648 2137,673 2046,648 1865,661"/>
                <Baseline points="1874,696 1907,695 1941,695 1975,694 2009,694 2043,694 2077,695 2111,695 2145,696 2179,696 2213,697 2246,698 2280,699 2314,699 2348,700 2382,701 2416,701 2450,702 2484,702 2518,702 2552,702"/>
                <TextEquiv>
                    <Unicode>„Das Betteln war mein einziges Erb',</Unicode>
                </TextEquiv>
            </TextLine>
            <TextLine id="r1l5" custom="readingOrder {index:4;}">
                <Coords points="375,729 1473,757 1600,746 1641,690 375,699"/>
                <Baseline points="385,728 447,728 509,729 571,729 634,730 696,730 758,731 821,732 883,732 945,733 1008,733 1070,734 1132,734 1194,734 1257,735 1319,735 1381,734 1444,734 1506,734 1568,733 1631,732"/>
                <TextEquiv>
                    <Unicode>Tendenzgeschöpfe nicht. Der Bräutigam der Tochter, der Ver¬</Unicode>
                </TextEquiv>
            </TextLine>
            <TextLine id="r1l6" custom="readingOrder {index:5;}">
                <Coords points="1865,749 2792,767 2809,713 1866,702"/>
                <Baseline points="1876,735 1922,735 1968,736 2014,737 2060,737 2106,738 2152,739 2198,739 2244,740 2290,741 2337,742 2383,743 2429,744 2475,745 2521,746 2567,746 2613,747 2659,748 2705,749 2751,750 2798,750"/>
                <TextEquiv>
                    <Unicode>Als ich jung und verwahrlost hinaustrat ins Leben.“</Unicode>
                </TextEquiv>
            </TextLine>
            <TextLine id="r1l7" custom="readingOrder {index:6;}">
                <Coords points="374,783 1502,803 1635,794 1636,752 374,743"/>
                <Baseline points="385,774 447,774 509,774 571,775 633,775 695,776 757,777 819,777 881,778 943,779 1005,780 1067,781 1129,781 1191,782 1253,782 1315,783 1377,783 1439,783 1501,783 1563,782 1626,781"/>
                <TextEquiv>
                    <Unicode>treter der Wohlanständigkeit und der spießbürgerlichen</Unicode>
                </TextEquiv>
            </TextLine>
            <TextLine id="r1l8" custom="readingOrder {index:7;}">
                <Coords points="1863,789 2433,785 2557,819 2668,811 2669,754 1863,753"/>
                <Baseline points="1872,781 1911,781 1950,780 1989,780 2029,780 2068,781 2107,781 2147,782 2186,783 2225,784 2265,785 2304,786 2343,787 2382,788 2422,789 2461,789 2500,789 2540,789 2579,789 2618,788 2658,787"/>
                <TextEquiv>
                    <Unicode>„Ja, sagt der Engel, „doch hab' ich dir selbst</Unicode>
                </TextEquiv>
            </TextLine>
            <TextLine id="r1l9" custom="readingOrder {index:8;}">
                <Coords points="375,823 1634,842 1634,798 1536,787 375,785"/>
                <Baseline points="385,822 447,822 509,821 571,821 633,822 695,822 757,822 819,823 881,823 943,824 1005,825 1067,825 1129,826 1191,827 1253,827 1315,828 1377,828 1439,828 1501,829 1563,828 1625,828"/>
                <TextEquiv>
                    <Unicode>Moral, ein Adoptivkind künstlerischer Gestaltungskraft, dem</Unicode>
                </TextEquiv>
            </TextLine>
            <TextLine id="r1l10" custom="readingOrder {index:9;}">
                <Coords points="1864,841 1971,820 2139,855 2342,834 2557,862 2558,796 1865,791"/>
                <Baseline points="1875,819 1908,818 1942,817 1975,817 2009,817 2043,818 2076,819 2110,820 2143,821 2177,823 2211,824 2244,825 2278,827 2311,829 2345,830 2379,831 2412,831 2446,831 2479,831 2513,831 2547,830"/>
                <TextEquiv>
                    <Unicode>Den Bettelsack eines Mönches gegeben.“</Unicode>
                </TextEquiv>
            </TextLine>
            <TextLine id="r1l11" custom="readingOrder {index:10;}">
                <Coords points="1874,895 1910,897 1933,884 1967,900 1999,892 2049,899 2108,881 2156,898 2182,896 2183,847 2133,839 2110,849 2064,824 2018,834 1972,821 1935,831 1919,823 1875,841"/>
                <Baseline points="1884,866 1910,864 1936,863 1962,862 1988,862 2014,862 2041,862 2067,863 2093,863 2119,865 2145,866 2172,868"/>
                <TextEquiv>
                    <Unicode>„Zu Dank.</Unicode>
                </TextEquiv>
            </TextLine>
            <TextLine id="r1l12" custom="readingOrder {index:11;}">
                <Coords points="366,859 1482,896 1629,885 1630,843 366,825"/>
                <Baseline points="377,865 439,866 501,867 563,868 625,868 687,869 749,869 812,870 874,870 936,871 998,871 1060,872 1122,872 1184,873 1247,873 1309,873 1371,874 1433,874 1495,875 1557,875 1620,876"/>
                <TextEquiv>
                    <Unicode>Sauer dennoch über die Klippen der Unmöglichkeit forthalf,</Unicode>
                </TextEquiv>
            </TextLine>
            <TextLine id="r1l13" custom="readingOrder {index:12;}">
                <Coords points="360,919 1646,913 1551,880 360,889"/>
                <Baseline points="371,912 434,913 497,914 560,915 624,916 687,917 750,918 813,918 877,919 940,919 1003,920 1066,920 1130,920 1193,921 1256,921 1319,921 1383,921 1446,921 1509,922 1572,922 1636,922"/>
                <TextEquiv>
                    <Unicode>und eine Schwägerin (Lonise Dumont), die auf dem großen!</Unicode>
                </TextEquiv>
            </TextLine>
            <TextLine id="r1l14" custom="readingOrder {index:13;}">
                <Coords points="1856,947 2609,975 2694,958 2695,895 2503,921 2078,888 2007,927 1856,917"/>
                <Baseline points="1866,954 1906,954 1947,953 1988,953 2029,953 2070,953 2111,953 2151,953 2192,954 2233,954 2274,955 2315,956 2356,957 2397,958 2437,959 2478,960 2519,961 2560,962 2601,963 2642,964 2683,964"/>
                <TextEquiv>
                    <Unicode>„Kaum war ich Soldat und im Fener kaum,</Unicode>
                </TextEquiv>
            </TextLine>
            <TextLine id="r1l15" custom="readingOrder {index:14;}">
                <Coords points="367,958 1545,986 1638,969 1639,920 367,924"/>
                <Baseline points="376,957 438,958 501,959 563,960 626,961 689,961 751,962 814,963 876,963 939,964 1002,964 1064,965 1127,965 1189,966 1252,966 1315,966 1377,967 1440,967 1502,967 1565,968 1628,968"/>
                <TextEquiv>
                    <Unicode>Horn der freien Weltanschauung bläst. Diese beiden sind</Unicode>
                </TextEquiv>
            </TextLine>
            <TextLine id="r1l16" custom="readingOrder {index:15;}">
                <Coords points="1849,1000 2613,1008 2677,992 2678,964 1850,947"/>
                <Baseline points="1860,993 1900,994 1940,994 1981,995 2021,995 2062,996 2102,996 2142,997 2183,997 2223,998 2264,998 2304,999 2344,999 2385,1000 2425,1000 2466,1001 2506,1002 2546,1002 2587,1003 2627,1003 2668,1004"/>
                <TextEquiv>
                    <Unicode>Da that ein Schuß dieses Bein mir rauben.“</Unicode>
                </TextEquiv>
            </TextLine>
            <TextLine id="r1l17" custom="readingOrder {index:16;}">
                <Coords points="362,1011 1636,1018 1612,970 363,959"/>
                <Baseline points="373,1005 435,1005 498,1005 560,1005 623,1005 686,1006 748,1007 811,1008 874,1009 936,1010 999,1011 1062,1012 1124,1013 1187,1014 1250,1014 1312,1015 1375,1015 1438,1015 1500,1015 1563,1014 1626,1013"/>
                <TextEquiv>
                    <Unicode>wie die Gestalten auf alten Bildern: ein Zettel hängt aus</Unicode>
                </TextEquiv>
            </TextLine>
            <TextLine id="r1l18" custom="readingOrder {index:17;}">
                <Coords points="1857,1047 2123,1032 2180,1053 2452,1038 2480,1058 2643,1042 2644,1006 2096,993 1858,1016"/>
                <Baseline points="1867,1039 1905,1038 1943,1037 1981,1037 2020,1037 2058,1038 2096,1039 2135,1040 2173,1041 2211,1043 2250,1044 2288,1045 2326,1047 2364,1047 2403,1048 2441,1048 2479,1047 2518,1046 2556,1044 2594,1041 2633,1037"/>
                <TextEquiv>
                    <Unicode>„Ja, sagt der Engel, „sonst hätte gar beid</Unicode>
                </TextEquiv>
            </TextLine>
            <TextLine id="r1l19" custom="readingOrder {index:18;}">
                <Coords points="365,1048 1635,1079 1635,1017 366,1010"/>
                <Baseline points="375,1053 437,1053 500,1053 562,1053 625,1053 687,1053 750,1053 812,1054 875,1054 937,1054 1000,1054 1062,1055 1125,1055 1187,1056 1250,1056 1312,1057 1375,1058 1437,1059 1500,1060 1562,1061 1625,1063"/>
                <TextEquiv>
                    <Unicode>ihrem Munde, drauf ihr Lebensmotto nebst ihrer poctischen.</Unicode>
                </TextEquiv>
            </TextLine>
            <TextLine id="r1l20" custom="readingOrder {index:19;}">
                <Coords points="1858,1075 2212,1109 2529,1092 2671,1122 2797,1077 2797,1043 2687,1030 2573,1065 2451,1037 1858,1045"/>
                <Baseline points="1868,1076 1913,1076 1959,1077 2005,1078 2051,1079 2097,1080 2143,1081 2189,1083 2235,1084 2281,1085 2327,1086 2372,1087 2418,1087 2464,1088 2510,1088 2556,1088 2602,1087 2648,1086 2694,1085 2740,1083 2786,1081"/>
                <TextEquiv>
                    <Unicode>Die Gicht dich geplagt, das kannst du glauben.“</Unicode>
                </TextEquiv>
            </TextLine>
            <TextLine id="r1l21" custom="readingOrder {index:20;}">
                <Coords points="369,1096 409,1114 585,1103 617,1120 685,1102 814,1117 853,1105 853,1068 792,1058 583,1069 369,1050"/>
                <Baseline points="380,1091 405,1094 431,1096 457,1098 482,1100 508,1100 534,1100 559,1100 585,1100 611,1100 636,1099 662,1099 688,1099 713,1098 739,1098 765,1098 790,1098 816,1099 842,1099"/>
                <TextEquiv>
                    <Unicode>Sendung zu lesen ist.</Unicode>
                </TextEquiv>
            </TextLine>
            <TextLine id="r1l22" custom="readingOrder {index:21;}">
                <Coords points="1868,1143 1884,1149 1910,1130 1936,1138 1954,1124 2003,1138 2059,1126 2164,1143 2164,1109 2069,1081 2029,1094 2003,1082 1954,1078 1938,1088 1920,1078 1868,1102"/>
                <Baseline points="1877,1123 1902,1121 1927,1120 1952,1119 1977,1118 2002,1117 2027,1117 2052,1117 2077,1118 2102,1118 2127,1120 2153,1123"/>
                <TextEquiv>
                    <Unicode>„Zu Dank</Unicode>
                </TextEquiv>
            </TextLine>
            <TextLine id="r1l23" custom="readingOrder {index:22;}">
                <Coords points="483,1148 1579,1165 1631,1155 1632,1097 483,1106"/>
                <Baseline points="493,1143 549,1144 605,1145 662,1145 718,1146 775,1146 831,1147 888,1147 944,1148 1001,1148 1057,1148 1113,1149 1170,1149 1226,1149 1283,1150 1339,1150 1396,1151 1452,1151 1509,1152 1565,1152 1622,1153"/>
                <TextEquiv>
                    <Unicode>Sehr geschickt aber sind wiederum der zweite und</Unicode>
                </TextEquiv>
            </TextLine>
            <TextLine id="r1l24" custom="readingOrder {index:23;}">
                <Coords points="360,1183 1632,1203 1632,1160 1520,1151 361,1143"/>
                <Baseline points="371,1186 433,1187 496,1187 558,1188 621,1189 683,1190 746,1191 808,1192 871,1193 933,1194 996,1195 1059,1196 1121,1197 1184,1198 1246,1198 1309,1199 1371,1199 1434,1199 1496,1199 1559,1199 1622,1199"/>
                <TextEquiv>
                    <Unicode>dritte Akt kontrastirt. Solange das Kind lebt, neigt alles</Unicode>
                </TextEquiv>
            </TextLine>
            <TextLine id="r1l25" custom="readingOrder {index:24;}">
                <Coords points="1854,1201 2688,1226 2688,1171 2594,1158 1854,1168"/>
                <Baseline points="1864,1208 1904,1208 1945,1208 1986,1208 2026,1208 2067,1208 2108,1209 2148,1209 2189,1210 2230,1210 2271,1211 2311,1211 2352,1212 2393,1212 2433,1213 2474,1213 2515,1213 2555,1213 2596,1213 2637,1213 2678,1213"/>
                <TextEquiv>
                    <Unicode>Einst mischte auch gleich der Richter sich ein,</Unicode>
                </TextEquiv>
            </TextLine>
            <TextLine id="r1l26" custom="readingOrder {index:25;}">
                <Coords points="358,1245 1486,1265 1633,1256 1634,1198 358,1203"/>
                <Baseline points="368,1236 430,1235 493,1235 556,1235 619,1235 682,1236 744,1237 807,1237 870,1238 933,1239 996,1240 1058,1242 1121,1243 1184,1244 1247,1244 1310,1245 1372,1245 1435,1245 1498,1245 1561,1244 1624,1243"/>
                <TextEquiv>
                    <Unicode>zu Liebe und Versöhnlichkeit, und das Vermächtniß des</Unicode>
                </TextEquiv>
            </TextLine>
            <TextLine id="r1l27" custom="readingOrder {index:26;}">
                <Coords points="1849,1263 2423,1250 2655,1277 2709,1255 2710,1219 1849,1214"/>
                <Baseline points="1859,1251 1901,1251 1943,1250 1985,1250 2027,1250 2069,1250 2111,1251 2153,1251 2195,1252 2237,1253 2279,1254 2321,1254 2363,1255 2405,1256 2447,1257 2489,1257 2531,1257 2573,1257 2615,1257 2657,1256 2699,1255"/>
                <TextEquiv>
                    <Unicode>Als ich für den Feiertag Wein mir genommen.“</Unicode>
                </TextEquiv>
            </TextLine>
            <TextLine id="r1l28" custom="readingOrder {index:27;}">
                <Coords points="370,1283 1630,1293 1588,1250 550,1260 461,1229 371,1262"/>
                <Baseline points="381,1284 446,1283 511,1283 576,1283 641,1283 707,1284 772,1285 837,1285 902,1286 967,1287 1033,1288 1098,1289 1163,1290 1228,1290 1293,1291 1359,1291 1424,1291 1489,1291 1554,1290 1620,1289"/>
                <TextEquiv>
                    <Unicode>Todten wird geehrt; erst wie es todt ist, will man auch die</Unicode>
                </TextEquiv>
            </TextLine>
            <TextLine id="r1l29" custom="readingOrder {index:28;}">
                <Coords points="1862,1297 2559,1294 2559,1272 2424,1250 2249,1274 2219,1254 1862,1257"/>
                <Baseline points="1872,1295 1905,1294 1939,1293 1973,1293 2007,1292 2041,1293 2074,1293 2108,1294 2142,1295 2176,1295 2210,1296 2243,1297 2277,1298 2311,1299 2345,1299 2378,1300 2412,1300 2446,1300 2480,1300 2514,1299 2548,1297"/>
                <TextEquiv>
                    <Unicode>„Ja, sagt der Engei, „doch da ich bat,</Unicode>
                </TextEquiv>
            </TextLine>
            <TextLine id="r1l30" custom="readingOrder {index:29;}">
                <Coords points="373,1333 1631,1358 1631,1293 374,1286"/>
                <Baseline points="384,1331 445,1330 507,1330 569,1330 631,1330 693,1331 755,1331 816,1331 878,1332 940,1333 1002,1333 1064,1334 1126,1334 1188,1335 1249,1335 1311,1336 1373,1336 1435,1337 1497,1337 1559,1337 1621,1337"/>
                <TextEquiv>
                    <Unicode>Mutter nicht mehr vor Augen haben. Sehr geschickt ist</Unicode>
                </TextEquiv>
            </TextLine>
            <TextLine id="r1l31" custom="readingOrder {index:30;}">
                <Coords points="1864,1338 2434,1366 2670,1339 2650,1302 1864,1299"/>
                <Baseline points="1873,1336 1912,1335 1951,1334 1990,1333 2030,1333 2069,1334 2108,1334 2148,1335 2187,1336 2226,1337 2266,1338 2305,1340 2344,1340 2383,1341 2423,1342 2462,1343 2501,1343 2541,1342 2580,1342 2619,1341 2659,1339"/>
                <TextEquiv>
                    <Unicode>Hast du nur ein Jahr Gefängniß bekommen.“</Unicode>
                </TextEquiv>
            </TextLine>
            <TextLine id="r1l32" custom="readingOrder {index:31;}">
                <Coords points="1855,1395 1873,1403 1891,1386 1932,1402 1948,1393 1980,1401 2010,1386 2022,1394 2054,1385 2069,1399 2095,1403 2109,1392 2157,1405 2156,1353 2080,1356 2053,1335 2039,1345 1916,1335 1854,1365"/>
                <Baseline points="1865,1382 1890,1379 1916,1378 1941,1376 1967,1374 1992,1373 2018,1373 2043,1372 2069,1373 2094,1374 2120,1375 2146,1377"/>
                <TextEquiv>
                    <Unicode>„Zu Dank</Unicode>
                </TextEquiv>
            </TextLine>
            <TextLine id="r1l33" custom="readingOrder {index:32;}">
                <Coords points="357,1365 1641,1394 1641,1354 1561,1337 358,1329"/>
                <Baseline points="368,1376 431,1376 494,1375 557,1375 620,1375 683,1376 746,1376 810,1376 873,1377 936,1378 999,1378 1062,1379 1125,1380 1188,1380 1252,1381 1315,1382 1378,1383 1441,1383 1504,1383 1567,1384 1631,1384"/>
                <TextEquiv>
                    <Unicode>diese Kontrastirung, denn sie bringt Abwechslung und zeigt</Unicode>
                </TextEquiv>
            </TextLine>
            <TextLine id="r1l34" custom="readingOrder {index:33;}">
                <Coords points="371,1420 1612,1449 1637,1397 371,1370"/>
                <Baseline points="381,1423 443,1423 505,1423 567,1423 630,1423 692,1423 754,1424 816,1424 879,1424 941,1424 1003,1424 1065,1424 1128,1424 1190,1424 1252,1425 1314,1425 1377,1426 1439,1427 1501,1427 1563,1428 1626,1429"/>
                <TextEquiv>
                    <Unicode>die Charaktere von beiden Seiten; aber ist sie auch wirklich¬</Unicode>
                </TextEquiv>
            </TextLine>
            <TextLine id="r1l35" custom="readingOrder {index:34;}">
                <Coords points="1855,1457 2596,1482 2626,1470 2627,1404 2282,1436 2216,1409 1950,1394 1855,1423"/>
                <Baseline points="1865,1464 1902,1463 1940,1461 1977,1461 2015,1461 2053,1461 2090,1461 2128,1462 2165,1463 2203,1464 2241,1465 2278,1466 2316,1467 2353,1468 2391,1468 2429,1469 2466,1469 2504,1469 2541,1468 2579,1467 2617,1466"/>
                <TextEquiv>
                    <Unicode> Bei Venus hab' ich nur heimlich geraubt,</Unicode>
                </TextEquiv>
            </TextLine>
            <TextLine id="r1l36" custom="readingOrder {index:35;}">
                <Coords points="361,1465 1629,1481 1607,1435 361,1429"/>
                <Baseline points="372,1469 434,1470 496,1470 558,1470 621,1471 683,1471 745,1471 808,1472 870,1472 932,1473 995,1473 1057,1473 1119,1474 1181,1474 1244,1474 1306,1475 1368,1475 1431,1475 1493,1475 1555,1475 1618,1475"/>
                <TextEquiv>
                    <Unicode>keitsecht? Ich hege Zweifel, ob man im gutbürgerlichen</Unicode>
                </TextEquiv>
            </TextLine>
            <TextLine id="r1l37" custom="readingOrder {index:36;}">
                <Coords points="1848,1505 2251,1527 2278,1505 2568,1523 2630,1500 2630,1467 2010,1478 1849,1454"/>
                <Baseline points="1859,1506 1897,1505 1935,1505 1973,1505 2011,1505 2049,1505 2087,1506 2125,1506 2163,1506 2201,1507 2239,1507 2277,1508 2315,1508 2353,1508 2391,1508 2429,1509 2467,1509 2505,1509 2543,1509 2581,1508 2620,1508"/>
                <TextEquiv>
                    <Unicode>Doch, was ich erbeutet, war unreif immer.“</Unicode>
                </TextEquiv>
            </TextLine>
            <TextLine id="r1l38" custom="readingOrder {index:37;}">
                <Coords points="370,1528 1622,1528 1622,1484 1565,1480 370,1474"/>
                <Baseline points="380,1518 441,1517 503,1517 564,1516 626,1516 688,1516 749,1516 811,1516 872,1516 934,1517 996,1517 1057,1517 1119,1517 1180,1518 1242,1518 1304,1518 1365,1518 1427,1518 1488,1518 1550,1518 1612,1518"/>
                <TextEquiv>
                    <Unicode>Haushalt das „Kind der Sünde“ rückhaltlos lieben wird;</Unicode>
                </TextEquiv>
            </TextLine>
            <TextLine id="r1l39" custom="readingOrder {index:38;}">
                <Coords points="1863,1559 1964,1542 2099,1566 2131,1548 2593,1558 2577,1512 1864,1509"/>
                <Baseline points="1873,1551 1908,1549 1944,1547 1979,1546 2015,1546 2050,1546 2086,1546 2121,1547 2157,1548 2192,1549 2228,1550 2263,1551 2299,1552 2334,1553 2370,1553 2405,1554 2441,1554 2476,1553 2512,1552 2547,1550 2583,1548"/>
                <TextEquiv>
                    <Unicode>„Ja,“ sagt der Engel, „aus Scham allein</Unicode>
                </TextEquiv>
            </TextLine>
            <TextLine id="r1l40" custom="readingOrder {index:39;}">
                <Coords points="353,1568 1526,1587 1626,1580 1627,1533 353,1528"/>
                <Baseline points="364,1562 426,1562 489,1562 551,1562 614,1562 677,1563 739,1563 802,1564 865,1564 927,1565 990,1565 1053,1566 1115,1566 1178,1567 1241,1567 1303,1567 1366,1568 1429,1568 1491,1568 1554,1568 1617,1568"/>
                <TextEquiv>
                    <Unicode>aber das mag dahinstehen. Nicht recht begründet schien</Unicode>
                </TextEquiv>
            </TextLine>
            <TextLine id="r1l41" custom="readingOrder {index:40;}">
                <Coords points="1854,1582 1890,1604 2056,1589 2098,1618 2161,1590 2227,1627 2370,1592 2694,1625 2695,1533 2673,1530 2588,1562 1855,1560"/>
                <Baseline points="1865,1591 1906,1589 1947,1587 1988,1586 2029,1586 2070,1586 2111,1586 2152,1587 2193,1588 2234,1589 2275,1591 2316,1592 2357,1593 2398,1593 2439,1594 2480,1594 2521,1594 2562,1594 2603,1592 2644,1590 2685,1587"/>
                <TextEquiv>
                    <Unicode>Hab' ich dich verlassen schon vor dem Zimmer.“</Unicode>
                </TextEquiv>
            </TextLine>
            <TextLine id="r1l42" custom="readingOrder {index:41;}">
                <Coords points="355,1598 1632,1626 1632,1582 1570,1573 355,1570"/>
                <Baseline points="364,1608 430,1607 496,1607 562,1607 629,1607 695,1608 761,1608 827,1609 894,1609 960,1610 1026,1611 1092,1611 1159,1612 1225,1613 1291,1613 1357,1613 1424,1613 1490,1613 1556,1613 1623,1612"/>
                <TextEquiv>
                    <Unicode>mir die Verzweiflung und mit ihr der freiwillige Tod der</Unicode>
                </TextEquiv>
            </TextLine>
            <TextLine id="r1l43" custom="readingOrder {index:42;}">
                <Coords points="2080,1636 2093,1636 2109,1648 2123,1635 2139,1631 2171,1642 2191,1630 2201,1629 2201,1605 2181,1604 2160,1590 2148,1596 2128,1595 2110,1611 2102,1612 2094,1604 2080,1606"/>
                <Baseline points="2091,1630 2116,1629 2141,1627 2166,1626 2191,1630"/>
                <TextEquiv>
                    <Unicode>½</Unicode>
                </TextEquiv>
            </TextLine>
            <TextLine id="r1l44" custom="readingOrder {index:43;}">
                <Coords points="1861,1651 1879,1653 1935,1632 1945,1638 1957,1625 1996,1644 2010,1638 2034,1645 2058,1634 2066,1639 2084,1633 2083,1590 2011,1601 1994,1590 1976,1588 1960,1597 1907,1589 1894,1604 1877,1590 1859,1593"/>
                <Baseline points="1870,1636 1895,1633 1921,1631 1946,1629 1972,1628 1997,1627 2023,1627 2048,1627 2074,1628"/>
                <TextEquiv>
                    <Unicode>„Zu Dank</Unicode>
                </TextEquiv>
            </TextLine>
            <TextLine id="r1l45" custom="readingOrder {index:44;}">
                <Coords points="357,1656 1624,1680 1625,1623 357,1616"/>
                <Baseline points="367,1650 429,1651 491,1652 554,1653 616,1654 679,1655 741,1656 803,1656 866,1657 928,1657 991,1658 1053,1658 1115,1658 1178,1658 1240,1658 1303,1658 1365,1658 1427,1658 1490,1658 1552,1658 1615,1658"/>
                <TextEquiv>
                    <Unicode>Geliebten, als man sie aus einem Haus entfernte, in dem</Unicode>
                </TextEquiv>
            </TextLine>
            <TextLine id="r1l46" custom="readingOrder {index:45;}">
                <Coords points="366,1703 1617,1703 1595,1667 366,1659"/>
                <Baseline points="375,1698 436,1698 498,1699 559,1699 621,1700 683,1700 744,1701 806,1701 867,1701 929,1702 991,1702 1052,1702 1114,1703 1175,1703 1237,1704 1299,1704 1360,1704 1422,1705 1483,1705 1545,1706 1607,1706"/>
                <TextEquiv>
                    <Unicode>sie sich doch nicht geachtet wußte. Der Verachtung ihres</Unicode>
                </TextEquiv>
            </TextLine>
            <TextLine id="r1l47" custom="readingOrder {index:46;}">
                <Coords points="1857,1729 2520,1730 2520,1682 2488,1674 2306,1689 2212,1670 2155,1690 2129,1672 1952,1685 1857,1666"/>
                <Baseline points="1866,1718 1898,1718 1930,1718 1962,1718 1994,1718 2027,1718 2059,1718 2091,1719 2123,1719 2155,1719 2188,1720 2220,1720 2252,1721 2284,1721 2316,1721 2349,1721 2381,1721 2413,1721 2445,1720 2477,1720 2510,1719"/>
                <TextEquiv>
                    <Unicode>„Eine Hexe nahm ich zum Eheweib;</Unicode>
                </TextEquiv>
            </TextLine>
            <TextLine id="r1l48" custom="readingOrder {index:47;}">
                <Coords points="359,1749 1467,1751 1640,1786 1641,1704 359,1703"/>
                <Baseline points="369,1748 432,1747 495,1746 558,1745 621,1745 684,1745 747,1745 810,1745 873,1746 936,1746 999,1747 1062,1748 1125,1749 1188,1749 1251,1750 1314,1751 1377,1752 1440,1752 1503,1752 1566,1753 1630,1753"/>
                <TextEquiv>
                    <Unicode>Vaters hatte sie einst getrotzt, und hier? Diese Tragik</Unicode>
                </TextEquiv>
            </TextLine>
            <TextLine id="r1l49" custom="readingOrder {index:48;}">
                <Coords points="1844,1779 2138,1755 2666,1774 2678,1719 1844,1729"/>
                <Baseline points="1855,1761 1895,1760 1936,1760 1977,1760 2017,1760 2058,1760 2099,1760 2139,1760 2180,1760 2221,1760 2262,1761 2302,1761 2343,1761 2384,1761 2424,1761 2465,1761 2506,1761 2546,1761 2587,1761 2628,1760 2669,1759"/>
                <TextEquiv>
                    <Unicode>Hatt' nicht nur von ihrem Leichtsinn zu leiden.“</Unicode>
                </TextEquiv>
            </TextLine>
            <TextLine id="r1l50" custom="readingOrder {index:49;}">
                <Coords points="358,1818 1591,1808 1626,1764 358,1755"/>
                <Baseline points="369,1791 431,1790 493,1789 556,1789 618,1788 680,1789 743,1789 805,1790 867,1791 930,1792 992,1793 1054,1794 1117,1796 1179,1797 1241,1798 1304,1799 1366,1799 1428,1800 1491,1800 1553,1800 1616,1800"/>
                <TextEquiv>
                    <Unicode>hat kurze Beinchen und muß deshalb auf Stelzen schreiten.</Unicode>
                </TextEquiv>
            </TextLine>
            <TextLine id="r1l51" custom="readingOrder {index:50;}">
                <Coords points="1850,1813 2620,1816 2654,1809 2654,1772 1850,1777"/>
                <Baseline points="1861,1805 1900,1803 1939,1802 1978,1801 2017,1801 2057,1801 2096,1802 2135,1802 2174,1803 2213,1804 2253,1805 2292,1806 2331,1806 2370,1807 2409,1807 2449,1807 2488,1807 2527,1806 2566,1806 2605,1804 2645,1802"/>
                <TextEquiv>
                    <Unicode>„Ja, sagt der Ergel, „bei Mann und Frau,</Unicode>
                </TextEquiv>
            </TextLine>
            <TextLine id="r1l52" custom="readingOrder {index:51;}">
                <Coords points="477,1841 1607,1866 1622,1816 477,1805"/>
                <Baseline points="488,1833 544,1834 600,1835 656,1835 712,1836 769,1837 825,1837 881,1838 937,1839 993,1840 1050,1840 1106,1841 1162,1842 1218,1842 1274,1843 1331,1843 1387,1844 1443,1844 1499,1845 1555,1845 1612,1845"/>
                <TextEquiv>
                    <Unicode>Arthur Schnitzler ist ein Künstler mit reichem lyrischen</Unicode>
                </TextEquiv>
            </TextLine>
            <TextLine id="r1l53" custom="readingOrder {index:52;}">
                <Coords points="1853,1869 1907,1841 2105,1867 2314,1869 2365,1847 2391,1867 2560,1863 2625,1853 2625,1813 1853,1815"/>
                <Baseline points="1864,1842 1901,1841 1939,1841 1976,1841 2014,1841 2051,1841 2089,1842 2126,1842 2164,1843 2201,1843 2239,1844 2276,1844 2314,1844 2351,1845 2389,1845 2426,1846 2464,1846 2501,1846 2539,1846 2576,1845 2614,1845"/>
                <TextEquiv>
                    <Unicode>Da mischen wir mie uns in Streitigkeiten.“</Unicode>
                </TextEquiv>
            </TextLine>
            <TextLine id="r1l54" custom="readingOrder {index:53;}">
                <Coords points="356,1864 406,1894 444,1886 488,1907 505,1899 517,1911 561,1887 589,1887 601,1899 628,1891 628,1851 608,1857 585,1849 575,1857 561,1842 519,1848 483,1836 446,1850 408,1816 356,1821"/>
                <Baseline points="366,1878 391,1881 416,1883 441,1885 466,1885 492,1885 517,1884 542,1884 567,1883 592,1882 618,1882"/>
                <TextEquiv>
                    <Unicode>Empfinden</Unicode>
                </TextEquiv>
            </TextLine>
            <TextLine id="r1l55" custom="readingOrder {index:54;}">
                <Coords points="1851,1907 1906,1901 1948,1907 1990,1894 2021,1913 2067,1911 2093,1904 2091,1848 2045,1843 2013,1857 1968,1844 1949,1857 1902,1844 1874,1869 1850,1872"/>
                <Baseline points="1860,1888 1887,1886 1915,1884 1943,1882 1971,1881 1999,1880 2027,1880 2055,1880 2083,1881"/>
                <TextEquiv>
                    <Unicode>„Zu Dank</Unicode>
                </TextEquiv>
            </TextLine>
            <TextLine id="r1l56" custom="readingOrder {index:55;}">
                <Coords points="706,1907 845,1880 903,1913 974,1889 1095,1916 1131,1892 1629,1896 1629,1851 706,1851"/>
                <Baseline points="715,1888 760,1887 805,1886 850,1886 895,1885 941,1885 986,1885 1031,1886 1076,1886 1121,1887 1167,1888 1212,1888 1257,1889 1302,1890 1347,1890 1393,1891 1438,1891 1483,1891 1528,1891 1573,1890 1619,1890"/>
                <TextEquiv>
                    <Unicode>jener Lyrik der jungen Wiener, die von</Unicode>
                </TextEquiv>
            </TextLine>
            <TextLine id="r1l57" custom="readingOrder {index:56;}">
                <Coords points="752,1929 775,1929 788,1943 803,1947 825,1934 837,1944 897,1936 898,1894 874,1896 848,1881 819,1897 795,1889 779,1895 753,1891"/>
                <Baseline points="763,1928 788,1930 813,1930 838,1929 863,1930 888,1931"/>
                <TextEquiv>
                    <Unicode>Leide</Unicode>
                </TextEquiv>
            </TextLine>
            <TextLine id="r1l58" custom="readingOrder {index:57;}">
                <Coords points="355,1929 434,1941 480,1926 509,1944 527,1936 563,1950 583,1935 632,1963 656,1941 710,1936 710,1910 635,1883 605,1897 558,1889 518,1910 502,1898 486,1910 444,1886 355,1893"/>
                <Baseline points="365,1925 390,1928 416,1930 442,1932 467,1933 493,1933 519,1933 544,1933 570,1932 596,1931 621,1929 647,1928 673,1926 699,1924"/>
                <TextEquiv>
                    <Unicode>dem großen</Unicode>
                </TextEquiv>
            </TextLine>
            <TextLine id="r1l59" custom="readingOrder {index:58;}">
                <Coords points="937,1923 965,1942 1106,1933 1134,1950 1157,1937 1253,1951 1254,1893 1192,1903 1115,1895 1095,1915 1064,1916 1031,1895 994,1901 972,1888 938,1899"/>
                <Baseline points="948,1928 974,1928 1001,1929 1028,1930 1055,1931 1082,1932 1109,1933 1136,1934 1163,1934 1190,1934 1217,1934 1244,1933"/>
                <TextEquiv>
                    <Unicode>der kleinen</Unicode>
                </TextEquiv>
            </TextLine>
            <TextLine id="r1l60" custom="readingOrder {index:59;}">
                <Coords points="1295,1923 1363,1953 1486,1940 1629,1956 1631,1902 1617,1897 1592,1907 1542,1895 1491,1908 1435,1891 1399,1908 1383,1893 1360,1903 1296,1895"/>
                <Baseline points="1305,1932 1331,1932 1357,1933 1383,1934 1410,1935 1436,1936 1462,1937 1488,1938 1515,1939 1541,1939 1567,1939 1593,1939 1620,1938"/>
                <TextEquiv>
                    <Unicode>Lebensfreuden</Unicode>
                </TextEquiv>
            </TextLine>
            <TextLine id="r1l61" custom="readingOrder {index:60;}">
                <Coords points="1855,1973 2518,1982 2518,1930 2492,1918 2464,1938 2226,1910 2152,1934 2073,1905 1855,1908"/>
                <Baseline points="1866,1972 1898,1972 1930,1971 1962,1971 1994,1971 2026,1971 2058,1971 2090,1971 2122,1972 2154,1972 2187,1972 2219,1973 2251,1973 2283,1973 2315,1973 2347,1974 2379,1974 2411,1974 2443,1974 2475,1974 2508,1973"/>
                <TextEquiv>
                    <Unicode>„Ein Greis, über jede Reue hinaus,</Unicode>
                </TextEquiv>
            </TextLine>
            <TextLine id="r1l62" custom="readingOrder {index:61;}">
                <Coords points="351,1976 423,1980 438,1975 461,1991 480,1977 491,1988 504,1977 522,1982 524,1944 510,1945 489,1927 474,1927 442,1933 433,1941 395,1937 368,1951 352,1948"/>
                <Baseline points="361,1972 386,1971 411,1972 436,1974 461,1976 486,1978 512,1977"/>
                <TextEquiv>
                    <Unicode>weiß,</Unicode>
                </TextEquiv>
            </TextLine>
            <TextLine id="r1l63" custom="readingOrder {index:62;}">
                <Coords points="626,1998 1246,1973 1309,2002 1619,2005 1619,1954 1489,1937 977,1949 908,1916 856,1946 626,1942"/>
                <Baseline points="635,1976 683,1975 732,1975 781,1976 829,1976 878,1976 927,1977 975,1977 1024,1978 1073,1978 1122,1979 1170,1980 1219,1980 1268,1981 1316,1981 1365,1981 1414,1982 1462,1982 1511,1982 1560,1982 1609,1981"/>
                <TextEquiv>
                    <Unicode>und dem Scharfblick des erfahrungssichern</Unicode>
                </TextEquiv>
            </TextLine>
            <TextLine id="r1l64" custom="readingOrder {index:63;}">
                <Coords points="1853,2010 2314,2009 2707,2045 2707,1958 2465,1986 1853,1971"/>
                <Baseline points="1863,2014 1904,2013 1946,2013 1987,2013 2029,2013 2071,2013 2112,2014 2154,2014 2196,2015 2237,2016 2279,2017 2321,2017 2362,2018 2404,2018 2446,2018 2487,2018 2529,2017 2571,2016 2612,2015 2654,2013 2696,2010"/>
                <TextEquiv>
                    <Unicode>Kann ich noch auf Erden ein Glück erringen?“</Unicode>
                </TextEquiv>
            </TextLine>
            <TextLine id="r1l65" custom="readingOrder {index:64;}">
                <Coords points="359,2023 1596,2046 1627,1994 359,1981"/>
                <Baseline points="369,2022 431,2022 493,2022 556,2023 618,2023 681,2024 743,2024 805,2024 868,2025 930,2025 993,2025 1055,2026 1117,2026 1180,2026 1242,2027 1305,2027 1367,2027 1429,2028 1492,2028 1554,2029 1617,2029"/>
                <TextEquiv>
                    <Unicode>Psychologen. Aber das ist das Merkwürdige: wo er als</Unicode>
                </TextEquiv>
            </TextLine>
            <TextLine id="r1l66" custom="readingOrder {index:65;}">
                <Coords points="1844,2052 2517,2068 2566,2054 2566,2019 1844,2027"/>
                <Baseline points="1854,2056 1889,2055 1924,2055 1959,2055 1994,2055 2029,2055 2064,2056 2099,2056 2134,2057 2169,2058 2204,2058 2239,2059 2274,2059 2309,2060 2344,2060 2379,2060 2414,2059 2449,2059 2484,2058 2519,2056 2555,2054"/>
                <TextEquiv>
                    <Unicode>„Ja, sagt der Engel, „dein Todtenhemd</Unicode>
                </TextEquiv>
            </TextLine>
            <TextLine id="r1l67" custom="readingOrder {index:66;}">
                <Coords points="348,2085 1624,2084 1606,2039 1446,2024 348,2041"/>
                <Baseline points="359,2068 421,2068 484,2068 547,2068 609,2069 672,2069 735,2070 797,2070 860,2070 923,2071 986,2071 1048,2072 1111,2072 1174,2073 1236,2073 1299,2073 1362,2073 1424,2073 1487,2073 1550,2073 1613,2073"/>
                <TextEquiv>
                    <Unicode>Künstler versagt, bleibt immer noch ein Virtnos voll Verve</Unicode>
                </TextEquiv>
            </TextLine>
            <TextLine id="r1l68" custom="readingOrder {index:67;}">
                <Coords points="1850,2111 2050,2095 2172,2129 2342,2098 2376,2117 2398,2097 2565,2125 2564,2054 1851,2052"/>
                <Baseline points="1860,2097 1894,2096 1929,2095 1964,2094 1999,2094 2034,2094 2068,2094 2103,2095 2138,2095 2173,2096 2208,2097 2242,2098 2277,2099 2312,2099 2347,2100 2382,2101 2416,2101 2451,2101 2486,2101 2521,2100 2556,2099"/>
                <TextEquiv>
                    <Unicode>Und einen Priester will ich dir bringen.“</Unicode>
                </TextEquiv>
            </TextLine>
            <TextLine id="r1l69" custom="readingOrder {index:68;}">
                <Coords points="361,2106 1627,2122 1581,2080 362,2078"/>
                <Baseline points="371,2114 433,2114 495,2114 557,2114 620,2114 682,2115 744,2115 807,2116 869,2116 931,2117 994,2118 1056,2118 1118,2119 1180,2119 1243,2120 1305,2120 1367,2120 1430,2120 1492,2120 1554,2120 1617,2119"/>
                <TextEquiv>
                    <Unicode>übrig und kühler Treffsicherheit. Das ist eine Doppel¬</Unicode>
                </TextEquiv>
            </TextLine>
            <TextLine id="r1l70" custom="readingOrder {index:69;}">
                <Coords points="1844,2143 1866,2141 1909,2164 1951,2136 1963,2148 1975,2142 1990,2154 1999,2147 2050,2154 2074,2147 2073,2105 2042,2094 2016,2108 1982,2097 1954,2106 1909,2097 1844,2123"/>
                <Baseline points="1855,2142 1881,2140 1907,2139 1933,2138 1959,2136 1985,2136 2011,2135 2037,2136 2063,2137"/>
                <TextEquiv>
                    <Unicode>„Zu Dank</Unicode>
                </TextEquiv>
            </TextLine>
            <TextLine id="r1l71" custom="readingOrder {index:70;}">
                <Coords points="2066,2145 2079,2146 2084,2152 2095,2151 2103,2145 2127,2156 2143,2143 2169,2148 2170,2120 2148,2119 2123,2101 2115,2107 2096,2112 2068,2105"/>
                <Baseline points="2077,2138 2104,2140 2132,2142 2160,2141"/>
                <TextEquiv>
                    <Unicode># 65</Unicode>
                </TextEquiv>
            </TextLine>
            <TextLine id="r1l72" custom="readingOrder {index:71;}">
                <Coords points="351,2154 1600,2189 1623,2123 351,2124"/>
                <Baseline points="360,2159 422,2160 485,2161 547,2161 610,2162 673,2162 735,2163 798,2163 861,2164 923,2164 986,2164 1049,2165 1111,2165 1174,2165 1237,2166 1299,2166 1362,2166 1425,2166 1487,2166 1550,2166 1613,2166"/>
                <TextEquiv>
                    <Unicode>begabung, die für seine Zukunft besorgt machen kann, ihm</Unicode>
                </TextEquiv>
            </TextLine>
            <TextLine id="r1l73" custom="readingOrder {index:72;}">
                <Coords points="359,2207 1300,2208 1626,2249 1627,2170 360,2158"/>
                <Baseline points="370,2209 432,2208 494,2208 556,2208 619,2208 681,2208 743,2209 806,2209 868,2210 930,2210 993,2211 1055,2211 1117,2212 1179,2212 1242,2213 1304,2213 1366,2214 1429,2214 1491,2214 1553,2214 1616,2213"/>
                <TextEquiv>
                    <Unicode>aber für den Augenblick den Erfolg von beiden Seiten</Unicode>
                </TextEquiv>
            </TextLine>
            <TextLine id="r1l74" custom="readingOrder {index:73;}">
                <Coords points="1844,2232 2140,2245 2165,2228 2420,2241 2485,2226 2485,2191 2413,2182 1845,2183"/>
                <Baseline points="1854,2223 1885,2223 1916,2223 1947,2223 1978,2223 2009,2224 2040,2224 2071,2225 2102,2226 2133,2226 2164,2227 2195,2228 2226,2228 2257,2229 2288,2229 2319,2229 2350,2230 2381,2229 2412,2229 2443,2228 2474,2227"/>
                <TextEquiv>
                    <Unicode>„Werd' ich im Himmel selig sein,</Unicode>
                </TextEquiv>
            </TextLine>
            <TextLine id="r1l75" custom="readingOrder {index:74;}">
                <Coords points="345,2258 1618,2270 1507,2217 345,2206"/>
                <Baseline points="355,2256 417,2255 480,2255 542,2254 605,2254 668,2254 730,2254 793,2254 856,2255 918,2255 981,2255 1044,2256 1106,2256 1169,2257 1232,2257 1294,2258 1357,2258 1420,2259 1482,2259 1545,2259 1608,2259"/>
                <TextEquiv>
                    <Unicode>gleichsam sichert. Und nicht kärglich wurde er von den Dar¬</Unicode>
                </TextEquiv>
            </TextLine>
            <TextLine id="r1l76" custom="readingOrder {index:75;}">
                <Coords points="1839,2271 2504,2272 2504,2232 2452,2224 2414,2240 1840,2233"/>
                <Baseline points="1850,2264 1882,2264 1914,2264 1946,2264 1978,2265 2011,2265 2043,2266 2075,2267 2107,2268 2139,2268 2172,2269 2204,2270 2236,2270 2268,2270 2300,2270 2333,2270 2365,2269 2397,2268 2429,2266 2461,2263 2494,2261"/>
                <TextEquiv>
                    <Unicode>Soll ich in der Hölle ewig klagen?“</Unicode>
                </TextEquiv>
            </TextLine>
            <TextLine id="r1l77" custom="readingOrder {index:76;}">
                <Coords points="358,2288 1595,2326 1620,2278 358,2266"/>
                <Baseline points="368,2299 430,2298 492,2298 554,2298 616,2298 678,2298 740,2299 802,2299 864,2300 926,2300 989,2301 1051,2302 1113,2302 1175,2303 1237,2304 1299,2305 1361,2305 1423,2306 1485,2307 1547,2308 1610,2308"/>
                <TextEquiv>
                    <Unicode>stellern des Deutschen Theaters unterstützt. Reicher, Sauer,</Unicode>
                </TextEquiv>
            </TextLine>
            <TextLine id="r1l78" custom="readingOrder {index:77;}">
                <Coords points="1839,2312 2182,2323 2335,2304 2488,2325 2530,2316 2531,2275 1840,2268"/>
                <Baseline points="1849,2307 1882,2306 1916,2305 1949,2305 1983,2305 2017,2306 2050,2306 2084,2307 2117,2308 2151,2309 2185,2309 2218,2310 2252,2311 2285,2311 2319,2312 2353,2312 2386,2311 2420,2311 2453,2309 2487,2307 2521,2305"/>
                <TextEquiv>
                    <Unicode>Ja, sagt der Engel, „oder auch nein.</Unicode>
                </TextEquiv>
            </TextLine>
            <TextLine id="r1l79" custom="readingOrder {index:78;}">
                <Coords points="350,2352 1617,2375 1617,2321 1565,2310 350,2286"/>
                <Baseline points="360,2340 422,2341 484,2343 547,2344 609,2345 671,2346 734,2346 796,2347 858,2347 921,2347 983,2347 1045,2348 1108,2348 1170,2348 1232,2348 1295,2349 1357,2349 1419,2350 1482,2350 1544,2351 1607,2352"/>
                <TextEquiv>
                    <Unicode>Rittner (er starb ein wenig zu gemächlich), Winterstein und</Unicode>
                </TextEquiv>
            </TextLine>
            <TextLine id="r1l80" custom="readingOrder {index:79;}">
                <Coords points="1846,2358 2553,2375 2554,2314 1847,2310"/>
                <Baseline points="1857,2344 1891,2344 1925,2345 1959,2345 1994,2346 2028,2347 2062,2348 2097,2348 2131,2349 2165,2350 2200,2351 2234,2352 2268,2352 2302,2353 2337,2353 2371,2353 2405,2353 2440,2353 2474,2352 2508,2352 2543,2351"/>
                <TextEquiv>
                    <Unicode>Die Würfel werden 's dir sicher sagen.“</Unicode>
                </TextEquiv>
            </TextLine>
            <TextLine id="r1l81" custom="readingOrder {index:80;}">
                <Coords points="1840,2402 1899,2420 1965,2399 2000,2421 2038,2403 2062,2403 2094,2427 2173,2418 2173,2370 2082,2372 2042,2352 2012,2365 1991,2349 1937,2363 1903,2349 1840,2373"/>
                <Baseline points="1851,2394 1877,2392 1903,2391 1929,2389 1955,2388 1981,2388 2007,2387 2033,2387 2059,2388 2085,2389 2111,2389 2137,2391 2163,2393"/>
                <TextEquiv>
                    <Unicode>„Zu Dank</Unicode>
                </TextEquiv>
            </TextLine>
            <TextLine id="r1l82" custom="readingOrder {index:81;}">
                <Coords points="353,2394 1600,2414 1617,2370 353,2352"/>
                <Baseline points="364,2385 426,2387 488,2389 550,2390 612,2391 674,2392 736,2393 799,2393 861,2394 923,2394 985,2394 1047,2395 1109,2395 1171,2395 1234,2395 1296,2395 1358,2395 1420,2396 1482,2396 1544,2397 1607,2398"/>
                <TextEquiv>
                    <Unicode>Else Lehmann, alle ganz auf ihren Posten, und in einer</Unicode>
                </TextEquiv>
            </TextLine>
            <TextLine id="r1l83" custom="readingOrder {index:82;}">
                <Coords points="345,2424 1505,2464 1626,2459 1627,2408 345,2392"/>
                <Baseline points="355,2434 418,2435 481,2436 544,2437 607,2438 670,2438 733,2438 796,2439 859,2439 922,2439 985,2439 1048,2440 1111,2440 1174,2440 1237,2440 1300,2441 1363,2441 1426,2442 1489,2443 1552,2444 1616,2445"/>
                <TextEquiv>
                    <Unicode>kleinen namenlosen Rolle als „ein Arzt", Max Reinhardt</Unicode>
                </TextEquiv>
            </TextLine>
            <TextLine id="r1l84" custom="readingOrder {index:83;}">
                <Coords points="1845,2489 2236,2479 2494,2501 2528,2479 2529,2415 2460,2435 2424,2414 2319,2430 2233,2413 2174,2435 2083,2414 1954,2443 1910,2413 1846,2420"/>
                <Baseline points="1855,2476 1888,2477 1921,2477 1954,2478 1987,2479 2020,2479 2053,2479 2087,2480 2120,2480 2153,2480 2186,2480 2219,2481 2252,2481 2285,2481 2319,2481 2352,2481 2385,2481 2418,2481 2451,2481 2484,2481 2518,2481"/>
                <TextEquiv>
                    <Unicode>Der arme Teufel mit seinem Humor</Unicode>
                </TextEquiv>
            </TextLine>
            <TextLine id="r1l85" custom="readingOrder {index:84;}">
                <Coords points="342,2481 1614,2494 1614,2460 1534,2449 520,2428 343,2459"/>
                <Baseline points="352,2481 414,2481 477,2482 539,2482 602,2483 664,2483 727,2484 789,2484 852,2485 914,2485 977,2486 1040,2486 1102,2486 1165,2487 1227,2487 1290,2488 1352,2489 1415,2489 1477,2490 1540,2491 1603,2492"/>
                <TextEquiv>
                    <Unicode>ausgezeichnet in Einfachheit und Schlichte. Dennoch, ohne</Unicode>
                </TextEquiv>
            </TextLine>
            <TextLine id="r1l86" custom="readingOrder {index:85;}">
                <Coords points="1835,2514 1908,2533 1985,2517 2387,2541 2525,2517 2513,2485 1836,2486"/>
                <Baseline points="1845,2521 1878,2521 1912,2520 1945,2520 1979,2520 2012,2521 2046,2521 2079,2521 2113,2521 2146,2522 2180,2522 2213,2522 2247,2523 2280,2523 2314,2523 2347,2523 2381,2523 2414,2523 2448,2522 2481,2522 2515,2521"/>
                <TextEquiv>
                    <Unicode>Macht alle lächeln, die ihn umgeben.</Unicode>
                </TextEquiv>
            </TextLine>
            <TextLine id="r1l87" custom="readingOrder {index:86;}">
                <Coords points="344,2518 1620,2552 1604,2494 345,2485"/>
                <Baseline points="354,2524 416,2526 479,2528 542,2529 605,2530 668,2531 730,2532 793,2532 856,2532 919,2533 982,2533 1044,2533 1107,2533 1170,2534 1233,2534 1296,2534 1358,2535 1421,2535 1484,2536 1547,2537 1610,2539"/>
                <TextEquiv>
                    <Unicode>Schnitzler in seinem Können, auch wo es nur virtnos ist,</Unicode>
                </TextEquiv>
            </TextLine>
            <TextLine id="r1l88" custom="readingOrder {index:87;}">
                <Coords points="1840,2559 2586,2579 2586,2525 2544,2516 2401,2537 1841,2521"/>
                <Baseline points="1850,2558 1886,2558 1922,2558 1958,2558 1995,2559 2031,2559 2067,2561 2104,2562 2140,2563 2176,2564 2213,2565 2249,2566 2285,2567 2321,2567 2358,2568 2394,2567 2430,2567 2467,2565 2503,2564 2539,2561 2576,2558"/>
                <TextEquiv>
                    <Unicode>Er nießt und sieht mit einem „Gott helf“</Unicode>
                </TextEquiv>
            </TextLine>
            <TextLine id="r1l89" custom="readingOrder {index:88;}">
                <Coords points="351,2582 1627,2576 1627,2532 351,2521"/>
                <Baseline points="361,2573 423,2574 486,2575 549,2576 612,2577 674,2577 737,2577 800,2578 863,2578 925,2578 988,2578 1051,2579 1114,2579 1176,2579 1239,2579 1302,2580 1365,2580 1427,2581 1490,2582 1553,2584 1616,2585"/>
                <TextEquiv>
                    <Unicode>herabsetzen zu wollen, ich suche ihn lieber in seinem nenen</Unicode>
                </TextEquiv>
            </TextLine>
            <TextLine id="r1l90" custom="readingOrder {index:89;}">
                <Coords points="1838,2616 2372,2610 2406,2637 2445,2615 2602,2617 2602,2579 2455,2563 1839,2560"/>
                <Baseline points="1848,2600 1885,2599 1922,2600 1959,2600 1996,2601 2034,2601 2071,2602 2108,2603 2145,2604 2182,2604 2220,2605 2257,2606 2294,2606 2331,2607 2368,2607 2406,2607 2443,2607 2480,2607 2517,2606 2554,2606 2592,2604"/>
                <TextEquiv>
                    <Unicode>Den Engel wieder zum Himmel schweben.</Unicode>
                </TextEquiv>
            </TextLine>
            <TextLine id="r1l91" custom="readingOrder {index:90;}">
                <Coords points="356,2628 1617,2631 1551,2586 356,2586"/>
                <Baseline points="365,2620 427,2620 489,2621 551,2621 613,2622 675,2622 737,2622 799,2623 861,2623 923,2623 986,2624 1048,2624 1110,2624 1172,2625 1234,2625 1296,2626 1358,2627 1420,2628 1482,2629 1544,2630 1607,2632"/>
                <TextEquiv>
                    <Unicode>Novellenband „Die Frau des Weisen“ als in diesem „Ver¬</Unicode>
                </TextEquiv>
            </TextLine>
            <TextLine id="r1l92" custom="readingOrder {index:91;}">
                <Coords points="1851,2682 1925,2683 1967,2666 2000,2684 2022,2673 2050,2679 2068,2667 2111,2678 2110,2618 2092,2612 2061,2622 2031,2607 2009,2619 1956,2602 1924,2617 1902,2605 1878,2617 1850,2616"/>
                <Baseline points="1860,2647 1886,2648 1913,2648 1940,2647 1966,2645 1993,2644 2020,2643 2046,2643 2073,2645 2100,2649"/>
                <TextEquiv>
                    <Unicode>„Zu Dank</Unicode>
                </TextEquiv>
            </TextLine>
            <TextLine id="r1l93" custom="readingOrder {index:92;}">
                <Coords points="350,2666 1509,2693 1613,2686 1614,2637 350,2633"/>
                <Baseline points="360,2669 422,2668 484,2668 546,2667 608,2667 671,2667 733,2667 795,2668 857,2668 919,2668 982,2668 1044,2669 1106,2669 1168,2670 1230,2670 1293,2671 1355,2671 1417,2672 1479,2672 1541,2673 1604,2673"/>
                <TextEquiv>
                    <Unicode>mächtniß", in dem die beiden letzten Akte so übel das Ver¬</Unicode>
                </TextEquiv>
            </TextLine>
            <TextLine id="r1l94" custom="readingOrder {index:93;}">
                <Coords points="342,2738 1622,2749 1588,2680 343,2653"/>
                <Baseline points="352,2711 418,2712 484,2712 550,2713 617,2713 683,2714 749,2714 815,2715 882,2716 948,2717 1014,2718 1080,2719 1147,2719 1213,2720 1279,2721 1345,2721 1412,2722 1478,2722 1544,2723 1611,2723"/>
                <TextEquiv>
                    <Unicode>mächtniß des ersten antreten und die These von der freien</Unicode>
                </TextEquiv>
            </TextLine>
            <TextLine id="r1l95" custom="readingOrder {index:94;}">
                <Coords points="350,2753 669,2796 1189,2765 1475,2802 1614,2766 1566,2726 351,2727"/>
                <Baseline points="361,2760 423,2760 485,2761 547,2761 609,2761 671,2761 733,2761 795,2761 857,2761 919,2761 982,2761 1044,2762 1106,2762 1168,2762 1230,2763 1292,2764 1354,2765 1416,2767 1478,2768 1540,2770 1603,2773"/>
                <TextEquiv>
                    <Unicode>Liebe der freien Liebe des Künstlers recht unhold Ab¬</Unicode>
                </TextEquiv>
            </TextLine>
            <TextLine id="r1l96" custom="readingOrder {index:95;}">
                <Coords points="336,2812 424,2835 477,2815 501,2828 545,2820 567,2837 587,2825 610,2827 610,2765 584,2775 574,2764 546,2770 508,2759 403,2774 361,2755 336,2767"/>
                <Baseline points="346,2802 371,2803 396,2804 422,2805 447,2805 473,2806 498,2806 523,2806 549,2806 574,2806 600,2805"/>
                <TextEquiv>
                    <Unicode>bruch thut.</Unicode>
                </TextEquiv>
            </TextLine>
            <TextLine id="r1l97" custom="readingOrder {index:96;}">
                <Coords points="1083,2888 1124,2868 1144,2882 1190,2867 1285,2892 1365,2891 1511,2861 1511,2839 1485,2842 1463,2824 1334,2804 1290,2820 1246,2787 1187,2814 1135,2798 1084,2815"/>
                <Baseline points="1094,2852 1119,2856 1144,2859 1170,2862 1195,2863 1220,2863 1246,2864 1271,2864 1297,2863 1322,2863 1347,2862 1373,2862 1398,2861 1423,2862 1449,2863 1474,2863 1500,2866"/>
                <TextEquiv>
                    <Unicode>Ernst Heilborn.</Unicode>
                </TextEquiv>
            </TextLine>
            <TextLine id="r1l98" custom="readingOrder {index:97;}">
                <Coords points="1874,2929 1958,2972 2168,2978 2263,2948 2311,2969 2341,2947 2569,2967 2615,2960 2616,2903 2433,2873 2392,2893 2342,2878 2307,2910 2199,2871 1874,2892"/>
                <Baseline points="1884,2937 1920,2938 1956,2938 1992,2939 2028,2940 2064,2941 2100,2942 2136,2943 2172,2944 2208,2944 2245,2945 2281,2945 2317,2946 2353,2946 2389,2946 2425,2946 2461,2945 2497,2944 2533,2944 2569,2942 2606,2940"/>
                <TextEquiv>
                    <Unicode>Briefkalten der Redaktion.</Unicode>
                </TextEquiv>
            </TextLine>
            <TextLine id="r1l99" custom="readingOrder {index:98;}">
                <Coords points="1726,3041 2854,3063 2879,2995 1726,3001"/>
                <Baseline points="1735,3034 1791,3036 1848,3038 1904,3039 1961,3040 2018,3041 2074,3042 2131,3042 2188,3042 2244,3042 2301,3041 2358,3041 2414,3041 2471,3041 2528,3041 2584,3041 2641,3041 2698,3042 2754,3043 2811,3044 2868,3046"/>
                <TextEquiv>
                    <Unicode>Agrarisch ist Trumpf. Besten Dank für die Uebersendung</Unicode>
                </TextEquiv>
            </TextLine>
            <TextLine id="r1l100" custom="readingOrder {index:99;}">
                <Coords points="722,3054 832,3078 873,3059 904,3084 963,3085 1038,3057 1227,3083 1228,3021 1158,2999 1000,3020 963,2994 896,2987 854,3002 767,2982 723,2999"/>
                <Baseline points="732,3048 757,3049 783,3050 808,3050 834,3051 859,3052 885,3052 911,3053 936,3053 962,3054 987,3055 1013,3055 1038,3056 1064,3056 1090,3057 1115,3057 1141,3058 1166,3058 1192,3059 1218,3059"/>
                <TextEquiv>
                    <Unicode>L’ange gardien.</Unicode>
                </TextEquiv>
            </TextLine>
            <TextLine id="r1l101" custom="readingOrder {index:100;}">
                <Coords points="1620,3082 2865,3102 2811,3047 1620,3044"/>
                <Baseline points="1631,3074 1692,3076 1753,3078 1814,3080 1875,3081 1937,3082 1998,3083 2059,3084 2120,3085 2181,3085 2243,3085 2304,3085 2365,3085 2426,3085 2487,3085 2549,3085 2610,3084 2671,3084 2732,3084 2793,3084 2855,3084"/>
                <TextEquiv>
                    <Unicode>der Jade=Zeitung. Der Artikel gegen die Reichsbank trägt den be¬</Unicode>
                </TextEquiv>
            </TextLine>
            <TextLine id="r1l102" custom="readingOrder {index:101;}">
                <Coords points="1624,3127 2762,3161 2873,3136 2874,3103 1624,3080"/>
                <Baseline points="1635,3121 1696,3121 1757,3120 1819,3120 1880,3120 1942,3121 2003,3121 2064,3122 2126,3122 2187,3123 2249,3123 2310,3124 2371,3125 2433,3125 2494,3126 2556,3126 2617,3127 2678,3127 2740,3127 2801,3127 2863,3127"/>
                <TextEquiv>
                    <Unicode>kannten Stempel agrarisch=bimetallistischer Fabrikwaare. Aber: Silber</Unicode>
                </TextEquiv>
            </TextLine>
            <TextLine id="r1l103" custom="readingOrder {index:102;}">
                <Coords points="442,3120 629,3154 1599,3149 1599,3108 1392,3086 443,3092"/>
                <Baseline points="452,3128 508,3131 565,3133 622,3135 679,3136 736,3137 793,3138 849,3139 906,3139 963,3139 1020,3139 1077,3139 1134,3140 1191,3140 1247,3140 1304,3140 1361,3141 1418,3142 1475,3143 1532,3145 1589,3147"/>
                <TextEquiv>
                    <Unicode>Angeregt durch Sigmar Mehring's Artikel Lyriker</Unicode>
                </TextEquiv>
            </TextLine>
            <TextLine id="r1l104" custom="readingOrder {index:103;}">
                <Coords points="1614,3165 1684,3186 1730,3165 2204,3168 2244,3185 2291,3165 2291,3131 2263,3128 1614,3128"/>
                <Baseline points="1624,3161 1656,3161 1689,3160 1722,3160 1755,3160 1788,3161 1821,3161 1853,3162 1886,3162 1919,3163 1952,3164 1985,3165 2018,3165 2051,3166 2083,3167 2116,3167 2149,3168 2182,3168 2215,3168 2248,3168 2281,3168"/>
                <TextEquiv>
                    <Unicode>ist glücklicherweise nicht nehr Trumpf.</Unicode>
                </TextEquiv>
            </TextLine>
            <TextLine id="r1l105" custom="readingOrder {index:104;}">
                <Coords points="333,3181 1597,3198 1567,3147 553,3149 334,3111"/>
                <Baseline points="344,3172 406,3175 468,3178 530,3180 592,3182 654,3184 716,3185 779,3186 841,3186 903,3187 965,3187 1027,3187 1089,3187 1151,3187 1214,3187 1276,3187 1338,3187 1400,3188 1462,3188 1524,3189 1587,3190"/>
                <TextEquiv>
                    <Unicode>des Proletariats in Frankreich“ in Nr. 51 Jahrg. XV. der</Unicode>
                </TextEquiv>
            </TextLine>
            <TextLine id="r1l106" custom="readingOrder {index:105;}">
                <Coords points="1714,3223 2832,3248 2874,3239 2875,3162 2552,3188 2287,3159 2171,3195 1714,3169"/>
                <Baseline points="1724,3207 1781,3210 1838,3211 1895,3213 1952,3214 2009,3215 2066,3216 2123,3216 2180,3217 2237,3217 2294,3217 2351,3217 2408,3217 2465,3217 2522,3217 2579,3217 2636,3217 2693,3218 2750,3219 2807,3220 2865,3222"/>
                <TextEquiv>
                    <Unicode>W. C. in Frankfurt a. M. Ihre Uebersetzung bringen wir zum</Unicode>
                </TextEquiv>
            </TextLine>
            <TextLine id="r1l107" custom="readingOrder {index:106;}">
                <Coords points="349,3207 596,3247 1606,3248 1606,3198 1516,3187 349,3188"/>
                <Baseline points="358,3222 419,3224 481,3225 543,3227 605,3228 667,3229 729,3230 790,3231 852,3232 914,3232 976,3233 1038,3233 1100,3233 1162,3234 1223,3234 1285,3234 1347,3233 1409,3233 1471,3233 1533,3232 1595,3232"/>
                <TextEquiv>
                    <Unicode>Nation“ geht uns aus unserem Leserkreise folgende Ueber¬</Unicode>
                </TextEquiv>
            </TextLine>
            <TextLine id="r1l108" custom="readingOrder {index:107;}">
                <Coords points="1615,3249 1647,3261 1683,3260 1697,3269 1715,3260 1746,3263 1756,3257 1762,3264 1780,3260 1781,3226 1754,3215 1699,3225 1683,3208 1673,3213 1655,3200 1637,3204 1631,3197 1617,3197"/>
                <Baseline points="1625,3248 1654,3249 1683,3250 1712,3251 1741,3253 1771,3254"/>
                <TextEquiv>
                    <Unicode>Abdruck.</Unicode>
                </TextEquiv>
            </TextLine>
            <TextLine id="r1l109" custom="readingOrder {index:108;}">
                <Coords points="334,3284 1598,3288 1564,3241 335,3212"/>
                <Baseline points="344,3264 406,3266 468,3268 530,3269 592,3271 655,3273 717,3275 779,3277 841,3278 903,3279 966,3281 1028,3282 1090,3283 1152,3284 1214,3284 1277,3285 1339,3285 1401,3284 1463,3283 1525,3282 1588,3281"/>
                <TextEquiv>
                    <Unicode>setzung von Béranger's „Schutzengel“ zu, die dem sati¬</Unicode>
                </TextEquiv>
            </TextLine>
            <TextLine id="r1l110" custom="readingOrder {index:109;}">
                <Coords points="1724,3308 2270,3344 2558,3316 2667,3348 2736,3306 2736,3268 2476,3243 2228,3271 2156,3240 2089,3269 2061,3241 1823,3236 1724,3270"/>
                <Baseline points="1735,3302 1784,3303 1834,3304 1883,3305 1933,3306 1982,3307 2032,3307 2081,3308 2131,3308 2180,3308 2230,3308 2280,3309 2329,3309 2379,3309 2428,3310 2478,3310 2527,3311 2577,3311 2626,3312 2676,3314 2726,3315"/>
                <TextEquiv>
                    <Unicode>G. F. in Steglitz. Das Ziel ist gewiß erstrebenswerth.</Unicode>
                </TextEquiv>
            </TextLine>
            <TextLine id="r1l111" custom="readingOrder {index:110;}">
                <Coords points="340,3317 1536,3362 1605,3337 1606,3291 340,3270"/>
                <Baseline points="349,3310 411,3312 473,3314 535,3315 598,3317 660,3318 722,3319 785,3321 847,3321 909,3322 972,3323 1034,3324 1096,3325 1158,3326 1221,3326 1283,3327 1345,3328 1408,3329 1470,3330 1532,3331 1595,3332"/>
                <TextEquiv>
                    <Unicode>rischen Charakter des Gedichtes in folgender Weise beizu¬</Unicode>
                </TextEquiv>
            </TextLine>
            <TextLine id="r1l112" custom="readingOrder {index:111;}">
                <Coords points="323,3381 422,3368 515,3377 531,3389 571,3375 609,3388 630,3370 682,3368 683,3330 618,3333 606,3323 586,3337 552,3323 531,3337 519,3324 483,3334 350,3316 324,3328"/>
                <Baseline points="334,3360 360,3360 386,3361 412,3361 438,3361 464,3361 490,3362 516,3362 542,3363 568,3363 594,3363 620,3363 646,3363 672,3363"/>
                <TextEquiv>
                    <Unicode>kommen sucht:</Unicode>
                </TextEquiv>
            </TextLine>
            <TextLine id="r1l113" custom="readingOrder {index:112;}">
                <Coords points="558,3454 1238,3452 1238,3400 1168,3386 1109,3418 1047,3403 978,3420 938,3391 908,3413 761,3389 658,3415 616,3392 559,3400"/>
                <Baseline points="569,3440 603,3440 638,3442 673,3442 707,3443 742,3444 777,3445 811,3446 846,3446 881,3447 915,3447 950,3448 985,3448 1019,3449 1054,3449 1089,3449 1123,3449 1158,3449 1193,3449 1228,3448"/>
                <TextEquiv>
                    <Unicode>Ein lahmer Bettler im Krankenhaus</Unicode>
                </TextEquiv>
            </TextLine>
            <TextLine id="r1l114" custom="readingOrder {index:113;}">
                <Coords points="571,3478 656,3497 1290,3500 1291,3443 1267,3441 1245,3459 572,3456"/>
                <Baseline points="581,3482 616,3483 651,3484 686,3485 721,3486 756,3486 791,3487 826,3488 861,3488 896,3489 931,3489 966,3490 1001,3490 1036,3490 1071,3491 1106,3491 1141,3491 1176,3491 1211,3492 1246,3492 1281,3492"/>
                <TextEquiv>
                    <Unicode>Sieht seinen Engel ans Lager kommen,</Unicode>
                </TextEquiv>
            </TextLine>
            <TextLine id="r1l115" custom="readingOrder {index:114;}">
                <Coords points="553,3540 1408,3538 1408,3474 1243,3505 554,3492"/>
                <Baseline points="564,3526 605,3527 647,3528 689,3529 730,3529 772,3530 814,3531 855,3532 897,3533 939,3534 981,3534 1022,3535 1064,3535 1106,3536 1147,3536 1189,3536 1231,3536 1272,3535 1314,3534 1356,3533 1398,3531"/>
                <TextEquiv>
                    <Unicode>Und munter spricht er: „Daß jetzt sich bemüht</Unicode>
                </TextEquiv>
            </TextLine>
            <TextLine id="r1l116" custom="readingOrder {index:115;}">
                <Coords points="556,3580 1346,3578 1346,3539 556,3526"/>
                <Baseline points="566,3567 604,3568 643,3568 681,3569 720,3570 758,3571 797,3572 835,3573 874,3574 912,3574 951,3575 989,3575 1028,3576 1066,3576 1105,3576 1143,3576 1182,3576 1220,3575 1259,3574 1297,3573 1336,3572"/>
                <TextEquiv>
                    <Unicode>Hochwürden, kann mir nicht mehr frommen.</Unicode>
                </TextEquiv>
            </TextLine>
            <TextLine id="r1l117" custom="readingOrder {index:116;}">
                <Coords points="1698,3607 2820,3628 2859,3576 1698,3555"/>
                <Baseline points="1707,3598 1764,3600 1821,3601 1878,3601 1935,3602 1992,3602 2049,3603 2106,3603 2163,3603 2220,3603 2278,3603 2335,3603 2392,3604 2449,3604 2506,3605 2563,3606 2620,3607 2677,3608 2734,3610 2791,3612 2849,3614"/>
                <TextEquiv>
                    <Unicode>Wie in früheren Jahren hält die Expedition auch in</Unicode>
                </TextEquiv>
            </TextLine>
            <TextLine id="r1l118" custom="readingOrder {index:117;}">
                <Coords points="564,3618 1329,3622 1379,3652 1434,3645 1435,3579 564,3586"/>
                <Baseline points="574,3609 616,3610 659,3610 701,3611 744,3612 786,3613 829,3614 871,3614 914,3615 956,3616 999,3617 1041,3617 1084,3618 1126,3619 1169,3619 1211,3619 1254,3619 1296,3619 1339,3619 1381,3618 1424,3617"/>
                <TextEquiv>
                    <Unicode>Zu Dank hab' ich, alles in allem, nicht Grund:</Unicode>
                </TextEquiv>
            </TextLine>
            <TextLine id="r1l119" custom="readingOrder {index:118;}">
                <Coords points="552,3666 804,3686 1080,3657 1287,3691 1338,3671 1339,3623 553,3613"/>
                <Baseline points="563,3648 601,3649 639,3650 677,3651 716,3652 754,3653 792,3654 830,3655 869,3656 907,3657 945,3658 983,3658 1022,3659 1060,3660 1098,3660 1136,3660 1175,3661 1213,3661 1251,3661 1289,3660 1328,3660"/>
                <TextEquiv>
                    <Unicode>Leb' wohl, guter Engel, und bleibe gesund.“</Unicode>
                </TextEquiv>
            </TextLine>
            <TextLine id="r1l120" custom="readingOrder {index:119;}">
                <Coords points="1605,3647 2854,3663 2786,3616 1605,3611"/>
                <Baseline points="1614,3650 1675,3651 1736,3652 1798,3653 1859,3654 1921,3655 1982,3655 2044,3656 2105,3656 2167,3657 2228,3657 2289,3658 2351,3658 2412,3658 2474,3659 2535,3660 2597,3660 2658,3661 2720,3662 2781,3663 2843,3664"/>
                <TextEquiv>
                    <Unicode>diesem Jahre Einbanddecken für den abgelaufenen (XV.) Jahr¬</Unicode>
                </TextEquiv>
            </TextLine>
            <TextLine id="r1l121" custom="readingOrder {index:120;}">
                <Coords points="1619,3719 2862,3718 2862,3663 1619,3657"/>
                <Baseline points="1628,3705 1689,3705 1750,3705 1811,3706 1872,3706 1934,3706 1995,3706 2056,3706 2117,3707 2178,3707 2240,3707 2301,3707 2362,3707 2423,3707 2484,3708 2546,3708 2607,3708 2668,3709 2729,3709 2790,3709 2852,3710"/>
                <TextEquiv>
                    <Unicode>gang in zwei Farben (braun und grün) zum Preise von 1 Mark</Unicode>
                </TextEquiv>
            </TextLine>
            <TextLine id="r1l122" custom="readingOrder {index:121;}">
                <Coords points="563,3710 658,3742 1335,3739 1335,3716 1249,3674 1184,3702 1114,3670 922,3695 856,3665 749,3694 695,3660 564,3664"/>
                <Baseline points="574,3723 611,3725 649,3726 686,3727 724,3728 761,3729 799,3730 836,3730 874,3730 911,3731 949,3731 986,3731 1024,3732 1061,3732 1099,3733 1136,3734 1174,3735 1211,3736 1249,3737 1286,3739 1324,3741"/>
                <TextEquiv>
                    <Unicode>Bin denn, geboren auf ärmlichem Stroh,</Unicode>
                </TextEquiv>
            </TextLine>
            <TextLine id="r1l123" custom="readingOrder {index:122;}">
                <Coords points="1608,3762 2858,3766 2858,3734 2735,3717 1608,3722"/>
                <Baseline points="1618,3752 1679,3753 1740,3754 1802,3755 1863,3755 1925,3755 1986,3755 2048,3755 2109,3755 2171,3755 2232,3755 2293,3755 2355,3756 2416,3756 2478,3756 2539,3757 2601,3758 2662,3759 2724,3761 2785,3762 2847,3764"/>
                <TextEquiv>
                    <Unicode>per Stück vorräthig. Alle Buchhandlungen nehmen Aufträge</Unicode>
                </TextEquiv>
            </TextLine>
            <TextLine id="r1l124" custom="readingOrder {index:123;}">
                <Coords points="552,3772 814,3792 915,3767 1324,3806 1445,3785 1446,3735 1351,3723 1282,3749 553,3736"/>
                <Baseline points="563,3771 606,3771 650,3771 693,3772 737,3772 781,3773 824,3774 868,3775 911,3776 955,3777 999,3777 1042,3779 1086,3779 1129,3780 1173,3780 1217,3781 1260,3781 1304,3781 1347,3781 1391,3781 1435,3780"/>
                <TextEquiv>
                    <Unicode>Ein Sohn ich dem Gott, den die Pfaffen lehren?“</Unicode>
                </TextEquiv>
            </TextLine>
            <TextLine id="r1l125" custom="readingOrder {index:124;}">
                <Coords points="1602,3809 2758,3839 2857,3818 2858,3780 1602,3783"/>
                <Baseline points="1613,3806 1674,3805 1736,3805 1798,3805 1859,3805 1921,3805 1983,3805 2044,3805 2106,3806 2168,3806 2230,3807 2291,3807 2353,3808 2415,3809 2476,3810 2538,3811 2600,3812 2661,3812 2723,3814 2785,3815 2847,3816"/>
                <TextEquiv>
                    <Unicode>entgegen; bei direktem Bezuge von der Expedition bitten wir</Unicode>
                </TextEquiv>
            </TextLine>
            <TextLine id="r1l126" custom="readingOrder {index:125;}">
                <Coords points="550,3814 1173,3831 1233,3820 1234,3790 1024,3772 551,3782"/>
                <Baseline points="561,3816 594,3815 627,3814 660,3814 693,3814 726,3814 759,3814 793,3815 826,3816 859,3817 892,3818 925,3819 958,3820 991,3821 1025,3821 1058,3822 1091,3823 1124,3823 1157,3823 1190,3823 1224,3822"/>
                <TextEquiv>
                    <Unicode>„Ja, sagt der Engel, „ich sorgte stets,</Unicode>
                </TextEquiv>
            </TextLine>
            <TextLine id="r1l127" custom="readingOrder {index:126;}">
                <Coords points="1606,3874 2023,3848 2152,3894 2342,3863 2648,3897 2874,3860 2825,3819 1606,3819"/>
                <Baseline points="1616,3853 1678,3854 1740,3855 1803,3855 1865,3856 1927,3856 1990,3856 2052,3857 2114,3857 2177,3857 2239,3857 2301,3857 2364,3857 2426,3857 2488,3858 2551,3858 2613,3859 2675,3860 2738,3862 2800,3864 2863,3866"/>
                <TextEquiv>
                    <Unicode>neben dem Betrage von 1 Mark die Packet=Portokosten mit</Unicode>
                </TextEquiv>
            </TextLine>
            <TextLine id="r1l128" custom="readingOrder {index:127;}">
                <Coords points="560,3855 890,3882 1233,3859 1390,3898 1430,3894 1431,3798 1258,3799 1197,3830 560,3815"/>
                <Baseline points="570,3853 612,3853 655,3854 697,3854 740,3855 782,3856 825,3856 867,3857 910,3857 952,3858 995,3859 1037,3859 1080,3860 1122,3861 1165,3861 1207,3862 1250,3863 1292,3863 1335,3864 1377,3864 1420,3865"/>
                <TextEquiv>
                    <Unicode>Daß Fäulniß nicht konnte dies Stroh verzehren.“</Unicode>
                </TextEquiv>
            </TextLine>
            <TextLine id="r1l129" custom="readingOrder {index:128;}">
                <Coords points="566,3913 652,3922 664,3910 699,3928 739,3905 773,3905 795,3919 826,3903 844,3907 844,3881 828,3875 802,3883 764,3858 727,3866 687,3858 661,3874 633,3857 566,3861"/>
                <Baseline points="576,3899 601,3897 627,3896 653,3895 678,3895 704,3895 730,3895 755,3896 781,3897 807,3899 833,3900"/>
                <TextEquiv>
                    <Unicode>„Zu Dank.</Unicode>
                </TextEquiv>
            </TextLine>
            <TextLine id="r1l130" custom="readingOrder {index:129;}">
                <Coords points="1595,3918 1676,3904 1740,3939 1795,3915 1841,3938 1896,3940 1958,3919 1998,3941 2039,3923 2039,3885 1983,3862 1965,3874 1813,3873 1793,3859 1765,3877 1733,3854 1674,3868 1596,3855"/>
                <Baseline points="1606,3902 1632,3903 1658,3904 1685,3905 1711,3905 1737,3906 1764,3907 1790,3907 1817,3908 1843,3908 1869,3908 1896,3908 1922,3908 1948,3907 1975,3906 2001,3906 2028,3904"/>
                <TextEquiv>
                    <Unicode>50 Pf. einzusenden.</Unicode>
                </TextEquiv>
            </TextLine>
            <TextLine id="r1l131" custom="readingOrder {index:130;}">
                <Coords points="766,4031 2398,4028 2356,3982 766,3974"/>
                <Baseline points="776,4007 856,4009 937,4010 1017,4011 1098,4012 1178,4013 1259,4014 1339,4015 1420,4015 1500,4016 1581,4016 1662,4016 1742,4016 1823,4017 1903,4017 1984,4017 2064,4017 2145,4018 2225,4018 2306,4018 2387,4019"/>
                <TextEquiv>
                    <Unicode>Verantwortlicher Redakteur: Otto Böhme in Berlin. — Druck von H. S. Hermann in Berlin SW., Beuthstraße 8.</Unicode>
                </TextEquiv>
            </TextLine>
            <TextEquiv>
                <Unicode>box 16/3
10. Das Vernaechtnis
Freilich, es fehlen da der These zu Liebe auch die blaffenden
„Das Betteln war mein einziges Erb',
Tendenzgeschöpfe nicht. Der Bräutigam der Tochter, der Ver¬
Als ich jung und verwahrlost hinaustrat ins Leben.“
treter der Wohlanständigkeit und der spießbürgerlichen
„Ja, sagt der Engel, „doch hab' ich dir selbst
Moral, ein Adoptivkind künstlerischer Gestaltungskraft, dem
Den Bettelsack eines Mönches gegeben.“
„Zu Dank.
Sauer dennoch über die Klippen der Unmöglichkeit forthalf,
und eine Schwägerin (Lonise Dumont), die auf dem großen!
„Kaum war ich Soldat und im Fener kaum,
Horn der freien Weltanschauung bläst. Diese beiden sind
Da that ein Schuß dieses Bein mir rauben.“
wie die Gestalten auf alten Bildern: ein Zettel hängt aus
„Ja, sagt der Engel, „sonst hätte gar beid
ihrem Munde, drauf ihr Lebensmotto nebst ihrer poctischen.
Die Gicht dich geplagt, das kannst du glauben.“
Sendung zu lesen ist.
„Zu Dank
Sehr geschickt aber sind wiederum der zweite und
dritte Akt kontrastirt. Solange das Kind lebt, neigt alles
Einst mischte auch gleich der Richter sich ein,
zu Liebe und Versöhnlichkeit, und das Vermächtniß des
Als ich für den Feiertag Wein mir genommen.“
Todten wird geehrt; erst wie es todt ist, will man auch die
„Ja, sagt der Engei, „doch da ich bat,
Mutter nicht mehr vor Augen haben. Sehr geschickt ist
Hast du nur ein Jahr Gefängniß bekommen.“
„Zu Dank
diese Kontrastirung, denn sie bringt Abwechslung und zeigt
die Charaktere von beiden Seiten; aber ist sie auch wirklich¬
 Bei Venus hab' ich nur heimlich geraubt,
keitsecht? Ich hege Zweifel, ob man im gutbürgerlichen
Doch, was ich erbeutet, war unreif immer.“
Haushalt das „Kind der Sünde“ rückhaltlos lieben wird;
„Ja,“ sagt der Engel, „aus Scham allein
aber das mag dahinstehen. Nicht recht begründet schien
Hab' ich dich verlassen schon vor dem Zimmer.“
mir die Verzweiflung und mit ihr der freiwillige Tod der
½
„Zu Dank
Geliebten, als man sie aus einem Haus entfernte, in dem
sie sich doch nicht geachtet wußte. Der Verachtung ihres
„Eine Hexe nahm ich zum Eheweib;
Vaters hatte sie einst getrotzt, und hier? Diese Tragik
Hatt' nicht nur von ihrem Leichtsinn zu leiden.“
hat kurze Beinchen und muß deshalb auf Stelzen schreiten.
„Ja, sagt der Ergel, „bei Mann und Frau,
Arthur Schnitzler ist ein Künstler mit reichem lyrischen
Da mischen wir mie uns in Streitigkeiten.“
Empfinden
„Zu Dank
jener Lyrik der jungen Wiener, die von
Leide
dem großen
der kleinen
Lebensfreuden
„Ein Greis, über jede Reue hinaus,
weiß,
und dem Scharfblick des erfahrungssichern
Kann ich noch auf Erden ein Glück erringen?“
Psychologen. Aber das ist das Merkwürdige: wo er als
„Ja, sagt der Engel, „dein Todtenhemd
Künstler versagt, bleibt immer noch ein Virtnos voll Verve
Und einen Priester will ich dir bringen.“
übrig und kühler Treffsicherheit. Das ist eine Doppel¬
„Zu Dank
# 65
begabung, die für seine Zukunft besorgt machen kann, ihm
aber für den Augenblick den Erfolg von beiden Seiten
„Werd' ich im Himmel selig sein,
gleichsam sichert. Und nicht kärglich wurde er von den Dar¬
Soll ich in der Hölle ewig klagen?“
stellern des Deutschen Theaters unterstützt. Reicher, Sauer,
Ja, sagt der Engel, „oder auch nein.
Rittner (er starb ein wenig zu gemächlich), Winterstein und
Die Würfel werden 's dir sicher sagen.“
„Zu Dank
Else Lehmann, alle ganz auf ihren Posten, und in einer
kleinen namenlosen Rolle als „ein Arzt", Max Reinhardt
Der arme Teufel mit seinem Humor
ausgezeichnet in Einfachheit und Schlichte. Dennoch, ohne
Macht alle lächeln, die ihn umgeben.
Schnitzler in seinem Können, auch wo es nur virtnos ist,
Er nießt und sieht mit einem „Gott helf“
herabsetzen zu wollen, ich suche ihn lieber in seinem nenen
Den Engel wieder zum Himmel schweben.
Novellenband „Die Frau des Weisen“ als in diesem „Ver¬
„Zu Dank
mächtniß", in dem die beiden letzten Akte so übel das Ver¬
mächtniß des ersten antreten und die These von der freien
Liebe der freien Liebe des Künstlers recht unhold Ab¬
bruch thut.
Ernst Heilborn.
Briefkalten der Redaktion.
Agrarisch ist Trumpf. Besten Dank für die Uebersendung
L’ange gardien.
der Jade=Zeitung. Der Artikel gegen die Reichsbank trägt den be¬
kannten Stempel agrarisch=bimetallistischer Fabrikwaare. Aber: Silber
Angeregt durch Sigmar Mehring's Artikel Lyriker
ist glücklicherweise nicht nehr Trumpf.
des Proletariats in Frankreich“ in Nr. 51 Jahrg. XV. der
W. C. in Frankfurt a. M. Ihre Uebersetzung bringen wir zum
Nation“ geht uns aus unserem Leserkreise folgende Ueber¬
Abdruck.
setzung von Béranger's „Schutzengel“ zu, die dem sati¬
G. F. in Steglitz. Das Ziel ist gewiß erstrebenswerth.
rischen Charakter des Gedichtes in folgender Weise beizu¬
kommen sucht:
Ein lahmer Bettler im Krankenhaus
Sieht seinen Engel ans Lager kommen,
Und munter spricht er: „Daß jetzt sich bemüht
Hochwürden, kann mir nicht mehr frommen.
Wie in früheren Jahren hält die Expedition auch in
Zu Dank hab' ich, alles in allem, nicht Grund:
Leb' wohl, guter Engel, und bleibe gesund.“
diesem Jahre Einbanddecken für den abgelaufenen (XV.) Jahr¬
gang in zwei Farben (braun und grün) zum Preise von 1 Mark
Bin denn, geboren auf ärmlichem Stroh,
per Stück vorräthig. Alle Buchhandlungen nehmen Aufträge
Ein Sohn ich dem Gott, den die Pfaffen lehren?“
entgegen; bei direktem Bezuge von der Expedition bitten wir
„Ja, sagt der Engel, „ich sorgte stets,
neben dem Betrage von 1 Mark die Packet=Portokosten mit
Daß Fäulniß nicht konnte dies Stroh verzehren.“
„Zu Dank.
50 Pf. einzusenden.
Verantwortlicher Redakteur: Otto Böhme in Berlin. — Druck von H. S. Hermann in Berlin SW., Beuthstraße 8.</Unicode>
            </TextEquiv>
        </TextRegion>
    </Page>
</PcGts>
