3436 4256
1271 196 1836 311 box 16/2
159 214 1214 315 10. Das Vermaechtnis
457 1067 551 1148 S
256 1144 2586 1218 herbe und starke Charakteristikerin, ihre Verbindung mit die Züge mit einem Schleier verhüllt. Der Gefangene kann
2604 1149 3321 1224 Sie werden nicht hungern, solangem
261 1193 1427 1262 dem Burgtheater an. Es wird ihr wohl noch Manches
1439 1192 2596 1259 das Antlitz, das sich zu ihm herabbeugt, kaum erkennen. Bald
2590 1212 3310 1264 die Augen meines Karl aus den S
253 1237 1432 1313 zu danken haben. Frau Hohenfels gab der Fran¬
1440 1243 2600 1310 ist es ihm, als seien es die Züge und die Augen eines Kindes,
2607 1250 3306 1333 blicken.“ Und als die Frau geendet,
1430 1287 2593 1350 bald glaubt er ein altes verrunzeltes Gesicht zu sehen. Ueber
2601 1294 2883 1361 entfloh'n
270 1296 1435 1364 ziska innere Poesie, nachdem die der Erscheinung zu
1433 1323 2596 1404 die Lippen der Spukgestalt kommt es wie Worte, und er lauscht,
273 1340 1424 1409 schwinden beginnt und wuchs im dritten Acte ganz
2689 1328 3317 1411 Und sie schwirrte weiter durch
1432 1373 2600 1434 und hört ein Raunen. Gelsterhaft klingt es an sein Ohr: „Du
256 1395 1429 1453 gewaltig. Frau Schratt war rührend und echt
2607 1379 3312 1453 mausflügeln. Da stieß sie an ein gi
1434 1408 2593 1472 kennst mich nicht, aber höre mich an! Ich bin die Reue, die
2602 1436 3322 1493 Haus, das mitten in einem herrliche
259 1444 1430 1508 als Toni. Herr Paulsen ist nicht aus dem
1440 1462 2599 1508 natürliche Tochter der Sünde und des Gewissens. Mein
2603 1478 3328 1542 die Damastvorhänge eines offen stehen
266 1491 1440 1551 Holze der großen Schauspieler geschnitzt; er begnügte
1436 1497 2589 1562 Vater weint über mich, meine Mutter flucht mir, ich bin
2593 1518 3315 1577 das röthliche Licht einer Ampel. Di
256 1532 1441 1596 sich damit, aus dem gleichen Materiale zu sein; Herr
1438 1543 2589 1601 hinausgestoßen in die weite Welt. Da kniete ich in
2602 1572 3319 1635 Schlafgemach, dessen Einrichtung v
260 1570 1433 1638 Treßler überraschte als Hugo durch den ergreifenden
1434 1587 2596 1653 meiner Verlassenheit vor Gottes Thron, und der Allvater in
2603 1608 3308 1671 Reichthum seiner Bewohner zeugte.
260 1628 1431 1688 Realismus seines Sterbens, den ihm Niemand zugetraut
1434 1635 2590 1686 seiner Güte segnete mich und sprach zu mir: „Zieh hin zu
2604 1652 3317 1715 zogenen Pfühl wälzte sich ein junger
1436 1681 2596 1743 den sündigen Kindern der Menschen und erleichtere ihre
266 1685 1434 1751 hätte. Herr Hartmann als Professor Losatti gab
2604 1704 3295 1760 her. Und die Reue setzte sich an
1440 1727 2594 1787 Herzen und beuge die Unbeugsamen. Vertraue mir, ich will
260 1728 1370 1782 seine erste Großvaterrolle. Das muß gelernt sein -
2612 1743 3317 1795 „Laß mich bei Dir verweilen, ich ken
1435 1762 2591 1832 Deine Schuld Dir tragen helfen, gönne mir einen Platz in
255 1770 1426 1828 aber es ging ganz prächtig. Hoffentlich bleibt er bei dem
2604 1786 3326 1852 Stirne kühlen. Deine Schläfen bren
1435 1809 2442 1877 Deinem Herzen, ich bin mit dem kleinsten zufrieden.“
264 1822 1429 1893 Fach. In Nebenrollen machten sich Fräulein Medelsky,
2598 1828 3317 1897 der Dich umgibt, hast Du m
1521 1861 2583 1932 Die bärtigen Lippen des Mannes umspielte ein höhni¬
2607 1864 3173 1936 erkauft. Das Weib, das
3159 1871 3267 1941 in
257 1877 1427 1924 Fräulein Bleibtreu, Herr Römpler bemerklich; Herrn
1438 1907 2586 1958 sches Lächeln. „Wenn Du die Reue bist, so bist Du ein un¬
2602 1907 3318 1974 Schlafe an Deiner Seite ruh
256 1926 1424 1984 Devrients Dr. Schmitt war schneidig wie Stahl
1436 1947 2590 2001 nützes Ding auf der Welt, hebe Dich hinweg von mir! Soll
2599 1962 3324 2028 Geschöpf mit hohlem Herzen und Hir
264 1979 1427 2041 und Fräulein Metzl als Jüngste des Hauses Losatti
1434 1991 2599 2065 ich etwa bereuen, daß ich den Schänder meiner Ehre, den
2608 1995 3316 2052 herrlichste Jüngling, bist zeitlebens
263 2030 1425 2087 gab eine gute Charge. Zusammenspiel und Bühnenein¬
1430 2043 2595 2099 Verführer meines Weibes niederschoß, wie einen tollen Hund.
2602 2046 3321 2102 Du es nicht, daß bei Dir mein Platz
263 2073 1428 2135 richtung waren trefflich — trotzdem besorgen wir; man
1441 2088 2586 2136 Soll ich etwa bereuen, weil mich die Feigen und Kurzsich¬
2600 2086 3319 2155 Mann unterbrach sie: „Was ich geth
267 2116 1352 2200 wird dieses „Vermächtniß“ nicht antreten wollen.—
1439 2118 2587 2198 tigen verurtheilten, weil sie mich in diese Kerkermauern ge¬
2606 2133 3317 2197 schnöder Habgier gethan, jene Stunde
1447 2167 2596 2230 sperrt haben, schuldlos bin ich und trotze dem Geschick, das
2597 2187 3310 2244 als mein greiser Vater vor mir auf
1436 2214 2592 2263 mich gehöhnt hat, ich kenne Dich nicht.“ Und der Mann
2601 2224 3331 2271 ein Kind schluchzte. Der alte Name
1439 2255 2337 2326 wandte sich vom Fenster und die Reue entfloh
2319 2263 2434 2317 ** *
636 2211 1051 2339 Die Reue.
2606 2264 3328 2327 Ehrenhaftigkeit meines edlen Vaters, ##
2596 2296 3324 2365 worden, wenn sich keine Hilfe gefunde
1536 2300 2589 2367 Das Kind der Sünde und des Gewissens irrte in der
339 2304 1430 2394 Eine düstere Nacht lagert über dem großen unheimlichen
2602 2356 3321 2409 deten Verluste zu ersetzen, dem gän
1434 2353 2585 2414 Nacht umher, Da kam es in ein finsteres enges Gäßchen,
261 2372 1429 2437 Hause, das Menschen beherbergt, die vom Wege abgewichen
2595 2385 3323 2455 mögens vorzubeugen. Und Tausende
1439 2400 2587 2460 eine traurige Stätte, wo die Enterbien des Glückes ihr
274 2421 1425 2482 sind, welchen die Gesetze einzäunen, die von Noth oder Laster
2596 2435 3324 2508 Brot verloren, wenn meines Vaters
1431 2446 2593 2499 jammervolles Dasein fristen. In einer Kellerwohnung brannte
268 2469 1433 2529 Letrieben, Hand an des nächsten Gut gelegt haben, oder gar
2585 2491 3319 2549 Da habe ich dieses Weib, das mich
1437 2486 2594 2541 ein spärliches Licht, und durch die Fensterlucke flatterte die
247 2504 1427 2576 Fsölche, die Gottes Gebot übertreten haben: Du sollst nicht
2588 2523 3325 2589 geheiratet, und mit dem Reichthum
1440 2534 2585 2590 Reue hinein und setzte sich zu der vergrämten Frau und er¬
266 2557 1431 2603 tödten. In den Schatten der Nacht verschwimmen die Um¬
2595 2577 3314 2630 Vaters Thränen getrocknet, und die 9
1432 2576 2589 2640 zählte ihr ihre Lebensgeschichte und bat um Unterkunft, um All¬
264 2590 1429 2651 risse des Gefängnisses. Ringsum Stille, da und dort, in den
2596 2611 3325 2683 jener Tausenden gewendet. Soll mich
1444 2607 2589 2683 vaters Geheiß erfüllen zu können. Sie flüsterte der Gramvollen zu:
263 2643 1425 2698 kahlen weiten Sälen, wo die Geächteten im Schlafe liegen,
1439 2661 2587 2716 Gedenkst Du der Zeit, als Du, die schöne Müllerstochter,
2679 2666 3321 2733 Müde und verzweifelt irrte die
268 2686 1430 2735 ein Seufzer, er mag einen schweren Traum von einer ge¬
1441 2687 2589 2757 die Begehrteste auf dem Tanzboden warst, als die wackersten
2598 2694 3323 2779 es denn Niemand, dessen Herz sich ihr
251 2727 1422 2779 quälten Brust abwälzen. Dazwischen das phlegmatische
1427 2746 2597 2803 Burschen des Dorfes um Deine Hand warben? Du aber
2593 2755 3321 2812 Reue einzulassen, wußte denn Jederm
256 2764 1421 2834 Schnarchen solcher, welchen diese Umgebung längst zur Ge¬
1435 2795 2586 2857 nahmst den Bettelmusikanten, der mit den süßen Weisen
2604 2802 3326 2857 für sein Thun? Erschöpft ließ sich die
252 2825 1426 2879 wohnheit geworden ist. In den Einzelzellen die Ruhe und
1436 2838 2587 2905 seiner Fiedel Dein Herz bethörte, der Dich in seine Noth
2593 2844 3315 2905 einer Bank in einem öffentlichen Gart
267 2865 1418 2917 Finsterniß des Grabes. Nur in einer einzigen rasche regel¬
1431 2878 2593 2948 und sein Elend hinabzog, der Dich hungernd zurückließ, als
2601 2888 3323 2954 sie neben sich ein noch ganz junges M
260 2907 1422 2967 mäßige Schritte, als wollte sich der lebendig Begrabene müde
1427 2920 2589 2993 das letzte Lied seiner kranken Brust entsloh. Dort schlummert sein
2595 2934 3314 2991 sammengekauert, vom Frost der Nach
263 2953 1367 3020 laufen, um auf dem harten Lager Schlummer zu finden.
1437 2971 2582 3033 kostbares Vermächtniß, dein ältester Knabe und die Zwillinge,
2594 2985 3327 3043 zarten Schultern bebten wie durch
341 3007 1414 3059 Es ist ein Mann im Anfange der Dreißiger, mit düster¬
1429 3002 2589 3082 und Du hast deine weißen Hände wund gearbeitet. und kannst doch
2598 3014 3277 3069 Schluchzen. „Ah, die Unglückliche,“
255 3023 1426 3110 glühenden Augen, die jetzt durch das kleine vergitterte Fenster
1431 3060 2582 3121 kaum für das tägliche Brot sorgen. In bitterster Verzweiflung
2591 3064 3322 3118 „ich weiß, wie sie hieher kommt. Nach
258 3088 1420 3146 in die Nacht hinausblicken mit einem trotzigen Gesichtsaus¬
1426 3095 2586 3165 hat er Dich zurückgelassen. Bereust Du es, ihn geheiratet zu
2589 3115 3323 3175 worfen, ihr werde ich willkommen sein
254 3133 1419 3196 druck, der ungebändigte Kraft und wilde Leidenschaft verräth.
1429 3141 2580 3207 haben?“ Die bleiche Frau unterbricht das Geflüster des
2593 3151 3320 3208 eindringlich dem Mädchen zu, das er
259 3178 1421 3243 Er lehnt seine Schläfe gegen die Mauer der Fensternische,
1425 3183 2585 3251 Geistes, sie hat ihr Haupt stolz erhoben, und wie ein
2594 3192 3250 3260 erfüllten Augen zu ihr aufblickte.
263 3218 1284 3287 dann stützt er den Kopf in die Hand, träumte? ...
1431 3232 2593 3305 sonniges Lächeln fliegt es über ihre bleichen Züge:
2588 3222 3312 3289 geworden durch eigene Schuld.“ In
332 3270 1414 3333 Da mit einem Mal ein leises Rauschen, als käme es
1434 3262 2588 3339 „Nein, ich bereue es nicht, mein Karl hat mich lieb
2585 3285 3319 3348 Mädchens blitzte es auf wie heiße G
268 3324 1421 3381 durch die Nachtluft daher zu dem einsamen Gefangenen, und
1420 3327 2580 3382 gehabt. Wir waren glücklich, und die Pfänder unserer
2590 3323 3329 3378 Lippen trotzig aufgeworfen, antwortete
269 3365 1419 3417 wie ein kühlender Hauch umspielt es seine brennende Stirne.
1429 3364 2583 3419 Liebe sind mir das kostbarste Vermächtniß; und mögen
2591 3375 3328 3445 denke der unvergeßlichen Stunden voll
270 3409 1421 3473 Auf dem Gesimse der Fensteröffnung kniet eine kleine Gestalt.
1409 3390 3324 3477 meine Finger bluten, ich werde für seine Kinder sorgen.] an seiner Seite. Wie oft hat er mir
