3484 4384
1423 51 1889 113 gssseen
1805 113 2106 171 Teisphen Il. ###.
1239 118 1546 192 Berlin N. 24
1493 215 1873 287 Ausschnitt aus
1258 307 2070 407 Aeeangnischer Corresponder:
1312 368 1383 408 1#
1457 577 1968 663 Beruner Cheater.
1142 638 1848 701 Aus Berlin wird uns geschrieben:
1153 699 2355 755 hk. Die Aufführung von Artur Schnitzlers dreizehn¬
1090 730 2355 774 jährigem Schauspiel „Das Vermächtnis“ war fast eine
1083 770 2348 816 Premiere — und wichtiger, als einige Dutzend Premieren. Das
1092 812 2347 857 Stück schien dem Theaterpublikum so gut wie unbekannt. Der
1093 849 2348 894 sehr schmerzhafte erste Akt ist einst als unerträglich empfunden
1089 893 2352 930 worden. Es stirbt nach einem Sturz vom Pferde, der Sohn des
1081 933 2359 988 Hauses im Kreise der Familie. Das Flackern und Erlöschen des
1088 973 2356 1017 Lebens dehnt sich qualvoll, Wimmern und Weinen erfüllt die Luft.
1083 1016 2358 1052 Im Todeskampf ringt sich vom Herzen des jungen Mannes die
1096 1043 2357 1095 Sorge um sein Liebstes los, um sein geliebtes Mädchen und seinen
1081 1087 2348 1149 vierjährigen Knaben. Damit die beiden nicht zu Grunde gehen,
1091 1127 2361 1186 fleht er seine Eltern an, Mutter und Kind ins Haus zu nehmen.
1078 1157 1616 1209 „Das ist sein Vermächtnis.
1153 1185 2357 1252 Auch bei der Aufdeckung des vom Schutt rascher Zeiten schon
1074 1236 2352 1311 begrabenen Dramas griff die mit dem realistischen Auge des
1089 1288 2347 1336 Arztes und des Dichters fürchterlich treu geschaute Sterbeszene
1086 1321 2353 1365 die Nerven und Gemüter der Zuschauer grausam an. Aber das
1089 1371 2357 1416 Publikum der Neuen Freien Volksbühne (im „Neuen Volks¬
1091 1400 2353 1458 theater“, unter Edgar Lichos Leitung, wurde das Stück pracht¬
1090 1436 2358 1500 voll gegeben) scheut ernste Erschütterungen nicht so wehleidig, wie
1089 1477 2356 1536 die Verwöhnten, die sich, wenn sie vor der ernsten Wahrheit die
1091 1512 2354 1568 Augen schließen, über die „traurige Erfindung Leben“ täuschen zu
1087 1562 2362 1631 können glauben. Und hier begegnete auch der ätzenden Anklage
1083 1607 2078 1655 des melancholischen Dramas ein inniges Verstehen.
1165 1622 2361 1694 Ein Tendenzstück ist Schnitzlers „Vermächtnis“ nur im Sinne
1084 1684 2367 1737 der Ibsenschen Bekenntnisdichtungen. Denn so wenig wie bei
1090 1721 2357 1768 Ibsen, verschiebt oder verzerrt die Tendenz eine Linie der Cha¬
1093 1762 2363 1805 rakterzeichnung bei Schnitzler. Ibsen ist hart und Schnitzler
1088 1801 2358 1858 weich; doch in der Epigonenliteratur finden wir laum ein zweites
1084 1840 2391 1887 Drama, das bei aller Wesenseigenart dem Geiste und der Technik 1
1086 1888 2351 1946 des Meisters so nahebürtig wäre, wie dieses Schnitzlersche Schau¬
1089 1950 2354 2002 spiel. Der Geist Ibsens zeigt sich vor allem darin: Nicht etwa
1089 1992 2352 2039 Ausbünde von Schlechtigkeit stellt der Dichter als Typen der Ge¬
1088 2026 2350 2074 sellschaft entgegen den standhaften Menschen, die sich mit ihrer
1092 2067 2356 2128 großen Liebe außerhalb der Gesellschaft befinden. (Der Verstor¬
1091 2120 2362 2164 bene und seine ungetraute Gefährtin.) O, im Gegenteil! Im¬
1089 2155 2359 2197 merhin zu den besseren Durchschnittsmenschen gehören die meisten
1098 2192 2352 2245 Herren und Damen der Familie Losatti, die Eltern und Geschwi¬
1091 2226 2355 2276 ster, denen der Sterbende seinen zärtlichen letzten Willen ver¬
1092 2277 2357 2320 macht hat. Das Oberhaupt des Hauses, der Professor und
1091 2307 2357 2345 liberale Abgeordnete, ist allerdings ein eitler Schwätzer, ein
1090 2345 2360 2397 Phraseur der Vorurteilslosigkeit, ein egoistischer Weltknecht (ein
1088 2387 2362 2449 Hjalmar Ekdal in anderem Lebensalter und anderer Berufszone);
1082 2425 2361 2479 der Schwiegersohn ist allerdings ein streberischer Tugendbündler,
1081 2464 2357 2519 ein Heiliger des guten Rufes; Mutter und Tochter sind allerdings
1087 2504 2362 2554 mehr zaghaft und sittenfromm, als stark im Herzen. Trotzdem
1088 2545 2355 2610 ist es kaum die Schuld dieser moralfeigen Bourgeois, daß sie, im
1085 2581 2348 2639 bequemen Schoß ihrer Legitimitäten und vererbten Tugenden,
1092 2620 2371 2675 von dem selbstverständlichen Mut der seltenen Menschen nichts
1087 2661 2377 2722 ahnen, die ihr Glück und ihr Recht, wenn es sein muß, dem bür¬
1096 2698 2366 2751 gerlichen Gesetz abtrotzen. Schnitzler hält keine Bergpredigt für
1092 2750 2376 2788 die freie Liebe und gegen das Standesamt. Politiker streiten für
1093 2777 2193 2831 soziale Axiome, ein Dichter versteht, daß es nichts Allg
2308 2779 2376 2829 8
2319 2825 2366 2871 1
1101 2815 2187 2865 gibt und, gemessen an Persönlichkeiten und Schicksal, für d
1091 2857 2184 2919 gut ist, was für den anderen schlecht. Dem Hochmut de
2320 2888 2368 2953 t
1091 2902 2220 2958 schaftlichen Gerichtes, das keine Achtung hat vor der Persön
1093 2938 2384 3011 und ihrem Zwange, der lieblosen, sittsamen Unsittlichkeit gilt sein
1100 2980 1420 3034 bitterer Gram.
1168 2996 2370 3067 Es vollzieht sich so selbstverständlich: Um des Knäbleins willen
1097 3048 2364 3095 entschließt sich die Familie, das Vermächtnis des Sohnes und
1108 3098 2363 3148 Bruders zu erfüllen, Mutter und Kind bei sich aufzunehmen.
1104 3138 2364 3180 Man dünkt sich sehr hochherzig, man prahlt mit den empfangenen
1110 3177 2368 3224 Nadelstichen der Bekannten (ein trauriger Kleinmut, der derlei
1103 3215 2373 3265 überhaupt wahrnimmt!), man behandelt die junge Frau, der
1103 3265 2376 3300 man doch reichsten Dank schuldet für des Sohnes Glück und ihr
1107 3288 2373 3340 reines Opfer, mit seufzender Nachsicht. Aber das Kindchen stirbt,
1109 3329 2372 3372 Und jetzt ist die kodifizierte Tugend losgelöst von den Banden
1097 3371 2359 3413 des Bluts. Die „Mätresse“ des Sohnes paßt nicht mehr in das
1101 3411 2372 3455 ehrsame Haus; man schüttelt sie ab. Die Verlassene geht in den
1109 3446 2382 3495 Tod. Die männlichen Vorkämpfer der Aufklärung zucken die
1103 3485 2369 3544 Achseln; doch die Frauen wenigstens sind von Schuld erschüttert.
1101 3527 2370 3570 Die Tochter des Hauses weist dem korrekten Bräutigam die Tür,
1097 3562 2364 3629 und zur Mutter spricht sie: „Wir sind feig gewesen, wir haben
1103 3603 2359 3647 es nicht gewagt, sie so lieb zu haben, wie sie es verdient hat.
1112 3645 2377 3693 Gnaden haben wir ihr erwiesen, Gnaden — wir! Und hätten
1100 3677 1577 3745 einfach gut sein müssen.“
1178 3702 2370 3761 Ob dieses Schicksal und diese Worte anklingen im Innern
1109 3756 2374 3814 der Gutbürgerlichen, die dem Götzen der Reputation Glück und
1103 3798 2372 3856 Leben der Nächsten zu schlachten bereit sind? Im Volks¬
1115 3844 2377 3888 theater fand das feinfühlige Drama ein leidenschaftliches
1113 3883 2371 3924 Echo. Es war aber auch vortrefflich und nicht etwa vergröbert
1103 3923 2367 3965 gespielt worden. Das Neue Volkstheater ist dem Gedanken ge¬
1109 3957 2138 4018 weiht: „Für das Volk ist das Beste gerade gut genug.“
