3484 4480
1429 276 1893 375 box 16/4
215 289 1282 407 10. Das Vernaechtnis
413 1119 3369 1192 der Handlung bildet: als das Geschick der kleinen Schmierenkomödiantin, Familienordnung exekutiren soll. Nur Agnes' Mutter bleibt Tonials Emmy Winte
416 1173 3003 1256 die moralisch intakt, gesellschaftlich vogelfrei i, die von der Leiche treu, die Majestät des Todes läßt die legitime Wittwe ihre Trauer
2981 1183 3369 1251 Dagegen paßte, ob
1682 1230 2983 1287 mit dem Schmerz der illegitimen solidarisch empfinden gegenüber
2985 1233 3362 1301 recht gut für den
413 1216 1466 1286 des Verlobten, der für sie gestorben, fortgejag wird.
500 1283 3379 1353 Das neueste Drama Schnitzlers setzt da ein, wo die beiden den Kleinlichkeiten der Sitte. Emmy Winter bricht mit ihren Ver= Einzelnen vortreffli
1707 1328 2989 1387 wandten und will Toni zu sich nehmen. Aber — und das ist
418 1330 1715 1401 anderen aufhören; mutatis mutandis hätte es eine Fortsetzung der
2979 1322 3382 1395 Botz seine kleine 9#
1702 1364 2992 1430 wieder ein feiner Zug — ihre Tochter widersetzt sich, denn mit dem
421 1372 1704 1445 „Liebele:“ abgeben können. Der Dr. jur. Hugo Losatti, Sohn
2980 1374 3375 1444 figur, aus der Frl.
1712 1416 2991 1475 Tode des Kindes ist in dem jungen Mädchen ein unbestimmtes
414 1419 1708 1481 eines Professors der Nationalökonomie und Abgeordneten, hat eine
2987 1421 3382 1490 Frl. Jurberg bra
1708 1475 2991 1542 Gefühl von Eifersucht und Abscheu gegen Toni erwacht. Toni
422 1469 1720 1535 heimliche Liebschaft mit dem süßen Mädel Toni Weber. Nach einer
2982 1474 3366 1549 (Agnes Winter) in
1707 1524 2986 1581 wird mit ihrem Elend in die Einsamkeit hinausgestoßen. Sie giebt
2990 1512 3385 1599 Ausdruck. Frl. 9
412 1516 1706 1595 langen Exposition, in welcher Agnes Winter ihre Liebe zu Vetter
1702 1569 2989 1635 sich den Tod. Aber im Sterben feiert sie noch einen Sieg, denn
2983 1558 3378 1633 alle Scenen, in d
411 1562 1712 1620 Hugo, zugleich ihr Talent zur Eifersucht verräth, und Franzi, Hugos
1707 1619 2983 1688 ihr Tod vollendet Franzis Umwandlung und läßt sie mit ihrem
2988 1613 3354 1699 nett und frisch
423 1617 1716 1671 Schwester, diese Liebe ermuthigt, obgleich sie weiß, daß Hugo Toni
1700 1662 2084 1724 Verlobten brechen.
425 1667 1704 1722 liebt und einen fünfjährigen Buben von ihr hat — nach einer um¬
2982 1665 3268 1731 (Hugo) rief
1764 1718 3376 1782 Die Situation, in der wir einen ganzen Theaterabend fest= Uneingeschränktes Lo
421 1713 1718 1786 ständlichen, redseligen Exposition bricht wie ein Blitz aus heiterem
1707 1761 2982 1823 gehalten werden, wirkt trotz den Schrecken des Todes, die sie im
2978 1764 3377 1838 aus dem ersten Akt
423 1756 1713 1817 Himmel der Tod in das harmlose Geplauder der jungen Leute.
1696 1794 2997 1870 ersten Akte mit großer realistischer Technik und Stimmungskunst vor¬
3042 1803 3376 1882 Das Stück erzi
420 1817 1710 1886 Hugo, der mit dem Pferde gestürzt, wird sterbend in das Vaterhaus
422 1861 3381 1925 gebracht. Seine Lippen stammeln ein letztes Bekenntniß, eine letzte bereiten, doch immer etwas gekünstelt oder wenigstens problemhaft, geringen äußeren
427 1916 3372 1972 Bitte: er hat ein Kind, das bittet er die Eltern zu sich zu wie denn überhaupt das Drama mehr als „Liebelei“ und selbst wenn es auch in
413 1956 3357 2031 nehmen und die Mutter von dem Kinde nicht zu trennen. Die mehr noch als „Freiwild“ etwas Problemhaftes hat. Viel tragen Künstlers verräth.
1700 1998 3388 2071 zu diesem Eindruck die langen Kannegießereien bei, die zum Unglück und Motive herbeit
414 2012 1707 2067 gutmüthige, doch energielose und ruheliebende Frau Losatti schwört,
423 2064 3379 2125 das „Vermächtniß“ zu erfüllen, der Vater, ein professoraler Pe=gerade an den Stellen sich breit machen, wo innere oder äußere demonstrirend, gesta
413 2100 3351 2178 dant mit der Pose des Edelmuths und Freisinns, hört auf, zu dramatische Entwickelung vorwärts treiben sollte, namentlich gegen dem Niveau seiner
2966 2156 3306 2228 herabsinken will.
1696 2148 2989 2210 Ende des Werkes. Sie wirken um so fataler, als sie für Jeder¬
415 2138 1705 2214 widersprechen, und Franzi hat das süße Mädel und ihr Kind schon aus
1705 2197 2998 2259 mann selbstverständlich sind und Jedermann den Lauf der Dinge von
412 2208 1695 2266 der Ferne vom Sehen lieb gewonnen. Toni und der Kleine werden
1696 2245 2989 2315 Anfang an im Großen und Ganzen vorhersieht. Das Prohlem¬
417 2250 1696 2314 geholt. Hugo stirbt; Mutter und Kind bleiben. Nun demonstrirt
1702 2282 3000 2366 hafte, das Surrogat, drängt das dürftige Künstlerische in den
409 2299 1703 2357 uns Schnitzler in zwei weiteren Akten die von Anfang an Jedem
1705 2343 2999 2399 Hintergrund. Das Episodische, das für die beiden ersten
417 2352 1696 2417 einleuchtende Unhaltbarkeit dieser Situation. In holder, rührender
1691 2387 2992 2453 Stücke gewann, fehlt hier beinahe gänzlich, aber nicht zum
415 2397 1698 2459 Hilflosigkeit sitzt das „süße Mädel“ unter den noblen Leuten und
405 2432 2996 2509 läßt sich dankbar von der Lüge ihres Edelmuthes zu Boden drücken. Vortheil der Gesammtwirkung. Die handelnden Personen
405 2494 2992 2538 Der Professor thut lieb mit ihr und macht ihr seine Leutseligkeit bewegen sich und sprechen mit ziemlicher Lebendigkeit, aber sie sind
414 2537 2993 2604 auch begreiflich. Seine Frau gewi## sie des Enkels wegen beinahe alle, selbst die beste, ich meine die des Professors, nur soweit aus¬
416 2572 3010 2663 gern, Franzi sympathiesirt mit ihr n ihrer großen Hingebung willen; geführt, als ihr Motivchen reicht, das Uebrige ist leer gelassen, wies
409 2616 2999 2685 ebenso Agnes' Mutter, die n., immer untröstlich den Tod ihres die Rückseite der Theaterkoulissen. Die Milieukunst Schnitzlers kam
414 2681 3005 2761 Mannes beklagt; und Agnes, großherzig genug, schließt mit der Leidens= diesmal gar nicht zur Empfindung. Vielleicht lag das an der
418 2728 3005 2794 genossin, nicht mehr Nebenbuhlerin, Freundschaft in der Liebe zu Hugos unvortheilhaften Besetzung zweier Hauptrollen, des Professors Losatti
425 2775 2994 2849 Kinde. Nur einen gehässigen Gegner hat Toni: Dr. Schmidt, den und der Toni Weber, die beide technisch vorzüglich, aber wohl kaum
1688 2820 3011 2917 im Sinne des Autors gespielt wurden und darum vielleicht die richtige
429 2835 1708 2898 Heusarzt, Franzis Bräutigam; denn der Streber und Parvenn haßt
1697 2879 2406 2952 Anschauung nicht aufkommen ließen.
417 2878 1718 2941 und verachtet die Proletarierin, die sich selbst verschenkte, und er
1760 2898 3003 2986 Denn Frl. Illing, welche als Toni ganz Vortreffliches bot,
420 2924 1718 3000 fürchtet ihren Einfluß auf Franzi, die ohne Neigung seinen Antrag
1697 2965 2998 3053 ganz ähnlich wie sie damals trotz ihrer kraftvoll herben Persönlich=
418 2979 1543 3056 annahm und nun das Glück der Liebe zu ahnen beginnt.
487 3010 3001 3094 Im Anfang geht Alles leidlich. Die Eltern gefallen sich inkeit die Käthe Vockerat verkörperte, sie stellte zwar ein gebrochenes,
1699 3076 2989 3135 mitleiderregendes Weib vor uns hin, aber nicht das süße Mädel,
417 3070 1711 3132 ihrer Mission, aber bald wird diese ihnen recht lästig, da die gute
1699 3109 3004 3186 das in seiner Hilfslosigkeit mit jeder Bewegung, jedem Worte rührt.)
422 3117 1709 3180 Gesellschaft sich empört von ihnen abwendet. Das Kind hätte man
1695 3168 3007 3223 Der Milieuwirkung fehlte so das Ausgangscentrum. Der Losatti
424 3175 1699 3233 sich zur Noth gefallen lassen, aber die Mutter! Dr. Schmidt ge¬
1695 3200 2992 3284 des Herrn Lehrmann war in seiner Art wieder einmal eine ganz
411 3228 1708 3285 lingt es, sie noch der Pietätlosigkeit gegen ihren alten bösartigen
1696 3262 2997 3325 außerordentlich tüchtige, klug und sicher angelegte Leistung, die nur
409 3263 1713 3332 Vater zu verdächtigen, den sie Hugo zu Liebe verließ, und der
406 3294 3000 3370 dann grollend einsam starb. Der Tod des kleinen Franz bringt hier und da vielleicht in der Edelmuthspose ein wenig zu starke
420 3367 2999 3426 diese Verwickelungen schnell zum Ende. Der Professor und seine nnfreiwillige Komik entwickelte. Aber er war ein viel zu energischer,
1696 3412 2993 3471 scharf markirter Norddeutscher, nicht der weiche schwankende Wiener,
419 3415 1709 3475 Frau wenden sich nun von Toni ab, Franzi wird schwankend.
410 3458 2989 3524 Mit einer Geldabfindung wollen die Alten Toni abschütteln. Und der noch gemüthlich erscheint, wenn er taktlos poltert. Dem rohen
1695 3502 2992 3579 Pedanten des ersten Aktes, der überhaupt unwahrscheinlich wirkte,
409 3510 1710 3582 es ist ein feiner Zug des Dichters, daß Schmidt, welcher der Familie
403 3552 2990 3626 noch gar nicht angehört, ihr nur durch eine Konvenienzehe beizu=glaubte man nicht seine Gutmüthigkeit am Anfang des zweiten.
404 3601 3013 3685 treten hofft, an dem unglücklichen Weibe den Spruch der legitimen Auch Fräulein Gabri, unsere meisterhafte Sprecherin, war
