3436 4256
1395 170 1858 277 box 16/2
198 174 1267 304 10. Das Vermaechtnis
149 1479 3228 1724 un uni ichen uen elerigsien inseren inen i er in un gesenchen, eit denmelish mentige Reimenigtit. msng und Ginde aine
167 1691 1114 1782 frnisse vorgesunden, die Toni aus dem Hause
1097 1698 2161 1758 bewegtes Zungengefecht übergegangen, in dem keine
2162 1704 3223 1761 Schauspiels sind zwei Punkte, die nur durch
1102 1730 2170 1800 der Parteien für den Zuschauer Sieger bleibt. Eine
2150 1745 3222 1813 eine einzige gerade Linie verbunden werden können.
160 1761 1096 1859 Vom zweiten Acte ab ist sie völlig passiv. Um
1092 1793 2168 1855 der gefährlichsten Formen liegt vor: die Tragödie
2156 1810 3236 1867 Hier gibt es mannigfache Möglichkeiten der Führung
164 1845 1099 1902 rum ziehen sich die drohenden Gewitter zu¬
1103 1850 2160 1905 der gleichen Berechtigungen. Dem Naturrechte steht
2168 1844 3221 1917 und Lösung, wie sie eben epischen Stoffen eigen sind.
166 1891 1105 1968 n: die Mutter kann es nicht ganz verwinden,
1095 1897 2159 1974 das Recht der Ehe und das Recht des Erbes, auf
2160 1890 3228 1976 In der Erzählung hätte sich das Gegenspiel ruhig
151 1948 1090 2019 Sohn an dieses Mädchen verloren zu haben,
1102 1947 2156 2016 denen sich der modern Staat aufbaut, in gleicher
2158 1929 3226 2003 über die Hauptfigur hinweg entwickeln können,
165 1990 1100 2066 Vater declamirt komödiantisch von seinen
1095 2007 2160 2072 Stärke gegenüber. Man kann das innigste Verständ¬
2145 1994 3233 2066 da wären auch manche nicht genug deutliche Motive
162 2036 1097 2109 en und hat, wenn er ihre gesellschaftlichen
1101 2046 2162 2107 niß für das gefallene Mädchen haben, den unlegi¬
2156 2038 3236 2109 ausgearbeitet zu Tage getreien, wie z. B. das äußerst
150 2092 1097 2164 kerigkeiten betont, eigentlich schon die versteckte
1087 2075 2163 2173 timen Sprößling mit aller Liebe aufnehmen — aber
2160 2095 3213 2156 fein gedachte Zurückweichen der Agnes vor Toni
208 2141 1097 2194 sie abzuschütteln, der Freier Franziska's,
1100 2143 2157 2215 die Grenze zwischen der Frau und der Geliebten
2163 2147 3224 2212 im dritten Acte Wieder hat Schnitzler gezeigt, daß
155 2184 1106 2261 Schmidt, ist von vorneherein der gehässigste
1087 2201 2148 2258 läßt sich durch Thesen und durch zuweilen bedenklich
2162 2192 3227 2270 der Erzähler in ihm noch immer stärker als der
166 2240 1098 2294 auch der ehrlichste Feind des unbequemen
1094 2245 2159 2307 verallgemeinernde Sätze, wie sie hier der dritte Act
2153 2237 3218 2312 Dramatiker ist: ein Kennzeichen dafür ist es, daß
158 2281 1101 2357 enzuwachses. Da will das Verhängniß wieder,
1096 2287 2164 2354 bringt, nicht verwischen. Schließlich steigen sogar
2145 2286 3206 2349 ihm, wie in der „Liebelei“ auch im „Vermächtniß“.
155 2333 1102 2408 uch das Kind stirbt, und damit wagt sich, was
1096 2333 2160 2400 Bedenken an der Voraussetzung auf, ob Hugo wirklich
2144 2331 3216 2402 der erste Act weitaus am besten gelungen ist. Dieser
202 2385 1096 2454 den Platz der Fremden im Hause an¬
1097 2389 2147 2456 Toni zu seiner Gattin gemacht hätte. Sowie bisher,
2152 2388 3224 2453 gleicht immer auf's Haar einer jener meisterhaften
150 2425 1097 2502 e, offen an's Tageslicht. Obwol sie sich nicht
1096 2434 2157 2499 hätte der 26jährige. mit Geld reichlich versehene
2165 2438 3222 2502 Skizzen, wie er sie jüngst wieder in seiner Samm¬
157 2484 1097 2555 ugo's Hause trennen will, wird sie erbarmungs¬
2155 2483 3223 2566 lung: „Die Frau des Weisen“ gegeben hat. Was
152 2527 1099 2611 nausgestoßen, sie endet durch Selbstmord, wie
1096 2429 2154 2603 sur Manesenige. Senen Gesden Gate 8e
2155 2536 3220 2593 folgt, erscheint wie eine aufgezwungene Ver¬
149 2579 582 2645 ine es gethan hatte.
1099 2568 2156 2644 Dichter hat sich seine Aufgabe noch dadurch erschwert,
2150 2585 3226 2653 längerung und verliert sich in ein etwas mühsames
154 2620 1089 2703 Endem der Dichter seine Toni ganz zur leiden¬
1087 2633 2159 2700 daß er durchaus Partei ist: alle die Argumente,
2152 2633 3221 2710 Rechenexempel. Schnitzler ist noch nicht langathmig
157 2677 1096 2756 estalt, gegen die nur gesündigt wird, schuf,
1097 2688 2165 2767 welche gegen das Verbleiben Toni's im Hause
2145 2691 3214 2752 genug für das Drama. Es ist ein Beweis für
165 2716 1082 2799 sie im dramatischen Interesse ungemein her¬
1093 2732 2157 2798 sprechen, hat er Personen in den Mund gelegt, die
2152 2732 3224 2817 seine epische. Begabung, daß er sich solche, nicht in dem
160 2772 1096 2850 ückt. Wie er den Stoff ausführte, ward ihm
1096 2768 2153 2837 von vorneherein durch chargirte Zeichnung Unrecht
2152 2781 3216 2859 dramatischen Werke selbst abzuschließende Stoffe
161 2827 1092 2891 der zweite Todesfall eine Nothwendigkeit;
1090 2833 2158 2901 haben sollen: dem in's Komische hinüberspielenden
2152 2833 3224 2909 wählt, wie auch im „Freiwild“ die Duellfrage.
156 2877 1091 2945 indem er das Kind ebenfalls opferte, hat er
1089 2871 2146 2949 Vater Losatti und dem Bösewicht Dr. Schmidt. So
2157 2868 3217 2948 Es gleicht darin Paul Heyse, der im „Ehrenwort“.
163 2928 1084 2996 Eindruck der Peinlichkeit nur noch ver¬
1082 2934 2154 2999 wird der Zuschauer mißtrauisch, er discutirt die
2148 2930 3220 3014 unter Anderen dergleichen viel deutige Conflicte
188 2960 1086 3052 und sich einem modernen Schicksals¬
1093 2983 2336 3044 Frage selber, und kommt zu anderen zweifelhaften aufgriff.
168 3022 1096 3104 in bedenklicher Weise genuhert. Von einer
1090 3009 2148 3097 und zweifelnden Antworten. Mithin fehlt dem Stücke
2244 3013 3217 3104 Habeich den Weg an und für sichnicht mit Schnitzler
160 3079 3217 3163 hen Handlung mit sich entwickelnden Charak= gerade das, was das Drama macht: Die über= gehen können, so stehe ich keinen Augenblick an, rück¬
