3436 4480
632 98 963 173 W
1578 91 2497 181 schaunten umnisenen aursel serstle ee esce
618 137 1568 215 Versprechen, das die bestürzten Eltern dem sterbenden
1567 162 2517 237 Herr Schmidt und Herr v. Wymetal das We¬
615 174 1568 251 Hugo geben, ist ja nicht wie Fuhrmann Henschels
1569 205 2524 272 sentliche. Herr Schmidt hätte als Losatti der unfrei¬
621 230 1566 294 treuherzige Zusage eine Offenbarung des inneren
1567 257 2588 323 willigen Komik der gespreizten Selbstgefälligkeit und 3
613 278 1560 342 Menschen, in der sich das beste Theil des Wesens zu¬
1577 289 2524 367 der biegsamen Grundsätze einen noch freieren Lauf
613 317 1560 405 sammenfaßt, sondern ein aus der Situation heraus¬
2529 340 2574 398 1
1570 352 2525 424 lassen können; aber die Grundzüge des Charakters
621 370 1571 434 gequältes, von Schreck und Pein eingegebenes Wort
1578 390 2535 464 waren gut getroffen, der Gegensatz zwischen der ge¬
623 418 1571 498 der Beruhigung. Es soll auch nicht mehr sein, als die
1585 440 2528 511 wandten Repräsentation und der inneren Hohlheit
620 459 1566 518 Maschine, die die Frage aufrollt und die bürgerliche
1577 504 2534 557 that seine Schuldigkeit. Herr v. Wymetal wußte das
615 505 1578 596 Welt in Bewegung versetzt. In Wahrheit handelt es
1577 538 2534 608 grämlich=nüchterne, philiströs=selbstbewußte Wesen des
617 558 1564 622 sich um Recht und Anspruch der Frau, die nach kirch¬
1588 584 2524 650 unerquicklichen Dr. Schmidt consequent festzuhalten.
631 603 1576 668 lichem und bürgerlichem Brauche nicht Gattin heißt,
1581 634 2528 699 Frl. Erl trat für die Franzi mit frischem Tempera¬
626 649 1578 732 aber ihren Mann glücklich macht und alle Pflichten
1585 675 2534 748 mente ein. Im letzten Acte überschrie sie sich ein
628 709 1579 766 der Gattin und Mutter in hingebungsvoller Weise
1582 728 2537 793 wenig, aber es war Natur in dieser überschäumenden
632 747 1570 812 erfüllt. Nicht nach der juristischen Seite hin, sondern
1586 787 2533 846 Kraftäußerung, die nicht ohne Widerhall blieb. Frl.
628 796 1576 866 nach der des Gefühles wird diese große Frage aufge¬
1588 819 2536 894 Immisch brachte in der weiblichen Hauptrolle
624 850 1572 913 worfen. Meisterhaft sind die Charaktere gezeichnet,
1599 864 2537 935 Empfindung genug ins Spiel und zeigte Verständniß
623 894 1571 969 die zu dem Problem Stellung nehmen, sind vorge¬
1589 920 2534 986 für den prunklosen Ton einer ehrlichen Natur; aber
636 938 1576 1019 täuschte und echte Empfindungen gegeneinander ge¬
1597 965 2552 1027 ihr ganzer Habitus und die Klangfarbe ihrer Stimme
640 983 1583 1056 halten. und wenn zuletzt die jugendliche Sprecherin,
1593 1012 2551 1083 sind dem Eindruck des Schlicht=Volksthümlichen nicht
639 1032 1575 1108 der der Autor die stärksten Naturlaute der eigenen
1591 1048 2553 1124 günstig — Frl. Fasser hätte Vergangenheit und Wesen
634 1084 1579 1159 Empfindung auf die Lippen zu legen scheint, für das
1596 1101 2550 1173 der Heldin lebhafter in die Vorstellung gerufen. Herr
629 1120 1589 1207 Naturrecht des treuliebenden Weibes eintritt und die
1600 1130 2557 1224 John gab die Sterbescene recht ergreifend, nur das
630 1179 1588 1244 Vorstellung von sich weist, daß irgend etwas, „was
1604 1200 2542 1281 Uibermaß kräftiger Bewegungen war in mehr als
642 1232 1588 1284 einen guten Menschen glücklich macht, eine Sünde
1589 1233 2551 1318 einer Beziehung von Uibel. Frl. Baumgart hatte
637 1272 1592 1349 sein kann“, gelingt es dem Dichter, mit sich fortzu¬
1597 1293 2550 1366 als Emma Winter den rechten vornehmen Ton inner¬
628 1322 1594 1398 reißen. Demonstrativer Beifall bei offener Scene be¬
1609 1346 2564 1414 licher Uiberlegenheit, Frl. Urfus vermittelte den
636 1366 1591 1438 zeugte bei der Erstaufführung diese Wirkung. Aber
1601 1387 2563 1459 Charakter der Agnes mit Verständniß, nur etwas zu
642 1408 1587 1477 mit einem einzigen gewaltigen Stück ist die Frage
1604 1442 2565 1514 kleinlaut, und Frl. Ehrhardt war, soweit sie das
642 1459 1594 1529 nicht zu lösen. Das ist nur eine momentane Befrei¬
1599 1490 2561 1560 Wort verständlich brachte, in der Mutterrolle ganz
637 1510 1600 1580 ung des Gefühles, keine Entwirrung des Problems.
1612 1535 2567 1606 leidlich. Entschiedenes Lob verdienen Herr Tauber,
642 1556 1596 1624 Der Autor hat das selbst empfunden und in einer feinen
1600 1580 2570 1651 der für das schlichte Wesen des theilnehmenden
646 1605 1598 1670 Wendung angedeutet. So sehr er die Personen, die sich
1601 1648 2570 1705 Freundes die rechte Empfindung zeigte, und Frl.
637 1649 1601 1727 kleinlich und eugherzig gegenseine Heldin verhalten, in
645 1681 2573 1768 den Schatten stellt, ein sokelles Licht er auch über] Bardi, die den Gymnasiasten mit guter Laune gab.
1599 1729 2566 1821 Der sehr günstige Erfolg des Schauspiels wurde be¬
646 1744 1539 1804 die Menschen der freieren Empfindung ausgießt,
642 1773 1906 1853 hat er es doch nicht versäumt, auch in das Natur reits festgestellt.
1750 1798 2590 1914 Neues dntsd Shestelck
634 1849 1608 1914 recht des Gewordenen und Uiberlieferten hineinzus#
637 1901 1612 1961 leuchten. Die herzhafte, gefühlvolle Agnes erklärt zu¬
646 1950 1607 2010 letzt, mit Toni nicht zusammenleben zu wollen; ihr
646 1981 1619 2053 Gefühl sträubt sich dagegen und wenn darin auch die
650 2038 1619 2111 späte Eifersucht, die nach dem Tode des geliebten
642 2079 1623 2152 Kindes frei wird, mitwirken mag, so liegt doch in
641 2130 1618 2190 dieser Eifersucht selbst ein gewisser, nicht recht zum
650 2181 1609 2243 Bewußtsein gelangter Mädchenstolz, eine stille Auf¬
647 2219 1621 2290 lehnung der rückhaltenden, entsagungskräftigen Liebe
644 2250 1624 2338 gegen die schrankenlose und hingebende um jeden
658 2319 1617 2376 Preis. Dieser leise Naturlaut ist den kräftigeren der
649 2377 1618 2448 Franzi hinzugesellt. Ein Ursprüngliches kämpft gegen
655 2422 1623 2492 ein Ursprüngliches, das Recht der Scham gegen das
655 2467 1617 2529 Recht der Leidenschaft, die verschlossene Mädchen¬
657 2523 1625 2580 haftigkeit gegen diefrücksichtslose Weiblichkeit. Psychische
650 2575 1616 2623 Yhänomene streiten da gegen einander und im Sinne
657 2605 1631 2685 dieser offenen Frage, die so fein angedeutet ist, hätte
647 2659 1625 2726 der Autor schließen und das letzte Wort wie in
648 2706 1620 2783 „Liebelei“ dem Gefühl des Zuschauers überlassen
658 2748 1624 2818 sollen. Aber es drängt ihn zuletzt zu einer hand¬
647 2788 1630 2864 festeren Wirkung hin, und um das Urtheil über die
655 2859 1635 2919 Gesellschaft zu einem vernichtenden zu machen
663 2880 1629 2949 läßt er die Heldin an der Grausamkeit, die sie ver¬
651 2942 1630 3004 stößt, zu Grunde gehen. Diese Uibertreibung der
654 2990 1622 3068 Tendenz rächt sich: der Schluß des Stückes über¬
657 3033 1628 3104 redet, aber er überzeugt nicht. Soviel der Autor
657 3093 1624 3150 gethan hat, diesen Schluß zu motiviren, hat man
661 3136 1616 3200 zuletzt doch das Gefühl, daß Toni nicht aus Ver¬
656 3186 1629 3247 zweiflung, sondern für den Autor, für die Tendenz
668 3230 1629 3300 in den Tod geht. Es kommen ja Ausnahmsmenschen
653 3281 1624 3347 vor, die durch die übermäßige Furcht vor einem ver¬
671 3324 1644 3404 hältnißmäßig kleinen Uibel in den Tod getrieben
662 3381 1623 3443 werden. Vor Jahren wurde hier von einem Sol¬
670 3417 1626 3490 daten berichtet, der Hand an sich legte, weil ihm
662 3482 1633 3535 wegen einer geringfügigen Unterlassung der Verweis
661 3519 1634 3585 eines Vorgesetzten bevorstand. Aber das sind patho¬
669 3567 1627 3626 logische, keineswegs tragische Fälle. Toni fühlt selbst,
665 3619 1638 3683 daß sie eine Fremde im Hause des Vermächtnisses
669 3654 1634 3728 geworden, sie hat sich da im Grunde immer fremd
669 3723 1640 3787 gefühlt, — und nachdem sie den Tod des Gatten
670 3765 1636 3822 und des Kindes überstanden, sollte sie der Abschied
680 3801 1666 3889 von dieser ungastlichen Stätte in den Selbstmord!
