3436 4384
1429 141 1888 245 box 16/6
217 162 1288 265 10. Das Vernaechtnis
794 1331 1433 1427 —
184 1404 3266 1465 hältniß mit einem aus kleinbürgerlicher Familief Losatti'sche Familie einen willkommenen Anlaß, sich man nicht ab und zu vom Prater oder sonst einer
174 1461 3260 1519 tammenden jungen Mädchen Toni Weber. Dem jaller Verpflichtungen gegen das verlassene, unglück= Wiener Spezialität gehört hätte, so hätte man sich
181 1511 2224 1568 Bunde entsproß ein hübscher Knabe, 4 Jahre ist erliche Weib ledig zu erklären. Durch Dr. Schmidt
2204 1504 3267 1579 ebenso gut nach Berlin versetzt fühlen können wie
182 1540 2216 1609 hlt. Da wird durch des Schicksals rauhe Hand das läßt man Toni mittheilen, daß nun ihres Bleibens
2211 1558 3266 1616 nach Wien. Im Uebrigen war die Darstellung
183 1603 3258 1652 tille Glück der Liebenden zerstört. Hugo Losatti im Hause Losatti nicht mehr auf die Dauer sein theilweise als recht gut zu bezeichnen. Scharf heraus¬
183 1634 2225 1711 türzt bei einem Spazierritt und wird sterbend seinen kann, daß man aber außerhalb des Hauses in mate¬
2204 1654 3263 1712 gearbeitete Charaktere waren der Prof. Losatti des
176 1691 3269 1763 Eltern in's Haus getragen; er hat eben noch die rieller Beziehung für sie sorgen werde Die von Allen Herrn Rippert und der Dr. Schmidt des Herrn Abel.
171 1740 3268 1795 Kraft, ihnen sein Geheimniß anzuvertrauen und zu= Verlassene zieht aber einem solchen Dasein den Tod Frlu. Isenta war in der Rolle der Franziska recht
1185 1790 2214 1846 vor. Sie entfernt sich unter Hinterlassung eines
181 1790 1210 1845 leich das Versprechen abzunehmen, sein Kind und
2202 1776 3265 1854 natürlich, während Frln. Schaper=Olden in der der
178 1840 1191 1898 dessen Mutter in ihr Haus aufzunehmen. Und wenn
1188 1837 2220 1891 Zettels, man möge nicht nach ihr suchen, es sei zu
2214 1836 3254 1912 Toni übertrieb. Temperamentvoll gespielt war der
169 1881 2215 1939 uch von Seiten der Angehörigen Bedenken sich gel- spät. Die Klasseninteressen haben gesiegt über
2208 1887 3256 1940 flegelhafte Quartaner des Frl. Mudra, Tempera¬
176 1928 1805 1980 kend machen, das Vermächtniß des Todten ist imMenschlichkeit und Pflicht.
1829 1925 2223 1991 Franziska allein
2199 1942 3262 1996 ment hat auch Frln. Détschy, die sich in der kleinen
187 1966 2217 2031 ersten Augenblick denn doch heilig genug, als daß empfindet die ganze Schwere des Unrechts, das man
2205 1977 3253 2030 Rolle eines unglücklich liebenden Backfisches dem
182 2019 820 2086 nan es unerfüllt lassen könnte.
1184 2021 2225 2081 an dem „Vermächtniß“ des verstorbenen Bruders be¬
209 2060 1192 2133 Zwei verschiedene Welten werden so einander
1176 2061 2220 2120 gangen hat: „Wir sind feig gewesen, wir haben es
2205 2028 3257 2131 danserbonden duge Soallnichtgan. Grin Meir¬
168 2115 1189 2159 äher gerückt. Die Klassengegensätze platzen auf¬
1181 2116 2210 2172 nicht gewagt, sie so lieb zu haben, wie sie es ver¬
2202 2112 3265 2180 ner, die die Frau Prof Losatti spielte, macht im
169 2152 1191 2211 kinander. „In uns Allen ist die Sehnsucht nach
1180 2154 2212 2219 ldient hat. Gnade haben wir ihr erwiesen, Gnade!
2207 2160 3258 2217 Salon eine weniger glückliche Figur als in der
174 2206 1191 2261 Blück.“ Aber in der einen Welt genießt man dieses
1183 2189 3259 2271 Und wir hätten einsach gut sein müssen.“ In folge= Arbeiterstube. Ganz und gar fiel wieder die Wittwe
182 2253 1195 2314 Glück, wo man es findet, skrupellos und reuelos, wie
1184 2249 3264 2306 richtiger Konsequenz dieses Bewußtseins sagt Fran= Winter des Frln. Gandy ab. Kleinere Rollen waren
173 2294 1194 2349 Koni Weber es gethan, in der anderen muß man es
1180 2286 3268 2358 ziska sich los von der Weltanschauung Dr. Schmidt's durch die HH. Schroder und Walter gut vertreten.
179 2348 3265 2394 lich unter Entbehrungen erringen oder ihm auch und diesem selbst. Das ist der einzige Lichtblick in Das Publikum nahm jeden einzelnen Akt mit Bei¬
180 2390 2225 2443 anz entsagen wie Dr. Schmidt, der Hausarzt bei dem düsteren Drama, über das sich sonst schwüle,
2204 2391 2415 2470 fall auf.
174 2440 1199 2498 Posattis, in dem eine freudelose, harte Jugend alles
1193 2431 2222 2495 sentimentale Stimmung breitet, die auf Einem lastet
1181 2480 2222 2542 wie ein drückender Alp, von dem man sich vergeblich
169 2482 1194 2535 Menschliche erstickt hat und in dem sich das kon¬
2346 2482 3088 2590 Kleine Mittheilungen.
1185 2533 2229 2594 zu befreien sucht. Les extrémes se touchent, Das
163 2523 1203 2592 entionelle Prinzip, die bürgerliche Gesellschaft mit
2263 2560 3261 2641 Der gemeldete Austritt des Grafen
183 2582 2286 2647 hren hergebrachten Begriffen von Sitte und Moral gilt auch von dem Eharakter des Wieners, denn sonst
181 2607 3251 2676 berkörpert. Er ist Losatti's Tochter Franziska zum wäre es kaum erklärlich, wie diese von Sentimen= Esterhazy aus dem Jesuitenorden ist
1183 2655 3263 2727 talität triefende Dichtung auf demselben Boden auf einen Liebesroman zurückzuführen. Der Graf
184 2669 1197 2723 Getten bestimmt und leitet hieraus das Recht ab, in
1190 2700 3255 2776 sprossen konnte, der die Königin unter der Operette kam in Pest mit der Marquise Marie Teyllard
178 2711 1196 2787 Familienangelegenheiten mitreden zu dürfen. Mit
2208 2761 3260 2811 [de Reynard zusammen, die er in seiner Jugend
1193 2760 2226 2822 mit ihren prickelnden Walzermelodien hervorgebracht
176 2745 1197 2818 Dr. Schmidt im Bunde steht der alte Losatti mit
2205 2801 3261 2874 in Paris kennen gelernt hatte, die aber seitdem ver¬
1184 2809 2224 2867 hat. Einige Situationen in dem Stücke entbehren
180 2810 1193 2864 keinem Scheinliberalismus; ihnen gegenüber die der
2205 2844 3256 2910 arnit war und in aristokratischen Kreisen in Pest
1181 2863 2225 2908 der Natürlichkeit, so die Szenen am Sterbebett im
183 2851 1197 2916 Familie Losatti verschwägerte Wittwe Winter und
2208 2901 3256 2959 französische Stunden gab. Um sie heirathen zu
175 2898 2225 2969 Franziska als Vertreter der Menschlichkeit und Ver=14. Akt. In der Schilderung der Charaktere zeigt sich
2200 2941 3271 3006 können, verließ Esterhazy den Orden und trat zum
1177 2934 2111 3026 die Schnitzler eigene feine Beobachtungsgabe.
180 2950 444 3020 öhnlichkeit.
2205 2995 3276 3060 protestantischen Glauben über. Esterhazy ist 45,
1232 2982 2223 3047 Der Dichter hat als Ort der Handlung Wien an¬
209 2973 1200 3055 Als nun gar das Kind stirbt, da st das Band,
1183 3035 2823 3104 gegeben. In der Aufführung des Intimen Theaters Marie Reynard 34 Jahre alt.
182 3021 1203 3112 das die beiden einander fremden Welten eine Zeit
191 3085 2241 3158 sang zusammengehalten hat, gelöst, da hat die suchte man den „Weaner“ Lokalton vergeblich. Wenn
