3392 4384
1382 304 1842 392 box 16/4
181 297 1234 408 10. Das Vernaechtnis
2161 977 2259 1028 105
1245 965 1709 1055 Akrivia Phrangopoulo.
682 1063 2265 1141 nahm, nicht das Ergebnis eines bloß durch das Auge gewonnenen Eindruckes sei. Woher
672 1132 2271 1186 kam sie also? Akrivia war ohne Geist, zeigte die Unwissenheit eines Täuflings in allen
681 1177 2274 1240 Dingen und hatte, bar auch der geringsten Koketterie, weder ihrem Bewunderer zu ge¬
684 1224 2269 1297 fallen noch zu mißfallen gesucht. Wenn er ihr überhaupt ein Gefühl eingeflößt hatte,
684 1291 2277 1338 so war dies das der Neugierde, woraus sich für die Einbildungskraft der Schönen ohne
689 1319 2275 1388 Zweifel nur ein Eindruck von den Fremden im allgemeinen und die Kapitäne der
692 1383 2275 1442 englischen Marine im besonderen ergeben hatte. Und dennoch vermutete Norton noch
689 1423 2275 1508 etwas anderes in dieser Natur, die der anderer Frauen, die er mehr oder minder
695 1477 2280 1544 geliebt hatte, so wenig glich. Dies Etwas zog ihn an und entzückte ihn; es machte
694 1515 2273 1581 ihn um es in ein einziges Wort zu fassen, so verliebt, als er jetzt war. Er hatte einige
690 1573 2291 1639 Zeit nötig, das Geheimnis zu entdecken; am Ende gelang es ihm aber, und dies gereichte
691 1629 994 1695 ihm zur Ehre.
1338 1621 1641 1704 (Schluß folgt.)
1279 1884 1698 1990 Beiblatt.
1490 2036 2281 2107 geordneten Graf Arnim=Muskau, v. Kardorff
1499 2088 2280 2148 in der Hauptleitung, Dr. Reismann=Grone,
707 2037 1503 2187 Wer hervoragende Schweizer Katur¬
1500 2135 2284 2188 Prof. Th. Fischer, Prof. Lamprecht, Unter¬
817 2135 1481 2192 forscher Prof. Forel stellt, auf Grund
1495 2172 2278 2229 staatssekretär Prof. v. Mayr im Vorstand
706 2185 1479 2237 Darwin'scher Ergebnisse, in der „Zukunft¬
1503 2219 2292 2273 sie ve reten. Die Ausfälle, Unterstellungen
717 2221 1475 2271 VII 53 als ethische Forderungen auf: die
1498 2255 2281 2298 und Schmähungen gegen Fr. Bley und
712 2265 1487 2314 Hintanhaltung kulturgefährlicher Menschen¬
1496 2295 2278 2342 Arthur Dix, älteste Mitarbeiter des Kynast,
705 2298 1476 2356 rassen mit enormer Vermehrung und Aus¬
1492 2332 2287 2380 sind für den völlig unverständlich, der den
705 2337 1486 2396 breitung (wie Chinesen und Neger) und
1495 2376 2282 2419 Verlauf der Polemik Dr. Helmolts gegen
704 2373 1475 2421 die Höherzüchtung unserer eigenen Rasse,
1501 2406 2286 2452 beide Herren — vgl. August und Sptbr.
702 2416 1477 2473 die sehr wohl möglich ist, wie die Zucht
1493 2450 2278 2508 Heft (11 und 12) des ersten Jahrgangs des
704 2456 1477 2511 der Tiere beweise. Wir vermerken Forels
1493 2486 2287 2541 Kynast — nicht kennt; aber Dr. Helmolt
699 2495 1484 2557 Schlüsse als ein neues Anzeichen dafür,
1493 2523 2276 2576 hätte doch wohl klüger gethan, den Schein
692 2535 1488 2580 daß die Wissenschaft, wie sie vor einem
1496 2570 2293 2620 zu vermeiden, als sei seine plötzlich verän¬
703 2568 1480 2620 Jahrhundert Rousseaus demokratischer Phi¬
1500 2601 2275 2656 derte Haltung gegenüber dem früher „so
705 2613 1490 2664 losophie Vorschub leistete, in unserm Zeit¬
1501 2646 2290 2704 vortrefflichen“ Kynast verursacht durch jene
695 2651 1482 2710 alter der aristokratischen Philosophie Gobi¬
1497 2690 2283 2740 litterarische Fehde. — Schließlich bemerken
705 2696 1485 2745 neaus und Nietzsches entgegentreibt, deren
1497 2725 2282 2771 wir, daß wir Herrn Dr. Helmolt für zu
699 2729 1486 2787 berühmten Ausdruck die Theorie von der
1495 2763 2285 2836 vornehm für eine derartige Leistung gehalten
705 2768 1397 2832 indogermanischen Herrenmoral bildet.
1497 2807 1664 2867 hätten. —
804 2805 1476 2867 Herr Dr. Helmolt, den wir im
1599 2832 2277 2889 Die Schlesische Zeitung veröffent¬
703 2843 1486 2893 Sommer d. J. zur Mitarbeit aufgefordert
1492 2884 2291 2943 lichte im Morgenblatt vom 30. Sept. d. J.
699 2893 1488 2939 hatten, ließ auf seine zwei für uns sehr
1500 2919 2284 2979 ein für uns sehr schmeichelhaftes ausführ¬
700 2924 1489 2991 günstigen Besprechungen des Kynast in der
1500 2961 2287 3010 liches Feuilleton über den ersten Jahrgang
703 2974 1484 3024 Leipziger Zeitung, wissenschaftliche Bei¬
1502 2994 2281 3058 des Kynast, aus der Feder des Historikers
702 3004 1481 3065 lage vom 6. April und 20. Juni 1899,
1501 3046 2166 3093 Dr. Hermann Jantzen in Breslau.
696 3056 1483 3097 unterm 12. Oktober eine ungünstige folgen, in
1593 3069 2283 3131 Münchner Theater. Seit kurzem
699 3097 1484 3145 der er uns vorwirft, wir hätten uns immer aus¬
1502 3108 2288 3171 haben wir hier eine Volksbühne. Bekannt¬
707 3125 1494 3175 schließlicher in das Fahrwasser des Alldeutschen
1506 3160 2288 3212 lich sollte sie schon vergangenen Winter
706 3165 1483 3214 Verbandes treiben lassen, dem er, mit einem
1505 3194 2284 3246 ins Leben treten, allein die Stätte, die für
707 3205 1492 3256 Grenzboten=Citat, den Sinn für die Ge¬
1496 3236 2293 3288 die Darbietungen in Aussicht genommen
705 3248 1495 3291 schichte Deutschlands und die Kenntnis und
1509 3280 2286 3332 war, brannte nieder. Für dieses Jahr ist
707 3276 1494 3336 Pietät für das, was ohne ihn errungen ist,
1504 3312 2297 3367 man mit Direktor Stollberg übereingekom¬
707 3326 1496 3369 abspricht und ihn einer barbarischen Jingo¬
696 3367 2301 3437 politik zeiht: obgleich Männer wie die Ab= men, der sein Schauspielhaus samt Künst¬
1114 3764 1219 3879 C/
1194 3685 1810 3896 Virant.
2330 2576 2556 2707 77
2376 2828 2581 2911 WIE
