3436 4320
1407 141 1889 252 box 16/3
209 147 1281 262 10. Das Vermaechtnis
824 1077 1214 1199 Telefon 12801.
2230 1097 2595 1220 Telefon 12801.
527 1170 1658 1285 Unternehmen für Zeitungs-Ausschnitte Ju
1793 1198 2878 1298 % Unternehmen für Zeitungs-Ausschnitte.
2924 1210 3154 1316 Ausschnitt
225 1253 736 1386 N 100—
1458 1280 1604 1395 Nr.
681 1286 1317 1391 „OBSERVER“
2853 1309 3145 1428 Nr. 11
2009 1303 2710 1407 S0BSERVER“
260 1380 3149 1506 I. österr. behördl. concess. Bureau für Zeitungsberichte und Personal nachri I. österr. behördl. concess. Bureau für Zeitungsberichte und Personalnachrichten
573 1447 1451 1558 Wien, IX/ Türkenstrasse 17.
1958 1457 2847 1567 Wien, IX/1 Türkenstrasse 17.
496 1515 1514 1635 — Filiale in Budapest: „Figyelö“, VIII. Josefsring 31 a. —
1893 1557 2896 1645 — Filiale in Budapest: „Figyelö“, VIII. Josefsring 31a. —
249 1689 760 1797 Ausschnitt aus:
1662 1678 2880 1820 Ausschnitt aus: Köntgeregem. Zeitung
751 1743 1421 1886 Reichswehr, Wrien
425 1781 703 1917 19/6 GP.
1661 1796 2199 1914 vor 11/0 26
272 1843 465 1950 vom
1875 1995 3142 2103 UIm Deutschen Theater erzielte Arthur Schnitzler.
452 2012 1560 2108 * Berliner Meldungen zufolge erzielte Arthur Schnitz¬
1781 2055 3123 2153 mit seinem Schauspiel „Das Vermächtniß“ lebhaften Beifall.
352 2054 1559 2169 ler's dreiactiges Schauspiel „Das Vermächtniß“
1780 2105 3130 2199 Ein junger Mann stirbt in Folge eines Sturzes beim Rennen. Seine
360 2121 1555 2208 bei der heutigen Erstaufführung im Dentschen Thea¬
1790 2149 3136 2245 Geliebte und sein Kind finden Aufnahme in der Familie des Todten,
361 2159 1543 2269 ter starke Wirkung. Der Autor wurde wiederholt gerufen.
1787 2194 3118 2278 sie sind sein „Vermächtniß“. Aber sie werden dort nicht geliebt, nur ge¬
352 2222 1544 2307 Das Vermächtniß sind die Geliebte und das Kind eines
1791 2261 3132 2337 litten. Das Kind stirbt und nun hat auch die Mutter vollends
344 2275 1553 2360 jungen Ehemannes, welche derselbe in der Sterbestunde der
1786 2299 3131 2396 ihre Rolle ausgespielt. Im ersten Akt offenbart sich der Poet, in den
355 2306 1543 2416 Obhut seiner Familie übergibt. So lange das Kind lebt,
1783 2352 3140 2442 beiden anderen erkaltet die These, die der für die Gleichberechtigung
337 2349 1540 2460 wird des Sohnes letzter Wille respectirt, nachdem aber das
1778 2405 3128 2479 der freien Liebe eintretende Doktrinär vertbeidigt, das Interesse an
346 2414 1535 2509 Kind gestorben ist, wird die Geliebte aus dem Hause gewie¬
1774 2452 3134 2541 den Vorgängen und ihrem rein dichterischen Inhalt. Das kommt alles
343 2453 1555 2564 sen und geht verzweifelt in den Tod. Das Stück ist die
1775 2496 3110 2562 zu gekünstelt heraus, das ist zu sehr von des Gedankens Blässe an¬
338 2499 1114 2614 nächste Premiere des Hofburgtheaters.]
1776 2545 3118 2646 gekränkelt. Die Vorführung mit Emanuel Reiche, Else Leh¬
1781 2606 3019 2696 mann, Oskar Sauer in den Hauptrollen war vorzüglich.]
2025 3103 2732 3221 Bezugs-Bedingungen.
643 3130 1357 3223 Bezugs-Bedingungen.
1638 3178 2609 3273 Für 50 Zeitungsausschnitte (Artikel oder Notizen)
2669 3185 2869 3262 fl. 7.50
1290 3181 1490 3273 fl. 7.50
257 3207 1217 3282 Für 50 Zeitungsausschnitte (Artikel odel Notzen,
1723 3232 1846 3286 100
2718 3232 3076 3313 14.— inclusive
1497 3205 1630 3305 inchu
356 3249 478 3301 100
2883 3269 3051 3318 Porto.
1727 3270 1860 3335 200
2710 3277 2848 3339 25.—
1328 3250 1487 3357 3.—
346 3286 481 3340 200
2873 3300 3056 3351 Zahlbar
1501 3284 1624 3348 20
1721 3309 1847 3368 500
1673 3291 1744 3379 2
2717 3308 2853 3385 55.—
1334 3329 1475 3377 55.—
2855 3333 3074 3404 im Voraus
345 3324 482 3377 500
1483 3332 1621 3403 im V
1660 3351 1862 3431 „ 1000
2692 3339 2832 3421 „ 100.—
1299 3342 1463 3427 „100.—
284 3347 490 3444 " 1000
1769 3366 3111 3462 Im Gegensatze zu anderen Bureaux für Zeitungsausschnitte ist das
397 3378 1578 3459 Im Gegensatze zu anderen Bureaux für Zeitungsausschnitte
1363 3405 2694 3506 auch steht Abonnement durch keine bestimmte Zeitdauer begrenzt;
2725 3439 3103 3530 auch steht es den
270 3446 1316 3504 Abonnement durch keine bestimmte Zeitdauer begrenzt;
277 3495 3006 3539 Abonnenten frei die aufgegebenen Theinen zu ergänzen oder zu ändern Abonnenten frei die aufgegebenen Themen zu ergänzen oder zu ändern.
