3436 4256
1461 158 1934 263 box 16/3
249 134 1328 274 10 Das Vermaechtnis
2269 934 2627 1034 Telefon 12801.
821 947 1212 1047 Telefon 12801.
2025 1025 2918 1118 ternehmen für Zeitungs-Ausschnitte.
2959 1034 3207 1131 Ausschnitt
538 1050 1490 1151 Unternehmen für Zeitungs-Ausschnitte
1543 1036 2098 1199 m# 1 1y
2885 1123 3190 1226 Nr. 36
1470 1134 1623 1240 Nr.
2089 1135 2823 1253 „OBSERVER“
233 1092 1322 1268 M 10 5OBSERVER“
302 1229 3197 1311 I. österr. behördl. concess. Bureau für Zeitungsberichte und Personalnachriek: I. österr. behördl. concess. Bureau für Zeitungsberichte und Personalnachrichten
2018 1286 2902 1395 Wien, IX/1 Türkenstrasse 17.
575 1296 1459 1408 Wien, IX/ Türkenstrasse 17.
1952 1361 2940 1450 — Fillale in Budapest: „Figyelö“, VIII. Josefering 31 a. —
518 1393 1527 1479 — Filiale in Budapest: „Figyelö“, VIII. Josefsring 31a. —
1709 1448 3107 1631 Ausschnitt aus Deiedäche Gadu. ealten
266 1562 779 1658 Ausschnitt aus:
871 1569 1551 1698 Frankfurter Jouria.
2466 1592 3097 1709 Heiluung ankin
1722 1644 2135 1752 vom e/12 Jf.
433 1658 701 1784 9(6. 45
285 1708 468 1819 vom
1932 1827 3146 1906 Deutsches Theater. „Das Vermächtniß", Schauspiel in drei
1790 1870 3136 1970 FAlten von A. Schnitzler ist mit starkem äußeren Erfolg in Scene
480 1891 1665 1965 G. Z.Im Deutschen Theater wurde heute die Première
1821 1918 3127 2004 gegangen. Mog auch die Technik des Dramas manches zu wünschen
409 1921 1637 2024 „Von Arthur Schnitzlers neuestem ## ma „Das Vermächtniß“
1816 1947 3133 2022 übrig lassen, die einzelnen Seenen versagten doch ihre unmittelbaren
414 1994 1649 2058 mit starkem, am Schlusse stürmischem Beifall aufgenommen. Es ist
1820 2020 3131 2084 Wirkungen auf das Publikum nicht, so daß es zeilweise rechter¬
417 2040 1648 2101 nicht gut möglich über das Stück mit korzen Worten abschließend zu
1828 2050 3142 2117 grissen erschien. Die Darstellung war ausgezeichnet, Jeder und
410 2093 1652 2156 urtheilen. Tendenziös in dem Sinne, daß die ganze Aufmerksamkeit
1823 2087 3137 2167 Jede stand auf ihren richtigen Plotz. Vor Allen aber zeichnete sicht
405 2139 1650 2203 des Verfassers auf die Durchführung einer bestimmten Tbese gerichtet
1834 2142 3133 2212 Emanuel Reicher und Else Lehmann als Prf. Losatti und
1826 2149 3185 2264 Tom Weber aus. Das volle Haus spendete reichen Beifall und
409 2191 1651 2259 ist, und oftmals konstruirt in seinen szenischen Voraussetzungen, ist
410 2239 1656 2314 das Stück doch auch wieder voll warmen echten Lebens und enthält
1818 2246 2663 2321 rief die Darsteller nach allen Aktschlüssen.
2523 2267 2674 2336 M 1114
412 2289 1644 2353 Figuren von packender Wahrheit. In dem heiligen Eifer aber, mit
413 2335 1648 2403 dem er für sein Thema eintritt, vergißt der Verfasser doch zu sehr,
410 2384 1655 2462 daß das Wesen des Dramas Handlung ist und daß Debatten über
410 2429 1595 2526 ethische Fragen nicht die Stelle einer solchen einnehmen können.
2131 2959 2851 3057 Bezugs-Bedingungen.
658 2974 1371 3072 Bezugs-Bedingungen.
2792 3000 2993 3090 fl. 7.50.
1757 3021 2721 3115 Für 50 Zeitungsausschnitte (Artikel oder Notizen)
1307 3045 1511 3119 fl. 7.50
2988 3031 3175 3131 inclusive
2839 3063 2966 3126 14.—
272 3056 1250 3135 Für 50 Zeitungsausschnitte (Artikel oder Notizen)
1519 3072 1705 3155 inclusivg
3028 3095 3150 3146 Porto.
1358 3099 1496 3156 14.—
2837 3107 2966 3165 25.—
379 3114 487 3163 100
1530 3119 1680 3166 Porto.
2988 3121 3164 3171 Zahlbar
1837 3098 1969 3190 10
1356 3139 1489 3192 25.—
1513 3152 1692 3195 Zahlbars
2826 3141 2975 3209 55.—
2976 3137 3196 3222 im Voraus
1863 3156 1961 3203 * 000
359 3152 500 3206 200
1356 3179 1475 3230 55.—
1839 3174 1968 3225 595
1508 3179 1705 3247 i Vorauf
2810 3185 2972 3254 „ 100.—
1346 3210 1491 3276 100.—
1785 3192 1981 3287 „ 1000
288 3048 458 3318 74
1882 3220 3218 3301 Im Gegensatz: zu anderen Bureaux für Zeitungsausschnitte ist lus
410 3233 1666 3330 im Gegensatze zu anderen Bureaux für Zeilungsausschie#te ist
2860 3274 3230 3343 auch steht es den
1759 3280 2823 3342 Abonnement durch keine bestimmte Zeitdauer begrenzt;
1378 3297 1670 3367 #auch stel“ es
297 3313 1342 3367 Abonnement durch keine bestimmte Zeitdlauer begrenzt:
1762 3318 3130 3411 Abo nenten frei die aufgegebenen Themen zu erganzen oder zu ändern.
297 3344 1661 3412 Abonnenten frei die aulgegebenen Themen zu#erganzen odler zu änd.. H.
