3392 4384
2559 563 3004 713 N AUSAE
2290 608 2806 756 OSERVER“
2981 554 3099 758 8
2096 713 3108 835 goncess. Bureau für Zeitungsberichte und Personalnach
2076 788 2927 883 Wien, IX/1 Türkenstrasse 17.
2003 876 3016 964 — Filiale in Budapest: „Figyelö“, VIII. Josefsring 31 a. —
1753 1020 2224 1103 Ausschnitt aus:
2320 1005 3035 1146 Neue Züricher Zeitung
817 1078 1163 1143 Telefon 12801.
1516 1127 2133 1261 anenisch vom 7/5. 22.
511 1176 1452 1260 Unternehmen für Zeitungs-Ausschnitte,
200 1056 474 1289 05
675 1242 1730 1364 „OBSERVER“ Nr. 38
2243 1304 2894 1406 Litteratur und Kunst.
244 1343 1744 1419 I. österr. behördl. concess. Bureau für Zeitungsberichte und Personalnachrichten:
2080 1374 3054 1456 Arthur Schnitzler. Das Vermächtnis
2192 1424 3055 1494 Schauspiel, Berlin. S. Fischer, Verlag 1899
569 1428 1430 1513 Wien, IX/1 Türkenstrasse 17.
2127 1476 3053 1532 Ein Schauspiel, dessen Held fast das ganze Spiel hin¬
1918 1467 2050 1567 N
505 1491 1500 1583 Filiale in Budapest: „Figyelö“. VIII. Josefsring 31a. —
2075 1504 3055 1587 durch tot ist! Es klingt fast unglaublich, ist aber doch
2084 1550 2206 1611 wahr.
2130 1597 3050 1671 Der Held nämlich, Dr. jur. Hugo Winter, ein Sohn
258 1624 727 1718 Ausschnitt aus:
2075 1629 3074 1714 eines Wiener Professors, stirbt schon im ersten Alt. Bie
823 1637 1448 1742 Linzer Tagespost
2059 1698 3060 1751 zum Schluß des Schampiels st.hi er aber im Mittel¬
2075 1736 3050 1814 punkt wenigstens des Gesprächs und zum Teil auch der
2067 1785 3042 1847 Handlung, indem diese von den von ihm gegebenen An¬
270 1759 708 1873 vom /5 20.
2059 1838 3036 1894 ordnungen abhängt. Hugo hatte im geheimen eine Ge¬
2068 1862 3050 1941 liebte, von der er einen Sohn besaß. Er nimmt nun
344 1893 463 1963 ——
2062 1906 3046 1984 auf dem Sterbebette seiner Mutter das Versprechen ab,
444 1889 1552 1985 Volles Interesse von Seite des Publicums hätte das neue
2066 1953 3051 2021 daß nach seinem Tode sein Mädchen und dessen Sohn¬
342 1950 1548 2032 dreiacige Schauspiel „Das Vermächiniss von Artbur Schnitzler
351 1982 1559 2052 verdient. Leider war dem nicht so. Man wird freilich Schnitzlers
2063 1994 3049 2067 ins Elternhaus ausgenommen würden. Hugo stirbt und
348 2034 1561 2112 beide erste Werke, „Liebelei“ und „Freiwild“ ungleich besser finden
2060 2047 3043 2092 sein Vermächtnis wird erfüllt. Etwas Aufsehen erregt
357 2062 1543 2136 müssen, weil „Das Vermächtnis“ nicht jene dramatische Leichtflüssig¬
2054 2087 3030 2142 die Sache zwar schon, daß Herr Professors die „Maitresse“.
356 2098 1565 2173 keit besitzt, worin eben der Zauber Schnitzlers besteht und der Dichter
2061 2123 3045 2195 ihres Sohnes zu sich aufnehmen. Diese halten aber den
358 2151 1561 2231 jene Seelentiefe und Gewalt, um Vermächtnisprobleme wirklich tadel¬
2049 2173 3035 2243 Willen ihres Sohnes heilig und können sich auch eher
363 2192 1560 2251 los zu lösen, nicht besitzt. Man kann Schnitzler in den tragischen
2057 2214 3032 2289 damit abfinden, da der kleine Bube schließlich doch ihr
366 2224 1563 2296 Momenien nicht ernst nehmen, man kann das Theater nicht vergessen,
2060 2266 3028 2321 rechtmäßiger Onkel und gleichsam das teuerste Andenken
367 2263 1553 2341 es ist zu wenig wirkliches Leben in den Augenblicken des Todes. Im
2058 2302 3029 2374 an ihren Sohn Hugo ist. Nun stirbt am Schlusse des
362 2293 1562 2365 Grunde ist der leitende Gedanke des Stückes nicht im geringsten neu
409 2338 1555 2413 - und das beste an dem „Vermächtnis“ ist die rücksichtslose und
2051 2350 3033 2418 zweiten Aktes aber auch noch der kleine Knabe. Jetzt
371 2379 1562 2454 meisterhafte Schilderung der angefaulten Gesellschaftszustände Wiens.
2055 2397 3044 2462 wird das Verhältnis für dessen Mutter im Professoren¬
365 2416 1560 2497 Aber das Werk ist furchtbar traurig und ernst und wird es wohl
2051 2446 3026 2512 hause schwieriger. Man sieht hier nun nicht mehr ein,
364 2445 1570 2541 schwer zu einem durchschlagenden Erfolge bringen können. Die Dar¬
2059 2495 3028 2551 warum man die „Maitresse“ eigentlich noch länger
375 2478 1564 2572 stellung an unserer Bühne war sehr zufriedenstellend. Der Erfolg des
2059 2519 3040 2600 im Hause behalten soll, man hat Angst, sie könnte hier
367 2532 1569 2610 Schauspieles war ehrenvoll. Herr Grünau (Hugo) hätte wohl
1785 2565 1853 2620 Far
1873 2573 3122 2641 50 Zeitunz „ihr Geschäft“ wieder anfangen, kurz man schickt sie fort,#
368 2574 1567 2652 kaum eine tiefere Wirkung erzielen können. Er war bestrebt, eine
1838 2610 1915 2656 100
2048 2634 3108 2690 allerdings unter Zusicherung einer jährlichen Rente. porte
376 2611 1568 2690 natürliche Darstellung der Leidens= und Sterbensscene zu bieten, was
375 2650 1571 2724 ihm auch völlig gelang. Herr Elmhorst fand die richtigen Töne
2053 2656 3109 2730 Toni Weber aber, so heißt das arme Geschöpf, sieht sichein= ehlbe
1854 2688 1915 2733 500
3017 2695 3122 2751 Vorf
375 2682 1579 2760 für den Dr. Schmidt. Herr Baumgartner charakterisierte den
2042 2712 3029 2772 sam in die Welt hinaus gestoßen, sie ist anhänglich an
1802 2706 1875 2789 10
371 2728 1575 2804 Losatti in trefflicher Weise. Ebenso machten sich die Damen
2055 2749 3030 2805 Hugo und möchte edler Gemütsart bleiben. Sie weiß
1887 2762 2048 2831 Im Gege
376 2771 1600 2845 Lerach (Beiti), Brauer (Francisca) und Kleiber (Weber) um
2051 2792 3127 2872 sich nicht anders zu helfen, als durch einen freiwilligen ## es¬
1753 2801 2097 2868 Abonnement du g
370 2825 1271 2876 die gute Aufführung des Werkes besonders verdient.
1763 2838 2160 2915 Abonnenten fre Cob.
2998 2859 3103 2922 ##rn.
2099 2882 3017 2955 Das Thema dieses Schauspieles st dankbarer Art,
2044 2915 3031 2989 hat aber eine große Klippe, welche Schnitzler nicht zu
2041 2967 3035 3047 umschiffen vermocht hat: es hat etwas Rührseliges an
2048 3011 3034 3091 sich. Damit die Handlung den rechten Sinn erhielt,
2043 3050 3025 3127 mußte Toni natürlich als lauterer Charakter gezeichnet
2037 3107 3017 3176 werden. Sie erscheint infolge dessen durch das ganze
648 3098 1333 3174 Bezugs-Bedingungen.
2040 3140 3039 3215 Stück hindurch als die „gute“ Person, der gegenüber
1285 3170 1465 3250 fl. 7.50
271 3172 1219 3234 Für 50 Zeitungsausschnitte (Artikel oder Notizen)
2035 3188 3015 3263 Herr Professors sich endlich doch als „böse“ Leute be¬
1477 3207 1661 3261 inclusive
352 3216 458 3268 100
1329 3216 1446 3266 14.—
1506 3250 1636 3287 Porto.
2039 3244 3023 3307 nehmen. Außer dieser Sentimentalität, welche das ganze
1336 3261 1445 3304 25.—
336 3262 449 3314 200
1485 3264 1650 3319 Zahlbar
2036 3287 3008 3361 Stück verdirbt, zeigt das Schauspiel noch weitere Schwä¬
1325 3286 1457 3360 55.—
338 3301 447 3350 500
1477 3298 1694 3366 im Voraus
1294 3332 1446 3397 „ 100.—
2030 3335 3009 3397 chen, die man vom Verfasser der „Liebelei“ nicht erwar¬
321 3338 456 3399 1000
2025 3378 2990 3441 tet hätte. Glücklicherweise enthält das „Vermächtnis“
389 3379 1720 3436 im Gegensatze zu anderen Bureaux für Zeilungsausschnitte ist das
1358 3420 1718 3487 auch steht es den
272 3422 1294 3474 Abonnement durch keine bestimmte Zeitdauer begrenzt;
2027 3423 3012 3498 aber auch einige wohlgelungene Charaktere, die davon
265 3472 1622 3526 Abonnenten frei die aufgegehenen Themen zu ergänzen #ller zu ändern.
2029 3454 3007 3523 zeugen, daß sie von einem talentierten Dichter geschaffen
2032 3511 3018 3566 worden sind, so z. B. die Schwester Hugos Franziska,
2029 3546 3001 3601 seine Tante Emma Winter und sein Freund Gustav
2020 3583 3010 3666 Brander. Gehört das „Vermächtnis“ als Ganzes zu
2022 3628 3011 3706 den schwächern Leistungen Schnitzlers, so lassen uns doch
2022 3683 2989 3735 Einzelheiten des Schauspieles hoffen, daß wir in Zu¬
2019 3721 3012 3798 kunft wieder besseres von dem Wiener Dichter erwarten
2022 3765 2176 3838 dürfen.
2864 3782 2963 3847 e
