<?xml version="1.0" encoding="UTF-8" standalone="yes"?>
<PcGts xmlns="http://schema.primaresearch.org/PAGE/gts/pagecontent/2013-07-15" xmlns:xsi="http://www.w3.org/2001/XMLSchema-instance" xsi:schemaLocation="http://schema.primaresearch.org/PAGE/gts/pagecontent/2013-07-15 http://schema.primaresearch.org/PAGE/gts/pagecontent/2013-07-15/pagecontent.xsd">
    <Metadata>
        <Creator>prov=University of Rostock/Institute of Mathematics/CITlab/Gundram Leifert/gundram.leifert@uni-rostock.de:name=ONB_Newseye_GT_M1+(htr_id=10810)::::v=2.4.2
prov=University of Rostock/Institute of Mathematics/CITlab/Tobias Gruening/tobias.gruening@uni-rostock.de:name=de.uros.citlab.module.baseline2polygon.B2PSeamMultiOriented:v=2.4.2
prov=University of Rostock/Institute of Mathematics/CITlab/Tobias Gruening/tobias.gruening@uni-rostock.de:name=/mnt/transkribus/LA/DEA/URO/LA_news_onb_att.pb:de.uros.citlab.segmentation.CITlab_LA_ML:v=2.4.2
Transkribus</Creator>
        <Created>2019-10-07T11:35:13.639+02:00</Created>
        <LastChange>2019-10-08T19:04:48.631+02:00</LastChange>
        <TranskribusMetadata docId="223986" pageId="9500721" pageNr="270" tsid="16607197" status="IN_PROGRESS" userId="40391" imgUrl="https://files.transkribus.eu/Get?id=TKWSWRQEYGYRMPXVITZHVGOC&amp;fileType=view" xmlUrl="https://files.transkribus.eu/Get?id=UCLAIMCIWEHGRZTSGZGXMADD" imageId="6190943"/>
    </Metadata>
    <Page imageFilename="223986_0270.jpeg" imageWidth="3392" imageHeight="4384">
        <ReadingOrder>
            <OrderedGroup id="ro_1711447887697" caption="Regions reading order">
                <RegionRefIndexed index="0" regionRef="r1"/>
            </OrderedGroup>
        </ReadingOrder>
        <TextRegion orientation="0.0" id="r1" custom="readingOrder {index:0;}">
            <Coords points="901,166 901,4157 2060,4157 2060,166"/>
            <TextLine id="r1l1" custom="readingOrder {index:0;}">
                <Coords points="898,214 1943,196 1948,151 898,175"/>
                <Baseline points="905,207 956,206 1008,204 1060,202 1112,201 1164,200 1216,199 1267,198 1319,197 1371,196 1423,195 1475,194 1527,194 1579,193 1630,192 1682,191 1734,190 1786,190 1838,188 1890,187 1942,186"/>
                <TextEquiv>
                    <Unicode>schenleben gehen vor unseren Augen zugrunde. </Unicode>
                </TextEquiv>
            </TextLine>
            <TextLine id="r1l2" custom="readingOrder {index:1;}">
                <Coords points="894,244 1987,225 1961,190 893,217"/>
                <Baseline points="901,247 954,245 1008,244 1062,242 1116,241 1170,240 1224,239 1278,238 1332,237 1386,236 1440,236 1493,235 1547,234 1601,233 1655,232 1709,231 1763,229 1817,228 1871,226 1925,224 1979,221"/>
                <TextEquiv>
                    <Unicode>halb wohl der Dichter sein Stück nur Schauspiel</Unicode>
                </TextEquiv>
            </TextLine>
            <TextLine id="r1l3" custom="readingOrder {index:2;}">
                <Coords points="904,282 1908,278 1982,238 903,258"/>
                <Baseline points="911,285 964,283 1017,281 1070,280 1124,278 1177,277 1230,276 1283,275 1337,275 1390,274 1443,273 1496,273 1550,272 1603,271 1656,270 1709,269 1763,268 1816,267 1869,266 1922,264 1976,262"/>
                <TextEquiv>
                    <Unicode>und nicht Trauerspiel genannt hat? Weil der Tod</Unicode>
                </TextEquiv>
            </TextLine>
            <TextLine id="r1l4" custom="readingOrder {index:3;}">
                <Coords points="895,333 1933,313 1995,264 894,304"/>
                <Baseline points="901,329 955,325 1009,321 1064,319 1118,316 1172,315 1227,313 1281,312 1335,311 1390,311 1444,310 1498,310 1553,309 1607,309 1661,308 1716,307 1770,306 1824,304 1879,303 1933,300 1988,297"/>
                <TextEquiv>
                    <Unicode>Hugos, seines kleinen Sohnes und der „Geliebten“</Unicode>
                </TextEquiv>
            </TextLine>
            <TextLine id="r1l5" custom="readingOrder {index:4;}">
                <Coords points="909,366 1991,341 1947,306 909,332"/>
                <Baseline points="916,365 969,362 1022,359 1076,357 1129,355 1183,354 1236,352 1289,351 1343,350 1396,349 1450,348 1503,348 1556,347 1610,347 1663,346 1717,346 1770,345 1823,344 1877,344 1930,343 1984,342"/>
                <TextEquiv>
                    <Unicode>nicht durch deren eigene Schuld herbeigeführt wird,</Unicode>
                </TextEquiv>
            </TextLine>
            <TextLine id="r1l6" custom="readingOrder {index:5;}">
                <Coords points="903,407 1728,397 1778,369 1880,394 2008,350 902,362"/>
                <Baseline points="910,403 964,400 1019,398 1073,396 1128,394 1182,393 1237,391 1291,390 1346,389 1400,388 1455,387 1510,387 1564,386 1619,385 1673,385 1728,384 1782,383 1837,383 1891,382 1946,381 2001,380"/>
                <TextEquiv>
                    <Unicode>weil der Dichter keine Schicksalstragödie schreiben</Unicode>
                </TextEquiv>
            </TextLine>
            <TextLine id="r1l7" custom="readingOrder {index:6;}">
                <Coords points="897,440 1843,432 2004,392 896,412"/>
                <Baseline points="903,441 957,439 1012,437 1067,435 1121,433 1176,432 1231,431 1285,430 1340,429 1395,428 1450,427 1504,426 1559,425 1614,424 1668,423 1723,422 1778,421 1832,420 1887,418 1942,417 1997,416"/>
                <TextEquiv>
                    <Unicode>wollte, obwohl die Charaktertragödie vom fatalisti¬</Unicode>
                </TextEquiv>
            </TextLine>
            <TextLine id="r1l8" custom="readingOrder {index:7;}">
                <Coords points="901,477 1992,463 1976,426 1800,418 901,439"/>
                <Baseline points="909,477 962,475 1016,474 1070,472 1124,471 1178,470 1231,469 1285,468 1339,467 1393,466 1447,466 1500,465 1554,465 1608,464 1662,463 1716,463 1769,462 1823,461 1877,461 1931,460 1985,459"/>
                <TextEquiv>
                    <Unicode>schen Standpunkte doch immer Schicksalstragödie</Unicode>
                </TextEquiv>
            </TextLine>
            <TextLine id="r1l9" custom="readingOrder {index:8;}">
                <Coords points="909,504 2002,502 1985,463 908,479"/>
                <Baseline points="916,514 972,512 1029,511 1086,510 1143,508 1199,507 1256,506 1313,505 1370,504 1427,503 1483,502 1540,502 1597,501 1654,500 1711,500 1767,499 1824,499 1881,498 1938,497 1995,497"/>
                <TextEquiv>
                    <Unicode>breibk, zumal bei diesem Stück, wo die Schuld am</Unicode>
                </TextEquiv>
            </TextLine>
            <TextLine id="r1l10" custom="readingOrder {index:9;}">
                <Coords points="908,551 1952,546 2006,504 907,510"/>
                <Baseline points="915,553 969,550 1023,548 1077,546 1131,545 1186,544 1240,543 1294,543 1348,542 1402,542 1457,542 1511,542 1565,542 1619,541 1673,541 1728,541 1782,540 1836,539 1890,538 1944,535 1999,533"/>
                <TextEquiv>
                    <Unicode>Milien, an der Gesellschaft liegt? — Die beiden wenig</Unicode>
                </TextEquiv>
            </TextLine>
            <TextLine id="r1l11" custom="readingOrder {index:10;}">
                <Coords points="906,586 1697,567 1828,593 1969,585 2000,548 906,551"/>
                <Baseline points="913,588 967,587 1021,587 1075,586 1129,585 1183,584 1237,584 1291,583 1345,582 1399,581 1453,581 1507,580 1561,580 1615,579 1669,578 1723,577 1777,577 1831,576 1885,575 1939,575 1993,574"/>
                <TextEquiv>
                    <Unicode>lebenswahr gezeichneten Charaktere sind die des</Unicode>
                </TextEquiv>
            </TextLine>
            <TextLine id="r1l12" custom="readingOrder {index:11;}">
                <Coords points="904,629 1978,624 2005,586 904,597"/>
                <Baseline points="911,624 965,624 1019,624 1074,623 1128,623 1182,623 1237,622 1291,621 1345,621 1400,620 1454,619 1508,619 1563,618 1617,617 1671,616 1726,616 1780,615 1834,615 1889,614 1943,614 1998,613"/>
                <TextEquiv>
                    <Unicode>Dr. Ferdinand Schmidt und der Schwägerin Emma</Unicode>
                </TextEquiv>
            </TextLine>
            <TextLine id="r1l13" custom="readingOrder {index:12;}">
                <Coords points="907,663 1968,662 2005,620 907,637"/>
                <Baseline points="914,665 968,665 1022,664 1076,664 1131,663 1185,662 1239,662 1293,661 1348,661 1402,660 1456,659 1510,659 1565,658 1619,657 1673,657 1727,656 1782,655 1836,654 1890,653 1944,652 1999,651"/>
                <TextEquiv>
                    <Unicode>Winter. Beide sind Verkörperungen der sich im Stücke</Unicode>
                </TextEquiv>
            </TextLine>
            <TextLine id="r1l14" custom="readingOrder {index:13;}">
                <Coords points="907,697 1930,705 2007,668 907,678"/>
                <Baseline points="915,705 969,705 1023,704 1077,704 1132,703 1186,703 1240,702 1294,701 1349,700 1403,699 1457,698 1511,697 1566,696 1620,695 1674,694 1728,693 1783,692 1837,691 1891,690 1945,689 2000,688"/>
                <TextEquiv>
                    <Unicode>befehdenden Tendenzen. In Schmidts Charakterisie¬</Unicode>
                </TextEquiv>
            </TextLine>
            <TextLine id="r1l15" custom="readingOrder {index:14;}">
                <Coords points="911,749 2011,724 2001,693 911,719"/>
                <Baseline points="918,746 972,746 1026,745 1080,744 1135,743 1189,742 1243,741 1298,740 1352,739 1406,739 1461,737 1515,737 1569,736 1623,735 1678,734 1732,733 1786,732 1841,731 1895,730 1949,729 2004,728"/>
                <TextEquiv>
                    <Unicode>rung fehlt das Warum seines Verhaltens. Ist er</Unicode>
                </TextEquiv>
            </TextLine>
            <TextLine id="r1l16" custom="readingOrder {index:15;}">
                <Coords points="911,782 1973,780 2017,730 910,748"/>
                <Baseline points="917,783 971,782 1026,782 1080,781 1135,781 1190,780 1244,779 1299,778 1354,778 1408,777 1463,776 1518,775 1572,775 1627,774 1682,773 1736,772 1791,771 1846,771 1900,770 1955,769 2010,768"/>
                <TextEquiv>
                    <Unicode>ein Streber, so decke sich sein Verhalten allerdings</Unicode>
                </TextEquiv>
            </TextLine>
            <TextLine id="r1l17" custom="readingOrder {index:16;}">
                <Coords points="906,821 2001,821 2000,774 906,785"/>
                <Baseline points="913,821 967,821 1021,820 1075,819 1129,819 1183,818 1237,817 1291,817 1345,816 1399,816 1453,815 1507,815 1561,814 1615,813 1669,813 1723,812 1777,812 1831,811 1885,810 1939,810 1993,809"/>
                <TextEquiv>
                    <Unicode>mit dem eines teils der „vorurteilsvollen“ Gesell¬</Unicode>
                </TextEquiv>
            </TextLine>
            <TextLine id="r1l18" custom="readingOrder {index:17;}">
                <Coords points="904,862 2005,853 2005,824 1886,809 904,822"/>
                <Baseline points="911,862 965,861 1019,860 1074,859 1128,857 1183,856 1237,855 1291,854 1346,853 1400,853 1455,852 1509,851 1563,851 1618,850 1672,850 1727,849 1781,849 1835,849 1890,848 1944,848 1999,848"/>
                <TextEquiv>
                    <Unicode>schaft, doch seine Beweggründe wären den natürlichen,</Unicode>
                </TextEquiv>
            </TextLine>
            <TextLine id="r1l19" custom="readingOrder {index:18;}">
                <Coords points="909,899 1940,899 2011,855 909,884"/>
                <Baseline points="916,900 970,899 1024,898 1079,898 1133,897 1188,896 1242,895 1296,894 1351,893 1405,892 1460,891 1514,890 1568,889 1623,889 1677,888 1732,887 1786,887 1840,886 1895,886 1949,885 2004,885"/>
                <TextEquiv>
                    <Unicode>auf Tradition, aber auch Eifersucht beruhenden Vor¬</Unicode>
                </TextEquiv>
            </TextLine>
            <TextLine id="r1l20" custom="readingOrder {index:19;}">
                <Coords points="918,951 1968,941 2010,906 917,910"/>
                <Baseline points="924,940 978,938 1032,937 1086,936 1140,935 1194,934 1248,933 1302,933 1356,932 1410,932 1464,932 1518,931 1572,931 1626,931 1680,930 1734,930 1788,930 1842,929 1896,928 1950,927 2004,926"/>
                <TextEquiv>
                    <Unicode>urteilen der enttäuschten, von der Gesellschaft zu</Unicode>
                </TextEquiv>
            </TextLine>
            <TextLine id="r1l21" custom="readingOrder {index:20;}">
                <Coords points="913,978 1990,977 2020,935 913,955"/>
                <Baseline points="920,982 974,979 1029,977 1083,975 1138,973 1193,972 1247,972 1302,971 1357,971 1411,971 1466,971 1521,971 1575,971 1630,971 1685,970 1739,970 1794,969 1849,968 1903,967 1958,964 2013,962"/>
                <TextEquiv>
                    <Unicode>Hugos Braut ausersehenen Agnes gegenüber schärfer</Unicode>
                </TextEquiv>
            </TextLine>
            <TextLine id="r1l22" custom="readingOrder {index:21;}">
                <Coords points="910,1023 2013,1015 2012,976 1892,966 910,991"/>
                <Baseline points="917,1017 971,1016 1025,1015 1080,1014 1134,1013 1189,1012 1243,1011 1297,1011 1352,1011 1406,1010 1461,1010 1515,1010 1569,1010 1624,1009 1678,1009 1733,1009 1787,1008 1841,1008 1896,1007 1950,1006 2005,1005"/>
                <TextEquiv>
                    <Unicode>zu präzisieren; hat er, der aus denselben „niederen</Unicode>
                </TextEquiv>
            </TextLine>
            <TextLine id="r1l23" custom="readingOrder {index:22;}">
                <Coords points="909,1048 1986,1056 2013,1011 909,1023"/>
                <Baseline points="917,1057 971,1056 1026,1054 1080,1053 1135,1052 1189,1051 1244,1050 1298,1049 1353,1049 1407,1048 1462,1047 1516,1047 1571,1047 1625,1046 1680,1046 1734,1046 1789,1045 1843,1045 1898,1045 1952,1045 2007,1045"/>
                <TextEquiv>
                    <Unicode>Schichten“ wie Toni Weber hervorgegangen ist, den</Unicode>
                </TextEquiv>
            </TextLine>
            <TextLine id="r1l24" custom="readingOrder {index:23;}">
                <Coords points="918,1098 1918,1095 2002,1081 2002,1051 918,1069"/>
                <Baseline points="925,1096 978,1095 1032,1093 1085,1092 1139,1091 1192,1090 1246,1089 1299,1089 1353,1088 1406,1088 1460,1088 1514,1087 1567,1087 1621,1087 1674,1086 1728,1086 1781,1085 1835,1084 1888,1083 1942,1082 1996,1080"/>
                <TextEquiv>
                    <Unicode>Glauben an die Töchter dieser Schichten verloren, so</Unicode>
                </TextEquiv>
            </TextLine>
            <TextLine id="r1l25" custom="readingOrder {index:24;}">
                <Coords points="911,1128 1978,1135 2016,1087 911,1101"/>
                <Baseline points="918,1136 972,1134 1027,1133 1081,1131 1136,1130 1191,1129 1245,1129 1300,1128 1354,1128 1409,1127 1464,1127 1518,1127 1573,1126 1627,1126 1682,1125 1737,1125 1791,1124 1846,1124 1900,1122 1955,1122 2010,1120"/>
                <TextEquiv>
                    <Unicode>wäre eine Begründung dieser Anschauung erwünscht</Unicode>
                </TextEquiv>
            </TextLine>
            <TextLine id="r1l26" custom="readingOrder {index:25;}">
                <Coords points="911,1178 1962,1174 2006,1164 2006,1123 910,1148"/>
                <Baseline points="917,1175 971,1174 1025,1172 1079,1171 1133,1170 1187,1170 1241,1169 1296,1168 1350,1168 1404,1167 1458,1166 1512,1166 1566,1165 1620,1165 1675,1164 1729,1163 1783,1163 1837,1162 1891,1161 1945,1160 2000,1160"/>
                <TextEquiv>
                    <Unicode>gewesen. So steht Dr. Schmidt als eigensinniger bru¬</Unicode>
                </TextEquiv>
            </TextLine>
            <TextLine id="r1l27" custom="readingOrder {index:26;}">
                <Coords points="920,1206 2019,1195 2004,1163 1888,1160 920,1177"/>
                <Baseline points="927,1212 981,1210 1035,1209 1089,1208 1143,1208 1198,1207 1252,1206 1306,1206 1360,1205 1414,1205 1469,1204 1523,1204 1577,1204 1631,1203 1685,1203 1740,1202 1794,1201 1848,1201 1902,1199 1956,1198 2011,1197"/>
                <TextEquiv>
                    <Unicode>taler Verfechter der Konvention da, ein unmotiviert</Unicode>
                </TextEquiv>
            </TextLine>
            <TextLine id="r1l28" custom="readingOrder {index:27;}">
                <Coords points="923,1252 1955,1255 2011,1210 922,1210"/>
                <Baseline points="929,1251 982,1249 1036,1248 1090,1247 1144,1246 1197,1246 1251,1245 1305,1245 1359,1244 1412,1244 1466,1244 1520,1244 1574,1244 1627,1243 1681,1243 1735,1243 1789,1242 1842,1241 1896,1241 1950,1240 2004,1238"/>
                <TextEquiv>
                    <Unicode>häßlicher Charakter, wie wir sie in der pfeudoklassi¬</Unicode>
                </TextEquiv>
            </TextLine>
            <TextLine id="r1l29" custom="readingOrder {index:28;}">
                <Coords points="919,1288 2022,1276 1975,1240 919,1258"/>
                <Baseline points="927,1291 981,1289 1035,1288 1090,1287 1144,1286 1199,1285 1253,1284 1307,1284 1362,1284 1416,1283 1471,1283 1525,1283 1579,1283 1634,1282 1688,1282 1743,1281 1797,1281 1851,1280 1906,1279 1960,1278 2015,1276"/>
                <TextEquiv>
                    <Unicode>schen Literatur schon zu genüge gehabt haben. Und</Unicode>
                </TextEquiv>
            </TextLine>
            <TextLine id="r1l30" custom="readingOrder {index:29;}">
                <Coords points="916,1332 1965,1327 2010,1288 916,1291"/>
                <Baseline points="923,1331 977,1329 1031,1327 1085,1326 1139,1325 1193,1324 1247,1324 1301,1323 1355,1323 1409,1323 1463,1323 1517,1323 1571,1323 1625,1323 1679,1323 1733,1322 1787,1321 1841,1320 1895,1319 1949,1317 2003,1314"/>
                <TextEquiv>
                    <Unicode>doch hätte der Dichter aus ihm, als einem der Ver¬</Unicode>
                </TextEquiv>
            </TextLine>
            <TextLine id="r1l31" custom="readingOrder {index:30;}">
                <Coords points="922,1367 1947,1367 2030,1327 921,1331"/>
                <Baseline points="929,1368 983,1367 1038,1366 1093,1365 1147,1364 1202,1364 1257,1363 1311,1363 1366,1362 1421,1362 1476,1362 1530,1361 1585,1361 1640,1361 1694,1360 1749,1359 1804,1358 1858,1357 1913,1356 1968,1355 2023,1352"/>
                <TextEquiv>
                    <Unicode>treter der Vorurteile der „niederen Schichten“ neben</Unicode>
                </TextEquiv>
            </TextLine>
            <TextLine id="r1l32" custom="readingOrder {index:31;}">
                <Coords points="911,1402 2006,1406 2017,1360 910,1366"/>
                <Baseline points="918,1409 972,1408 1027,1406 1081,1405 1136,1404 1191,1403 1245,1402 1300,1401 1354,1401 1409,1400 1464,1399 1518,1399 1573,1398 1627,1398 1682,1398 1737,1397 1791,1397 1846,1397 1900,1397 1955,1397 2010,1397"/>
                <TextEquiv>
                    <Unicode>denen der „besseren Gesellschaft“ die wir im Stücke</Unicode>
                </TextEquiv>
            </TextLine>
            <TextLine id="r1l33" custom="readingOrder {index:32;}">
                <Coords points="911,1457 1983,1448 2020,1405 911,1414"/>
                <Baseline points="918,1448 972,1448 1027,1447 1082,1446 1137,1445 1192,1444 1246,1443 1301,1442 1356,1441 1411,1441 1466,1440 1520,1439 1575,1439 1630,1438 1685,1437 1740,1437 1794,1436 1849,1436 1904,1436 1959,1436 2014,1436"/>
                <TextEquiv>
                    <Unicode>kennen lernen, mit ein paar Worten außerordentlich</Unicode>
                </TextEquiv>
            </TextLine>
            <TextLine id="r1l34" custom="readingOrder {index:33;}">
                <Coords points="926,1479 1942,1488 2021,1468 2021,1432 926,1460"/>
                <Baseline points="933,1486 987,1486 1041,1485 1095,1484 1149,1484 1203,1483 1257,1482 1311,1482 1365,1481 1419,1480 1474,1480 1528,1479 1582,1478 1636,1478 1690,1477 1744,1476 1798,1476 1852,1475 1906,1475 1960,1474 2015,1474"/>
                <TextEquiv>
                    <Unicode>viel machen können. Die Motive des Verhaltens der</Unicode>
                </TextEquiv>
            </TextLine>
            <TextLine id="r1l35" custom="readingOrder {index:34;}">
                <Coords points="923,1533 1770,1535 1988,1522 2020,1482 923,1499"/>
                <Baseline points="930,1527 984,1525 1038,1524 1092,1522 1146,1522 1200,1521 1254,1520 1309,1519 1363,1519 1417,1518 1471,1518 1525,1517 1579,1517 1633,1517 1688,1517 1742,1516 1796,1516 1850,1516 1904,1515 1958,1515 2013,1514"/>
                <TextEquiv>
                    <Unicode>liberalen Witwe Winter, der tapferen Verfechterin</Unicode>
                </TextEquiv>
            </TextLine>
            <TextLine id="r1l36" custom="readingOrder {index:35;}">
                <Coords points="923,1564 1961,1567 2020,1524 923,1531"/>
                <Baseline points="930,1564 984,1563 1038,1561 1092,1561 1146,1559 1201,1559 1255,1558 1309,1558 1363,1557 1417,1557 1472,1557 1526,1557 1580,1557 1634,1557 1688,1556 1743,1556 1797,1556 1851,1555 1905,1554 1959,1553 2014,1552"/>
                <TextEquiv>
                    <Unicode>der Erfüllung des Vermächtnisses sind allerdings</Unicode>
                </TextEquiv>
            </TextLine>
            <TextLine id="r1l37" custom="readingOrder {index:36;}">
                <Coords points="928,1632 1134,1592 1915,1610 2022,1596 2022,1562 928,1570"/>
                <Baseline points="935,1605 989,1604 1043,1603 1097,1602 1151,1601 1205,1600 1259,1599 1313,1599 1367,1598 1421,1597 1475,1597 1529,1597 1583,1596 1637,1596 1691,1596 1745,1595 1799,1595 1853,1595 1907,1594 1961,1594 2015,1593"/>
                <TextEquiv>
                    <Unicode>genannt. Doch sie steht wieder als Sprecherin der</Unicode>
                </TextEquiv>
            </TextLine>
            <TextLine id="r1l38" custom="readingOrder {index:37;}">
                <Coords points="927,1648 1803,1651 1977,1640 2025,1598 1134,1596 927,1633"/>
                <Baseline points="934,1646 988,1643 1042,1641 1096,1639 1150,1637 1205,1636 1259,1636 1313,1635 1367,1635 1421,1635 1476,1636 1530,1636 1584,1636 1638,1636 1692,1636 1747,1636 1801,1635 1855,1634 1909,1633 1963,1631 2018,1629"/>
                <TextEquiv>
                    <Unicode>Loleranztendenz zu heroinenhaft da, als daß wir mo¬</Unicode>
                </TextEquiv>
            </TextLine>
            <TextLine id="r1l39" custom="readingOrder {index:38;}">
                <Coords points="917,1695 2014,1671 1990,1633 916,1651"/>
                <Baseline points="924,1682 978,1680 1032,1679 1086,1679 1140,1678 1194,1677 1248,1677 1303,1677 1357,1676 1411,1676 1465,1676 1519,1676 1573,1676 1627,1675 1682,1675 1736,1675 1790,1674 1844,1673 1898,1672 1952,1670 2007,1669"/>
                <TextEquiv>
                    <Unicode>dernen Menschen, die das Strahlende zu schwärzen</Unicode>
                </TextEquiv>
            </TextLine>
            <TextLine id="r1l40" custom="readingOrder {index:39;}">
                <Coords points="921,1722 1971,1725 2022,1688 920,1690"/>
                <Baseline points="927,1723 981,1722 1035,1721 1090,1719 1144,1718 1199,1718 1253,1717 1307,1716 1362,1716 1416,1715 1471,1715 1525,1715 1579,1714 1634,1714 1688,1713 1743,1712 1797,1712 1851,1711 1906,1710 1960,1708 2015,1707"/>
                <TextEquiv>
                    <Unicode>lieben, nicht auch in ihr einige allzumenschliche Seelen¬</Unicode>
                </TextEquiv>
            </TextLine>
            <TextLine id="r1l41" custom="readingOrder {index:40;}">
                <Coords points="925,1766 2016,1755 2015,1726 1909,1713 925,1725"/>
                <Baseline points="933,1762 986,1761 1040,1760 1094,1759 1148,1758 1202,1757 1255,1757 1309,1756 1363,1755 1417,1755 1471,1754 1524,1754 1578,1754 1632,1753 1686,1753 1740,1753 1793,1753 1847,1752 1901,1752 1955,1752 2009,1751"/>
                <TextEquiv>
                    <Unicode>kämpfe des Zweifels gerne entdeckt hätten. Denn</Unicode>
                </TextEquiv>
            </TextLine>
            <TextLine id="r1l42" custom="readingOrder {index:41;}">
                <Coords points="927,1800 1985,1803 2025,1762 926,1766"/>
                <Baseline points="933,1799 987,1798 1041,1798 1095,1797 1150,1797 1204,1796 1258,1796 1312,1795 1367,1795 1421,1794 1475,1794 1529,1793 1584,1793 1638,1792 1692,1792 1746,1791 1801,1791 1855,1790 1909,1789 1963,1789 2018,1788"/>
                <TextEquiv>
                    <Unicode>mit einer bloßen Behauptung, mag sie auch ein aus</Unicode>
                </TextEquiv>
            </TextLine>
            <TextLine id="r1l43" custom="readingOrder {index:42;}">
                <Coords points="929,1836 1685,1859 1987,1840 2023,1799 929,1810"/>
                <Baseline points="936,1838 990,1837 1044,1837 1098,1836 1152,1836 1206,1835 1260,1835 1314,1834 1368,1834 1422,1834 1476,1833 1530,1833 1584,1832 1638,1832 1692,1832 1746,1831 1800,1831 1854,1830 1908,1829 1962,1829 2016,1828"/>
                <TextEquiv>
                    <Unicode>vielen Kämpfen außerhalb der Bühnengegenwart sieg¬</Unicode>
                </TextEquiv>
            </TextLine>
            <TextLine id="r1l44" custom="readingOrder {index:43;}">
                <Coords points="920,1888 1907,1882 2017,1873 2017,1836 920,1851"/>
                <Baseline points="927,1878 981,1878 1035,1877 1089,1876 1143,1876 1198,1875 1252,1875 1306,1874 1360,1874 1414,1873 1469,1873 1523,1872 1577,1872 1631,1871 1685,1871 1740,1871 1794,1870 1848,1870 1902,1869 1956,1869 2011,1869"/>
                <TextEquiv>
                    <Unicode>reich hervorgegangenes Panier sein, ist das Thema</Unicode>
                </TextEquiv>
            </TextLine>
            <TextLine id="r1l45" custom="readingOrder {index:44;}">
                <Coords points="923,1910 1976,1919 2026,1882 923,1890"/>
                <Baseline points="930,1918 984,1917 1038,1916 1093,1916 1147,1915 1202,1914 1256,1913 1311,1913 1365,1912 1420,1912 1474,1911 1528,1911 1583,1910 1637,1910 1692,1909 1746,1909 1801,1909 1855,1909 1910,1909 1964,1909 2019,1909"/>
                <TextEquiv>
                    <Unicode>nicht erschöpft; wir wollen von ihr, bei der noch nicht</Unicode>
                </TextEquiv>
            </TextLine>
            <TextLine id="r1l46" custom="readingOrder {index:45;}">
                <Coords points="934,1956 1994,1961 2033,1911 933,1929"/>
                <Baseline points="941,1958 995,1957 1049,1956 1103,1955 1158,1954 1212,1953 1266,1953 1321,1952 1375,1952 1429,1952 1484,1951 1538,1951 1592,1951 1646,1950 1701,1950 1755,1950 1809,1949 1864,1949 1918,1948 1972,1947 2027,1946"/>
                <TextEquiv>
                    <Unicode>nur des Herzens Wünsche sprechen, eine Begründung</Unicode>
                </TextEquiv>
            </TextLine>
            <TextLine id="r1l47" custom="readingOrder {index:46;}">
                <Coords points="932,1998 2029,1986 1955,1950 932,1954"/>
                <Baseline points="939,1999 993,1997 1047,1995 1101,1994 1155,1992 1209,1991 1263,1991 1318,1990 1372,1990 1426,1990 1480,1990 1534,1990 1588,1990 1642,1990 1697,1989 1751,1989 1805,1989 1859,1988 1913,1987 1967,1986 2022,1984"/>
                <TextEquiv>
                    <Unicode>ihres Verhaltens in der Bühnengegenwart. Psycho¬</Unicode>
                </TextEquiv>
            </TextLine>
            <TextLine id="r1l48" custom="readingOrder {index:47;}">
                <Coords points="932,2032 1923,2037 2032,1993 932,1999"/>
                <Baseline points="939,2037 993,2036 1047,2035 1102,2034 1156,2033 1210,2032 1265,2031 1319,2031 1373,2030 1428,2030 1482,2029 1536,2029 1591,2029 1645,2028 1699,2028 1754,2028 1808,2027 1862,2027 1917,2027 1971,2026 2026,2026"/>
                <TextEquiv>
                    <Unicode>logisch fein gezeichnet ist dagegen der Uebergang in</Unicode>
                </TextEquiv>
            </TextLine>
            <TextLine id="r1l49" custom="readingOrder {index:48;}">
                <Coords points="938,2081 2030,2071 2029,2033 1956,2024 938,2034"/>
                <Baseline points="945,2076 998,2075 1052,2073 1106,2072 1160,2070 1214,2069 1268,2069 1322,2068 1376,2068 1430,2068 1484,2068 1537,2068 1591,2068 1645,2068 1699,2067 1753,2067 1807,2067 1861,2066 1915,2066 1969,2065 2023,2064"/>
                <TextEquiv>
                    <Unicode>der Stimmung der beiden Backfische des Stücks; die</Unicode>
                </TextEquiv>
            </TextLine>
            <TextLine id="r1l50" custom="readingOrder {index:49;}">
                <Coords points="930,2122 1820,2122 1974,2114 2032,2073 929,2078"/>
                <Baseline points="937,2119 991,2117 1045,2114 1100,2112 1154,2110 1209,2109 1263,2109 1318,2108 1372,2108 1427,2108 1481,2108 1535,2108 1590,2108 1644,2108 1699,2108 1753,2107 1808,2106 1862,2105 1917,2104 1971,2102 2026,2100"/>
                <TextEquiv>
                    <Unicode>Tochter des Hauses Franziska, gedankenlos einer Kon¬</Unicode>
                </TextEquiv>
            </TextLine>
            <TextLine id="r1l51" custom="readingOrder {index:50;}">
                <Coords points="930,2159 1682,2158 1727,2131 2013,2158 2029,2112 929,2121"/>
                <Baseline points="937,2156 991,2155 1045,2154 1099,2152 1154,2151 1208,2150 1262,2149 1317,2149 1371,2148 1425,2148 1480,2148 1534,2147 1588,2147 1642,2147 1697,2147 1751,2146 1805,2146 1860,2146 1914,2145 1968,2144 2023,2144"/>
                <TextEquiv>
                    <Unicode>ventionsehe entgegentreibend, erwacht; ihr natürlich</Unicode>
                </TextEquiv>
            </TextLine>
            <TextLine id="r1l52" custom="readingOrder {index:51;}">
                <Coords points="928,2202 2033,2195 2002,2151 1719,2133 1515,2171 1302,2148 927,2180"/>
                <Baseline points="935,2196 989,2195 1044,2194 1098,2193 1153,2192 1207,2191 1262,2190 1316,2189 1371,2188 1425,2188 1480,2187 1535,2186 1589,2185 1644,2185 1698,2184 1753,2184 1807,2183 1862,2183 1916,2183 1971,2183 2026,2184"/>
                <TextEquiv>
                    <Unicode>gutes, naiv die Vorurteile nicht verstehendes Herz</Unicode>
                </TextEquiv>
            </TextLine>
            <TextLine id="r1l53" custom="readingOrder {index:52;}">
                <Coords points="924,2225 1224,2249 2031,2204 924,2210"/>
                <Baseline points="931,2238 985,2236 1040,2235 1094,2233 1149,2231 1204,2230 1258,2229 1313,2228 1368,2227 1422,2227 1477,2226 1532,2225 1586,2225 1641,2225 1696,2224 1750,2224 1805,2224 1860,2223 1914,2223 1969,2223 2024,2222"/>
                <TextEquiv>
                    <Unicode>empört sich gegen die Brutalität der Gesellschafts¬</Unicode>
                </TextEquiv>
            </TextLine>
            <TextLine id="r1l54" custom="readingOrder {index:53;}">
                <Coords points="924,2274 1890,2277 2038,2229 923,2232"/>
                <Baseline points="931,2278 986,2275 1041,2272 1096,2270 1151,2268 1206,2267 1261,2266 1316,2265 1371,2265 1426,2265 1481,2265 1536,2265 1591,2265 1646,2264 1701,2264 1756,2264 1811,2263 1866,2262 1921,2259 1976,2257 2032,2254"/>
                <TextEquiv>
                    <Unicode>moral, welche so beschämend häßlich dasteht ohne die</Unicode>
                </TextEquiv>
            </TextLine>
            <TextLine id="r1l55" custom="readingOrder {index:54;}">
                <Coords points="934,2315 2005,2315 2028,2260 933,2274"/>
                <Baseline points="941,2314 995,2313 1049,2312 1103,2311 1157,2310 1211,2309 1265,2309 1319,2308 1373,2307 1427,2306 1481,2305 1535,2305 1589,2304 1643,2304 1697,2303 1751,2303 1805,2302 1859,2302 1913,2301 1967,2301 2021,2301"/>
                <TextEquiv>
                    <Unicode>Hüllen der „Tugendhaftigkeit“ der Schutzgesetze, durch</Unicode>
                </TextEquiv>
            </TextLine>
            <TextLine id="r1l56" custom="readingOrder {index:55;}">
                <Coords points="926,2346 2007,2350 2039,2315 925,2311"/>
                <Baseline points="933,2351 990,2349 1048,2349 1106,2348 1164,2347 1222,2347 1280,2346 1337,2346 1395,2346 1453,2345 1511,2345 1569,2345 1627,2344 1684,2344 1742,2343 1800,2343 1858,2342 1916,2341 1974,2340 2032,2339"/>
                <TextEquiv>
                    <Unicode>die sie in ihrer Ohnmacht dem narürlichen Leben</Unicode>
                </TextEquiv>
            </TextLine>
            <TextLine id="r1l57" custom="readingOrder {index:56;}">
                <Coords points="938,2406 1496,2372 1882,2398 2030,2353 937,2348"/>
                <Baseline points="944,2396 998,2393 1052,2391 1106,2389 1160,2388 1214,2386 1268,2385 1322,2385 1376,2384 1430,2383 1484,2383 1538,2382 1592,2382 1646,2381 1700,2381 1754,2381 1808,2381 1862,2380 1916,2380 1970,2379 2024,2378"/>
                <TextEquiv>
                    <Unicode>gegenüber beschirmt wird; und die Cousine Agnes</Unicode>
                </TextEquiv>
            </TextLine>
            <TextLine id="r1l58" custom="readingOrder {index:57;}">
                <Coords points="932,2431 2025,2434 2038,2393 1479,2372 931,2407"/>
                <Baseline points="939,2428 993,2427 1048,2426 1102,2425 1157,2425 1212,2424 1266,2423 1321,2423 1375,2422 1430,2421 1485,2421 1539,2420 1594,2420 1648,2419 1703,2418 1758,2418 1812,2417 1867,2417 1921,2416 1976,2416 2031,2415"/>
                <TextEquiv>
                    <Unicode>wird — ohne des Wechsels bewußt zu werden — aus</Unicode>
                </TextEquiv>
            </TextLine>
            <TextLine id="r1l59" custom="readingOrder {index:58;}">
                <Coords points="929,2468 1954,2469 2033,2423 929,2430"/>
                <Baseline points="936,2470 990,2468 1045,2466 1099,2465 1154,2464 1208,2463 1263,2462 1317,2462 1372,2461 1426,2461 1481,2460 1535,2460 1590,2460 1644,2459 1699,2459 1753,2458 1808,2458 1862,2457 1917,2456 1971,2454 2026,2453"/>
                <TextEquiv>
                    <Unicode>der Anhängerin der Toleranz als Phrase zur Spre¬</Unicode>
                </TextEquiv>
            </TextLine>
            <TextLine id="r1l60" custom="readingOrder {index:59;}">
                <Coords points="937,2503 2034,2489 1997,2455 1172,2490 937,2465"/>
                <Baseline points="944,2510 998,2508 1052,2506 1106,2504 1160,2503 1214,2502 1268,2501 1323,2501 1377,2500 1431,2499 1485,2499 1539,2499 1593,2499 1647,2498 1702,2498 1756,2498 1810,2497 1864,2497 1918,2496 1972,2495 2027,2494"/>
                <TextEquiv>
                    <Unicode>cherin der Intoleranz der Natur. Frau Betty ist</Unicode>
                </TextEquiv>
            </TextLine>
            <TextLine id="r1l61" custom="readingOrder {index:60;}">
                <Coords points="938,2554 1992,2548 2040,2496 937,2503"/>
                <Baseline points="945,2547 999,2545 1053,2544 1108,2542 1162,2541 1217,2540 1271,2540 1325,2539 1380,2539 1434,2539 1489,2539 1543,2538 1597,2538 1652,2538 1706,2538 1761,2538 1815,2537 1869,2537 1924,2536 1978,2535 2033,2534"/>
                <TextEquiv>
                    <Unicode>die Mutter bei welcher nur das warme Herz spricht,</Unicode>
                </TextEquiv>
            </TextLine>
            <TextLine id="r1l62" custom="readingOrder {index:61;}">
                <Coords points="930,2592 2041,2563 1185,2531 930,2558"/>
                <Baseline points="937,2588 991,2586 1046,2585 1101,2584 1156,2583 1211,2582 1266,2581 1320,2580 1375,2579 1430,2579 1485,2578 1540,2578 1595,2577 1650,2577 1704,2576 1759,2576 1814,2575 1869,2574 1924,2574 1979,2573 2034,2572"/>
                <TextEquiv>
                    <Unicode>ohne nach Vernunftgründen zu fragen. Deshalb unter¬</Unicode>
                </TextEquiv>
            </TextLine>
            <TextLine id="r1l63" custom="readingOrder {index:62;}">
                <Coords points="938,2624 1948,2627 2040,2583 937,2590"/>
                <Baseline points="945,2626 999,2626 1053,2625 1108,2624 1162,2623 1217,2622 1271,2621 1326,2621 1380,2619 1435,2618 1489,2618 1543,2617 1598,2616 1652,2615 1707,2614 1761,2614 1816,2613 1870,2613 1925,2613 1979,2613 2034,2613"/>
                <TextEquiv>
                    <Unicode>liegt sie den angeblichen Vernunftgründen ihres</Unicode>
                </TextEquiv>
            </TextLine>
            <TextLine id="r1l64" custom="readingOrder {index:63;}">
                <Coords points="942,2669 1991,2664 2028,2623 942,2632"/>
                <Baseline points="949,2667 1002,2665 1056,2664 1109,2663 1163,2661 1217,2660 1270,2659 1324,2658 1377,2657 1431,2657 1485,2656 1538,2656 1592,2655 1645,2655 1699,2654 1753,2654 1806,2653 1860,2653 1913,2652 1967,2652 2021,2651"/>
                <TextEquiv>
                    <Unicode>Gatten und ihres künftigen Schwiegersohns, sie, die</Unicode>
                </TextEquiv>
            </TextLine>
            <TextLine id="r1l65" custom="readingOrder {index:64;}">
                <Coords points="936,2707 1971,2704 2041,2666 936,2678"/>
                <Baseline points="943,2707 997,2706 1052,2704 1106,2702 1161,2701 1216,2700 1270,2699 1325,2698 1379,2697 1434,2696 1489,2695 1543,2695 1598,2695 1652,2694 1707,2694 1762,2694 1816,2693 1871,2693 1925,2693 1980,2693 2035,2693"/>
                <TextEquiv>
                    <Unicode>selbst in den Traditionen der Gesellschaftsintoleranz</Unicode>
                </TextEquiv>
            </TextLine>
            <TextLine id="r1l66" custom="readingOrder {index:65;}">
                <Coords points="936,2734 1257,2761 1321,2731 1900,2723 2047,2751 2046,2704 1944,2694 935,2716"/>
                <Baseline points="942,2744 996,2743 1051,2742 1106,2742 1161,2741 1216,2740 1271,2740 1326,2739 1381,2739 1436,2738 1491,2738 1545,2737 1600,2737 1655,2736 1710,2736 1765,2735 1820,2734 1875,2734 1930,2733 1985,2732 2040,2731"/>
                <TextEquiv>
                    <Unicode>erwachsen ist und deren Herz nur die Partei ihres</Unicode>
                </TextEquiv>
            </TextLine>
            <TextLine id="r1l67" custom="readingOrder {index:66;}">
                <Coords points="945,2778 2035,2767 1908,2727 1457,2725 1243,2764 945,2743"/>
                <Baseline points="952,2784 1005,2783 1059,2781 1113,2780 1167,2779 1221,2779 1275,2778 1328,2778 1382,2777 1436,2777 1490,2776 1544,2776 1598,2775 1652,2775 1705,2774 1759,2773 1813,2772 1867,2771 1921,2770 1975,2769 2029,2767"/>
                <TextEquiv>
                    <Unicode>Sohnes kennt. Ihr Gatte ist ein schwankes Rohr.</Unicode>
                </TextEquiv>
            </TextLine>
            <TextLine id="r1l68" custom="readingOrder {index:67;}">
                <Coords points="933,2821 1988,2819 2050,2792 933,2793"/>
                <Baseline points="940,2822 995,2820 1050,2819 1105,2819 1160,2818 1215,2817 1270,2817 1326,2816 1381,2816 1436,2816 1491,2815 1546,2815 1601,2815 1656,2814 1712,2813 1767,2812 1822,2811 1877,2809 1932,2807 1987,2805 2043,2802"/>
                <TextEquiv>
                    <Unicode>Viel Herz hat er nicht, wie auch nicht genügend Ver¬</Unicode>
                </TextEquiv>
            </TextLine>
            <TextLine id="r1l69" custom="readingOrder {index:68;}">
                <Coords points="939,2864 2044,2850 1960,2808 939,2830"/>
                <Baseline points="946,2864 1000,2863 1055,2861 1109,2860 1164,2858 1218,2857 1273,2857 1327,2856 1382,2856 1436,2855 1491,2855 1546,2854 1600,2854 1655,2854 1709,2853 1764,2852 1818,2852 1873,2851 1927,2850 1982,2848 2037,2846"/>
                <TextEquiv>
                    <Unicode>stand. Die liebe Gewohnheit der gesellschaftlichen</Unicode>
                </TextEquiv>
            </TextLine>
            <TextLine id="r1l70" custom="readingOrder {index:69;}">
                <Coords points="942,2917 1988,2902 2044,2850 941,2863"/>
                <Baseline points="948,2902 1002,2900 1056,2898 1111,2897 1165,2896 1220,2895 1274,2895 1329,2894 1383,2894 1438,2894 1492,2894 1546,2894 1601,2894 1655,2893 1710,2893 1764,2893 1819,2892 1873,2891 1928,2890 1982,2888 2037,2887"/>
                <TextEquiv>
                    <Unicode>Moral besiegt das Schwanken und macht ihn fest</Unicode>
                </TextEquiv>
            </TextLine>
            <TextLine id="r1l71" custom="readingOrder {index:70;}">
                <Coords points="1000,2939 2010,2939 2047,2911 1611,2888 999,2915"/>
                <Baseline points="1006,2938 1057,2937 1109,2935 1161,2935 1212,2934 1264,2933 1316,2932 1367,2932 1419,2931 1471,2931 1523,2930 1574,2930 1626,2930 1678,2929 1729,2929 1781,2928 1833,2928 1884,2927 1936,2927 1988,2926 2040,2926"/>
                <TextEquiv>
                    <Unicode>an der Stütze des brutalen Schwiegersohns. Kann</Unicode>
                </TextEquiv>
            </TextLine>
            <TextLine id="r1l72" custom="readingOrder {index:71;}">
                <Coords points="944,2981 2043,2967 2042,2931 944,2941"/>
                <Baseline points="951,2981 1005,2979 1059,2977 1113,2976 1167,2975 1222,2974 1276,2973 1330,2973 1384,2973 1438,2972 1493,2972 1547,2972 1601,2971 1655,2971 1709,2971 1764,2970 1818,2969 1872,2968 1926,2966 1980,2965 2035,2962"/>
                <TextEquiv>
                    <Unicode>man das Stück, wie getan, auch hie und da als dem</Unicode>
                </TextEquiv>
            </TextLine>
            <TextLine id="r1l73" custom="readingOrder {index:72;}">
                <Coords points="939,3027 1905,3021 2042,2980 938,2990"/>
                <Baseline points="945,3025 999,3022 1054,3019 1108,3016 1163,3015 1217,3013 1272,3012 1326,3012 1381,3011 1435,3011 1490,3011 1544,3011 1599,3011 1653,3011 1708,3011 1762,3011 1817,3010 1871,3009 1926,3008 1980,3007 2035,3005"/>
                <TextEquiv>
                    <Unicode>Ideal eines Gesellschaftsdramas nicht voll gerecht</Unicode>
                </TextEquiv>
            </TextLine>
            <TextLine id="r1l74" custom="readingOrder {index:73;}">
                <Coords points="949,3058 1982,3056 2040,3011 948,3027"/>
                <Baseline points="955,3059 1011,3058 1068,3057 1125,3056 1182,3055 1238,3054 1295,3053 1352,3053 1409,3052 1466,3052 1522,3051 1579,3051 1636,3050 1693,3050 1750,3049 1806,3048 1863,3047 1920,3046 1977,3045 2034,3044"/>
                <TextEquiv>
                    <Unicode>werdend bemängeln, so sind die Ideale doch immer</Unicode>
                </TextEquiv>
            </TextLine>
            <TextLine id="r1l75" custom="readingOrder {index:74;}">
                <Coords points="946,3106 1899,3105 2021,3096 2051,3056 946,3057"/>
                <Baseline points="953,3097 1007,3097 1062,3096 1116,3095 1171,3094 1225,3093 1280,3093 1334,3092 1389,3091 1443,3091 1498,3090 1553,3089 1607,3089 1662,3089 1716,3088 1771,3088 1825,3087 1880,3087 1934,3087 1989,3086 2044,3086"/>
                <TextEquiv>
                    <Unicode>das Unerreichbare und man kann das Stück getrost</Unicode>
                </TextEquiv>
            </TextLine>
            <TextLine id="r1l76" custom="readingOrder {index:75;}">
                <Coords points="947,3148 1991,3135 2038,3128 2038,3092 946,3107"/>
                <Baseline points="953,3137 1006,3135 1060,3134 1114,3134 1168,3133 1222,3132 1276,3131 1330,3131 1384,3130 1438,3130 1492,3130 1545,3129 1599,3129 1653,3128 1707,3128 1761,3127 1815,3126 1869,3126 1923,3124 1977,3123 2031,3122"/>
                <TextEquiv>
                    <Unicode>unter die Meisterwerke rechnen, zumal wenn es so</Unicode>
                </TextEquiv>
            </TextLine>
            <TextLine id="r1l77" custom="readingOrder {index:76;}">
                <Coords points="941,3182 2013,3168 2044,3125 940,3146"/>
                <Baseline points="947,3178 1001,3176 1056,3175 1110,3173 1165,3172 1219,3171 1274,3171 1328,3170 1383,3169 1437,3169 1492,3168 1546,3168 1601,3167 1655,3167 1710,3166 1764,3165 1819,3164 1873,3163 1928,3162 1982,3161 2037,3159"/>
                <TextEquiv>
                    <Unicode>dargestellt wird, wie es geschah, obwohl mit Büchern</Unicode>
                </TextEquiv>
            </TextLine>
            <TextLine id="r1l78" custom="readingOrder {index:77;}">
                <Coords points="950,3214 2046,3214 2045,3144 2008,3172 950,3188"/>
                <Baseline points="957,3217 1011,3216 1065,3215 1119,3213 1173,3212 1227,3212 1281,3211 1335,3210 1389,3209 1443,3209 1498,3208 1552,3207 1606,3207 1660,3206 1714,3206 1768,3205 1822,3204 1876,3204 1930,3203 1984,3202 2039,3201"/>
                <TextEquiv>
                    <Unicode>in der Hand gespielt wurde. Das impulsiv natürliche</Unicode>
                </TextEquiv>
            </TextLine>
            <TextLine id="r1l79" custom="readingOrder {index:78;}">
                <Coords points="953,3252 2047,3251 2047,3210 952,3229"/>
                <Baseline points="960,3260 1014,3256 1068,3253 1122,3252 1176,3250 1230,3248 1284,3248 1338,3247 1392,3247 1446,3246 1500,3246 1554,3246 1608,3246 1662,3246 1716,3246 1770,3245 1824,3244 1878,3243 1932,3241 1986,3239 2040,3236"/>
                <TextEquiv>
                    <Unicode>Spiel ist es, was die Bühne des „Dramatischen Ver¬</Unicode>
                </TextEquiv>
            </TextLine>
            <TextLine id="r1l80" custom="readingOrder {index:79;}">
                <Coords points="942,3280 1050,3306 2047,3276 2010,3242 942,3262"/>
                <Baseline points="949,3297 1003,3295 1058,3294 1112,3292 1167,3290 1221,3289 1276,3288 1330,3287 1385,3286 1439,3286 1494,3285 1549,3284 1603,3284 1658,3283 1712,3282 1767,3281 1821,3281 1876,3279 1930,3278 1985,3277 2040,3276"/>
                <TextEquiv>
                    <Unicode>eins“ so vorteilhaft von der seelenlosen Routine und</Unicode>
                </TextEquiv>
            </TextLine>
            <TextLine id="r1l81" custom="readingOrder {index:80;}">
                <Coords points="960,3336 2012,3334 2035,3284 960,3296"/>
                <Baseline points="967,3336 1020,3333 1073,3331 1126,3330 1179,3328 1232,3328 1285,3327 1338,3326 1391,3325 1444,3325 1498,3325 1551,3324 1604,3324 1657,3324 1710,3323 1763,3322 1816,3322 1869,3321 1922,3319 1975,3317 2029,3315"/>
                <TextEquiv>
                    <Unicode>dem Schmierenpathos, die selbst an den großen</Unicode>
                </TextEquiv>
            </TextLine>
            <TextLine id="r1l82" custom="readingOrder {index:81;}">
                <Coords points="938,3385 2014,3374 2040,3317 937,3347"/>
                <Baseline points="945,3376 999,3373 1053,3371 1108,3369 1162,3368 1217,3367 1271,3366 1325,3365 1380,3365 1434,3364 1489,3364 1543,3364 1597,3363 1652,3363 1706,3362 1761,3361 1815,3361 1869,3360 1924,3358 1978,3357 2033,3355"/>
                <TextEquiv>
                    <Unicode>Petersburger Bühnen sich nicht verleugnen lassen,</Unicode>
                </TextEquiv>
            </TextLine>
            <TextLine id="r1l83" custom="readingOrder {index:82;}">
                <Coords points="971,3412 1971,3409 2040,3397 2040,3365 970,3377"/>
                <Baseline points="978,3411 1030,3411 1083,3411 1136,3410 1189,3410 1242,3409 1294,3408 1347,3407 1400,3406 1453,3405 1506,3404 1558,3403 1611,3403 1664,3402 1717,3401 1770,3400 1822,3400 1875,3399 1928,3399 1981,3399 2034,3400"/>
                <TextEquiv>
                    <Unicode>so beliebt gemacht hat; denn man sieht in der Dar¬</Unicode>
                </TextEquiv>
            </TextLine>
            <TextLine id="r1l84" custom="readingOrder {index:83;}">
                <Coords points="954,3457 2047,3423 1425,3393 953,3417"/>
                <Baseline points="961,3452 1017,3450 1074,3449 1131,3448 1188,3447 1244,3447 1301,3446 1358,3445 1415,3444 1472,3444 1528,3443 1585,3442 1642,3442 1699,3441 1756,3440 1812,3439 1869,3438 1926,3436 1983,3435 2040,3433"/>
                <TextEquiv>
                    <Unicode>stellung — uneigennützige Liebe zur Sache. Die Dar¬</Unicode>
                </TextEquiv>
            </TextLine>
            <TextLine id="r1l85" custom="readingOrder {index:84;}">
                <Coords points="984,3494 2050,3478 2049,3444 1964,3439 984,3457"/>
                <Baseline points="991,3488 1043,3487 1096,3486 1148,3485 1201,3485 1254,3484 1306,3484 1359,3483 1411,3483 1464,3483 1517,3482 1569,3482 1622,3481 1674,3481 1727,3480 1780,3479 1832,3479 1885,3477 1937,3476 1990,3475 2043,3473"/>
                <TextEquiv>
                    <Unicode>tellerinnen der Toni Weber, der Agnes und der</Unicode>
                </TextEquiv>
            </TextLine>
            <TextLine id="r1l86" custom="readingOrder {index:85;}">
                <Coords points="968,3540 2024,3532 2054,3501 967,3483"/>
                <Baseline points="975,3528 1028,3527 1082,3526 1135,3526 1189,3525 1243,3524 1296,3524 1350,3523 1403,3522 1457,3522 1511,3521 1564,3521 1618,3520 1671,3520 1725,3519 1779,3518 1832,3517 1886,3516 1939,3515 1993,3514 2047,3512"/>
                <TextEquiv>
                    <Unicode>Franziska standen obenan im naturgetreuen zum</Unicode>
                </TextEquiv>
            </TextLine>
            <TextLine id="r1l87" custom="readingOrder {index:86;}">
                <Coords points="971,3587 1998,3566 2059,3535 970,3543"/>
                <Baseline points="977,3569 1030,3567 1084,3566 1138,3564 1192,3563 1245,3563 1299,3562 1353,3561 1407,3561 1460,3560 1514,3560 1568,3559 1622,3559 1675,3558 1729,3557 1783,3556 1837,3555 1890,3554 1944,3552 1998,3551 2052,3548"/>
                <TextEquiv>
                    <Unicode>flusdrucke Bringen ihrer Charaktere, in der Lebendig¬</Unicode>
                </TextEquiv>
            </TextLine>
            <TextLine id="r1l88" custom="readingOrder {index:87;}">
                <Coords points="969,3626 2043,3604 2047,3548 968,3572"/>
                <Baseline points="975,3608 1028,3607 1081,3606 1134,3606 1188,3605 1241,3604 1294,3604 1347,3603 1401,3603 1454,3602 1507,3601 1560,3601 1614,3600 1667,3599 1720,3599 1773,3598 1827,3598 1880,3597 1933,3596 1986,3595 2040,3594"/>
                <TextEquiv>
                    <Unicode>keit der Handlung und dem tadellosen, dieses Mal,</Unicode>
                </TextEquiv>
            </TextLine>
            <TextLine id="r1l89" custom="readingOrder {index:88;}">
                <Coords points="951,3672 1178,3628 1220,3656 2050,3642 2050,3603 950,3599"/>
                <Baseline points="957,3647 1011,3646 1065,3645 1120,3645 1174,3644 1228,3643 1283,3643 1337,3643 1391,3642 1446,3642 1500,3641 1554,3641 1609,3640 1663,3639 1717,3638 1772,3637 1826,3636 1880,3635 1935,3633 1989,3632 2044,3630"/>
                <TextEquiv>
                    <Unicode>besonders zu betonenden Zusammenspiel. Emma</Unicode>
                </TextEquiv>
            </TextLine>
            <TextLine id="r1l90" custom="readingOrder {index:89;}">
                <Coords points="1144,3690 1941,3688 2046,3669 2046,3641 1143,3654"/>
                <Baseline points="1151,3679 1195,3680 1239,3680 1284,3680 1328,3680 1373,3680 1417,3680 1461,3680 1506,3679 1550,3679 1595,3679 1639,3678 1683,3677 1728,3677 1772,3676 1817,3675 1861,3674 1905,3673 1950,3672 1994,3671 2039,3670"/>
                <TextEquiv>
                    <Unicode>Dr. Schmidt, Frau Betty und Professor</Unicode>
                </TextEquiv>
            </TextLine>
            <TextLine id="r1l91" custom="readingOrder {index:90;}">
                <Coords points="962,3688 995,3687 1008,3694 1030,3685 1055,3693 1103,3685 1114,3695 1128,3684 1140,3685 1140,3666 1120,3666 1104,3651 1062,3648 1043,3659 1025,3648 1015,3654 1008,3648 989,3649 962,3659"/>
                <Baseline points="969,3687 996,3685 1023,3684 1051,3683 1078,3682 1105,3683 1133,3685"/>
                <TextEquiv>
                    <Unicode>Winter,</Unicode>
                </TextEquiv>
            </TextLine>
            <TextLine id="r1l92" custom="readingOrder {index:91;}">
                <Coords points="953,3718 1368,3740 1884,3727 1942,3696 2045,3738 2015,3676 952,3692"/>
                <Baseline points="959,3722 1015,3723 1072,3723 1129,3722 1186,3722 1242,3722 1299,3721 1356,3720 1413,3720 1470,3719 1526,3718 1583,3717 1640,3716 1697,3715 1754,3715 1810,3714 1867,3714 1924,3713 1981,3713 2038,3713"/>
                <TextEquiv>
                    <Unicode>Losatti, das kurze, aber dankbare Auftreten (des</Unicode>
                </TextEquiv>
            </TextLine>
            <TextLine id="r1l93" custom="readingOrder {index:92;}">
                <Coords points="947,3838 2031,3848 2047,3775 1310,3823 946,3803"/>
                <Baseline points="954,3852 1008,3850 1062,3849 1117,3848 1171,3846 1226,3845 1280,3844 1334,3843 1389,3842 1443,3841 1498,3840 1552,3839 1606,3839 1661,3838 1715,3837 1770,3837 1824,3837 1878,3836 1933,3836 1987,3836 2042,3836"/>
                <TextEquiv>
                    <Unicode>Intimus Hugos — Gustav Brandes', der sterbende</Unicode>
                </TextEquiv>
            </TextLine>
            <TextLine id="r1l94" custom="readingOrder {index:93;}">
                <Coords points="960,3893 1988,3888 2054,3849 959,3840"/>
                <Baseline points="967,3889 1021,3889 1075,3889 1129,3889 1183,3889 1237,3888 1291,3888 1345,3887 1399,3886 1453,3885 1507,3883 1561,3882 1615,3881 1669,3880 1723,3879 1777,3877 1831,3877 1885,3876 1939,3875 1993,3874 2048,3874"/>
                <TextEquiv>
                    <Unicode>Sohn Hugo und der Arzt Bernstein — lauter wohl¬</Unicode>
                </TextEquiv>
            </TextLine>
            <TextLine id="r1l95" custom="readingOrder {index:94;}">
                <Coords points="948,3939 2047,3926 2046,3885 1898,3874 1798,3906 1711,3879 948,3910"/>
                <Baseline points="955,3929 1009,3929 1063,3929 1117,3928 1172,3927 1226,3926 1280,3925 1334,3924 1389,3923 1443,3922 1497,3921 1551,3920 1606,3919 1660,3918 1714,3918 1768,3917 1823,3918 1877,3918 1931,3919 1985,3920 2040,3922"/>
                <TextEquiv>
                    <Unicode>abgerundete, wohlabgetönte Leistungen. Und doch</Unicode>
                </TextEquiv>
            </TextLine>
            <TextLine id="r1l96" custom="readingOrder {index:95;}">
                <Coords points="950,3984 1782,3954 1753,3919 949,3939"/>
                <Baseline points="957,3969 997,3968 1038,3967 1079,3967 1120,3967 1161,3966 1202,3965 1243,3965 1284,3965 1325,3964 1366,3964 1406,3963 1447,3962 1488,3962 1529,3961 1570,3960 1611,3958 1652,3957 1693,3956 1734,3954 1775,3952"/>
                <TextEquiv>
                    <Unicode>nur ein Leseabend. Alle Hochachtung!</Unicode>
                </TextEquiv>
            </TextLine>
            <TextLine id="r1l97" custom="readingOrder {index:96;}">
                <Coords points="1146,4008 2003,4004 2053,3993 2053,3958 1145,3972"/>
                <Baseline points="1153,4002 1197,4003 1242,4003 1286,4003 1331,4002 1376,4002 1420,4001 1465,4000 1510,3999 1554,3998 1599,3997 1644,3995 1688,3994 1733,3993 1778,3992 1822,3991 1867,3990 1912,3990 1956,3989 2001,3989 2046,3990"/>
                <TextEquiv>
                    <Unicode>Neue Oper im „Aquarium“. Das</Unicode>
                </TextEquiv>
            </TextLine>
            <TextLine id="r1l98" custom="readingOrder {index:97;}">
                <Coords points="950,4041 1965,4047 2043,4031 2043,3994 950,4006"/>
                <Baseline points="958,4041 1014,4041 1071,4040 1128,4040 1185,4039 1241,4039 1298,4038 1355,4038 1412,4038 1469,4037 1525,4037 1582,4036 1639,4036 1696,4035 1753,4035 1809,4034 1866,4033 1923,4033 1980,4032 2037,4031"/>
                <TextEquiv>
                    <Unicode>Ensemble der Neuen Oper veranstaltete im Großen</Unicode>
                </TextEquiv>
            </TextLine>
            <TextLine id="r1l99" custom="readingOrder {index:98;}">
                <Coords points="964,4085 1905,4059 2051,4089 2051,4031 963,4054"/>
                <Baseline points="971,4079 1024,4079 1078,4080 1131,4080 1185,4080 1239,4080 1292,4079 1346,4079 1400,4078 1453,4077 1507,4077 1561,4076 1614,4075 1668,4074 1722,4073 1775,4073 1829,4072 1883,4072 1936,4072 1990,4072 2044,4073"/>
                <TextEquiv>
                    <Unicode>Saale des Konservatoriums zum wohltätigen Zwecke</Unicode>
                </TextEquiv>
            </TextLine>
            <TextLine id="r1l100" custom="readingOrder {index:99;}">
                <Coords points="954,4124 1680,4142 1775,4102 2051,4109 1905,4058 1785,4091 954,4084"/>
                <Baseline points="961,4110 1015,4112 1069,4115 1123,4117 1177,4118 1231,4119 1285,4120 1340,4120 1394,4120 1448,4119 1502,4118 1556,4118 1610,4117 1664,4115 1719,4114 1773,4114 1827,4113 1881,4112 1935,4111 1989,4110 2044,4110"/>
                <TextEquiv>
                    <Unicode>eine Vorstellung, in der der „Dämon“ von Rubin¬</Unicode>
                </TextEquiv>
            </TextLine>
            <TextLine id="r1l101" custom="readingOrder {index:100;}">
                <Coords points="1716,4139 1790,4170 1863,4161 1886,4171 1905,4161 1964,4164 1978,4152 2015,4162 2035,4146 2067,4143 2068,4118 2042,4130 2016,4111 1909,4124 1894,4114 1717,4115"/>
                <Baseline points="1724,4132 1749,4136 1775,4139 1801,4141 1827,4142 1853,4144 1879,4144 1904,4145 1930,4145 1956,4145 1982,4146 2008,4146 2034,4146 2060,4147"/>
                <TextEquiv>
                    <Unicode>* Dämnn“ ist</Unicode>
                </TextEquiv>
            </TextLine>
            <TextEquiv>
                <Unicode>schenleben gehen vor unseren Augen zugrunde. 
halb wohl der Dichter sein Stück nur Schauspiel
und nicht Trauerspiel genannt hat? Weil der Tod
Hugos, seines kleinen Sohnes und der „Geliebten“
nicht durch deren eigene Schuld herbeigeführt wird,
weil der Dichter keine Schicksalstragödie schreiben
wollte, obwohl die Charaktertragödie vom fatalisti¬
schen Standpunkte doch immer Schicksalstragödie
breibk, zumal bei diesem Stück, wo die Schuld am
Milien, an der Gesellschaft liegt? — Die beiden wenig
lebenswahr gezeichneten Charaktere sind die des
Dr. Ferdinand Schmidt und der Schwägerin Emma
Winter. Beide sind Verkörperungen der sich im Stücke
befehdenden Tendenzen. In Schmidts Charakterisie¬
rung fehlt das Warum seines Verhaltens. Ist er
ein Streber, so decke sich sein Verhalten allerdings
mit dem eines teils der „vorurteilsvollen“ Gesell¬
schaft, doch seine Beweggründe wären den natürlichen,
auf Tradition, aber auch Eifersucht beruhenden Vor¬
urteilen der enttäuschten, von der Gesellschaft zu
Hugos Braut ausersehenen Agnes gegenüber schärfer
zu präzisieren; hat er, der aus denselben „niederen
Schichten“ wie Toni Weber hervorgegangen ist, den
Glauben an die Töchter dieser Schichten verloren, so
wäre eine Begründung dieser Anschauung erwünscht
gewesen. So steht Dr. Schmidt als eigensinniger bru¬
taler Verfechter der Konvention da, ein unmotiviert
häßlicher Charakter, wie wir sie in der pfeudoklassi¬
schen Literatur schon zu genüge gehabt haben. Und
doch hätte der Dichter aus ihm, als einem der Ver¬
treter der Vorurteile der „niederen Schichten“ neben
denen der „besseren Gesellschaft“ die wir im Stücke
kennen lernen, mit ein paar Worten außerordentlich
viel machen können. Die Motive des Verhaltens der
liberalen Witwe Winter, der tapferen Verfechterin
der Erfüllung des Vermächtnisses sind allerdings
genannt. Doch sie steht wieder als Sprecherin der
Loleranztendenz zu heroinenhaft da, als daß wir mo¬
dernen Menschen, die das Strahlende zu schwärzen
lieben, nicht auch in ihr einige allzumenschliche Seelen¬
kämpfe des Zweifels gerne entdeckt hätten. Denn
mit einer bloßen Behauptung, mag sie auch ein aus
vielen Kämpfen außerhalb der Bühnengegenwart sieg¬
reich hervorgegangenes Panier sein, ist das Thema
nicht erschöpft; wir wollen von ihr, bei der noch nicht
nur des Herzens Wünsche sprechen, eine Begründung
ihres Verhaltens in der Bühnengegenwart. Psycho¬
logisch fein gezeichnet ist dagegen der Uebergang in
der Stimmung der beiden Backfische des Stücks; die
Tochter des Hauses Franziska, gedankenlos einer Kon¬
ventionsehe entgegentreibend, erwacht; ihr natürlich
gutes, naiv die Vorurteile nicht verstehendes Herz
empört sich gegen die Brutalität der Gesellschafts¬
moral, welche so beschämend häßlich dasteht ohne die
Hüllen der „Tugendhaftigkeit“ der Schutzgesetze, durch
die sie in ihrer Ohnmacht dem narürlichen Leben
gegenüber beschirmt wird; und die Cousine Agnes
wird — ohne des Wechsels bewußt zu werden — aus
der Anhängerin der Toleranz als Phrase zur Spre¬
cherin der Intoleranz der Natur. Frau Betty ist
die Mutter bei welcher nur das warme Herz spricht,
ohne nach Vernunftgründen zu fragen. Deshalb unter¬
liegt sie den angeblichen Vernunftgründen ihres
Gatten und ihres künftigen Schwiegersohns, sie, die
selbst in den Traditionen der Gesellschaftsintoleranz
erwachsen ist und deren Herz nur die Partei ihres
Sohnes kennt. Ihr Gatte ist ein schwankes Rohr.
Viel Herz hat er nicht, wie auch nicht genügend Ver¬
stand. Die liebe Gewohnheit der gesellschaftlichen
Moral besiegt das Schwanken und macht ihn fest
an der Stütze des brutalen Schwiegersohns. Kann
man das Stück, wie getan, auch hie und da als dem
Ideal eines Gesellschaftsdramas nicht voll gerecht
werdend bemängeln, so sind die Ideale doch immer
das Unerreichbare und man kann das Stück getrost
unter die Meisterwerke rechnen, zumal wenn es so
dargestellt wird, wie es geschah, obwohl mit Büchern
in der Hand gespielt wurde. Das impulsiv natürliche
Spiel ist es, was die Bühne des „Dramatischen Ver¬
eins“ so vorteilhaft von der seelenlosen Routine und
dem Schmierenpathos, die selbst an den großen
Petersburger Bühnen sich nicht verleugnen lassen,
so beliebt gemacht hat; denn man sieht in der Dar¬
stellung — uneigennützige Liebe zur Sache. Die Dar¬
tellerinnen der Toni Weber, der Agnes und der
Franziska standen obenan im naturgetreuen zum
flusdrucke Bringen ihrer Charaktere, in der Lebendig¬
keit der Handlung und dem tadellosen, dieses Mal,
besonders zu betonenden Zusammenspiel. Emma
Dr. Schmidt, Frau Betty und Professor
Winter,
Losatti, das kurze, aber dankbare Auftreten (des
Intimus Hugos — Gustav Brandes', der sterbende
Sohn Hugo und der Arzt Bernstein — lauter wohl¬
abgerundete, wohlabgetönte Leistungen. Und doch
nur ein Leseabend. Alle Hochachtung!
Neue Oper im „Aquarium“. Das
Ensemble der Neuen Oper veranstaltete im Großen
Saale des Konservatoriums zum wohltätigen Zwecke
eine Vorstellung, in der der „Dämon“ von Rubin¬
* Dämnn“ ist</Unicode>
            </TextEquiv>
        </TextRegion>
    </Page>
</PcGts>
