3436 4256
1394 188 1855 290 box 16/2
205 216 1257 314 10. Das Vermaschtnis
2255 1433 2422 1485 1 fl.
180 1435 2295 1535 Snmmmmmmen Die nache Baugrunne m#dte Beurfenertetun d
1207 1515 3295 1593 von ihrem Kinde nicht einwilligen konnte, ließ den Alten] Schamgefühles, so würde sie das „Vermächtniß“ ihres
522 1516 912 1593 Burgtheater.
1219 1570 2267 1624 einsam zu Grunde gehen und folgte dem Geliebten in die
177 1546 1232 1635 I.D Behnichtniß“. Schaufpiel in drei Aeten von Arthur
2250 1565 3286 1631 Hugo nicht annehmen. Für sie gibt es keine Entschuldi¬
576 1608 851 1674 Schnitzler.
2246 1617 3286 1679 gung, weder im Leben noch im Drama. Den Sterbenden
1214 1609 2262 1671 Wohnung, die dieser ihr, zwanzig Schritte von seinem
2246 1656 3294 1736 mag die durch seinen Sturz vom Pferde hervorgerufene
1219 1663 2263 1721 Elternhause entfernt, hinter dem Rücken seines wohl¬
265 1642 1232 1731 Eine Verbindlichkeit, die wir Anderen wider ihren
2250 1708 3302 1785 Gehirnerschütterung entlasten! Das aber heißt die Unzu¬
181 1687 1236 1764 Willen aufladen, ohne ihnen die Mittel, sie zu erfüllen,
1227 1705 2256 1767 habenden Vaters von dessen Gelde einrichtete. Hugo
2253 1759 3135 1813 rechnungsfähigkeit über das Drama aussprechen.
1217 1759 2258 1828 schümte sich mit Recht seiner Handlungen und wartete an¬
182 1748 1222 1816 in die Hand zu geben, kann unmöglich ein Vermächtniß
1225 1791 2265 1862 geblich nur auf seine Selbständigkeit, um Toni (nach vier¬
2329 1783 3285 1869 Wohl gelingt es dem Dichter, uns mit der an Ibsen
172 1806 1228 1879 genannt werden. Sonst wäre auch die letzte Bitte des
1228 1848 2256 1907 jähriger wilder Ehe) heimzuführen. Er wußte also, daß er
2250 1835 3283 1913 erinnernden Geschicklichkeit seiner Exposition über die
173 1852 1229 1917 Herrn Schwertlein ein Vermächtniß, welche Mephistopheles
1229 1897 2254 1955 schweres Unricht gut zu machen hatte, so weit
2245 1890 3289 1940 Haltlosigkeit seiner Voraussetzungen im Unklaren zu er¬
172 1898 1228 1960 der enttäuschten Frau Martha mit den ironischen Worten
1220 1945 2261 1999 dies überhaupt noch in seiner Macht stand. Und nun, da
2248 1940 3285 2004 halten, aber nur, so lange seine große Kunst unsere Sinne
180 1948 1221 2006 überbringt: „Lass' Sie doch ja für ihn dreihundert Messen
1226 1986 2259 2048 ihn der Tod bei einem gewohnten Spazierritt im Prater
2246 1973 3291 2058 bezaubert, unsere Urtheilskraft bindet. Schnitzler hat das
184 1987 1224 2057 singen! Im Uebrigen sind meine Taschen leer.“ Bei solchen
185 2028 1233 2097 Legaten möchte der Teufel Erbe und Testamentsvollstrecker sein.
2247 2036 3283 2096 gefährliche Talent, für und gegen eine Sache mit derselben
1215 2037 2264 2095 vom Pferde stürzt, soll er alle seine Ansichten und
2253 2070 3297 2139 leidenschaftlichen Beredtsamkeit einzutreten und seinen
180 2091 1224 2145 Das „Vermächtniß" des jungen Doctor Juris Hugo Losatti,
1222 2083 2263 2133 Grundsätze so gänzlich vergessen, soll er die bestehenden
2253 2127 3294 2193 Scheingründen das Ansehen ewiger Wahrheiten zu geben.
1226 2134 2255 2188 Verhältnisse so schwer und gröblich mißkannt haben, daß
185 2133 1233 2198 welches dem Schnitzler'schen Schauspiele seinen Namen
1216 2174 2264 2243 er seinem früheren Unrecht ein Mäntelchen falscher
2247 2169 3291 2234 Möglich, daß er selbst an seine Objectivität glaubt
170 2176 1234 2236 gegeben hat, ist ebenfalls der Wunsch eines Sterbenden,
1221 2228 2257 2291 Barmherzigkeit umhängen und auf seinen verzeihlichen
2260 2220 3292 2290 Hinter dem aus der Luft gegriffenen Problem seines,
186 2221 1234 2275 eine Bitte, noch größer und schwerer, als die des Herrn
1226 2269 2262 2327 Leichtsinn ein unverzeihliches Verbrechen pfropfen möchte?
2247 2255 3295 2344 „Vermächtnisses“ lauscht ein tieferes hervor, wie das Gesicht
173 2277 1221 2338 Schwertlein, und die Erfüllung dieses sonderbaren letzten
2252 2304 3296 2389 hinter der Larve: das Problem der freien Liebe, welche der Ehe,
1219 2319 2259 2383 Ein solches bleibt seine empörende, dreiste Zumuthung,
172 2308 1235 2371 Willens liegt noch weiter von aller Voraussicht und
2248 2363 3292 2432 den Krieg erklärt: aber es will sich nicht demaskiren.]
1222 2366 2266 2428 mag sie der Dichter noch so sehr beschönigen. Der Eintritt
186 2362 1222 2424 Möglichkeit ab. Hugo vermacht Eltern und Geschwistern
2251 2400 3288 2473 Der Dichter scheut sich, die Grenzen zu überschreiten, die
1220 2396 2268 2469 der Ehrlosen in ein rechtschaffenes Haus ist ein Scandal,
180 2417 1228 2470 die Sorge für seine Geliebte und deren Kind. Das wäre
2260 2459 3285 2521 er sich selbst gesteckt hat. Niemand würde ihm das Recht
1218 2459 2258 2511 ein schädlicher, überflüssiger und sinnloser Eingriff in die
184 2453 1232 2514 nichts Ungewöhnliches. Aber er besteht zugleich darauf,
1226 2484 2262 2561 Rechte der Gesellschaft. Hugo macht seine Eltern lächer¬
2250 2496 3286 2562 absprechen, für sein Ideal zu kämpfen und widerstritte
183 2504 1235 2566 daß seine Hinterbliebenen, von deren Existenz im Hause
1227 2550 2252 2608 lich, gibt seinem dreizehn ährigen Bruder das schlechteste
2249 2552 3285 2618 dieses zehnmal den herrschenden Anschauungen. Hätten doch
181 2540 1236 2601 Losatti bisher kaum etwas bekannt war, als Schwieger¬
1220 2595 2264 2657 Beispiel, compromittirt seine heiratsfähige Schwester, und
2248 2600 3292 2658 Hugo und Toni den Kampf mit der verlogenen, dem
188 2597 1224 2659 tochter und Schwägerin, Enkel und Nesse, ausgenommen
1217 2641 2268 2709 das Alles um Toni. Wer ist denn diese Toni, daß sie die
2249 2641 3297 2708 Verderben geweihten Gesellschaft selber aufgenommen,
182 2643 1231 2709 und der Familie einverleibt werden. Vater und Mutter
2256 2692 3296 2750 anstatt ihre Schatten dafür ins Treffen zu schicken! Ja,
1208 2679 2267 2737 gesellschaftliche Ordnung aus den Angeln heben und die
184 2690 1194 2747 versprechen es ihm, und er stirbt erleichterten Herzens.
2251 2740 3283 2810 wäre wenigstens die ihnen leider verborgen gebliebene Idee
277 2740 2257 2802 Auf dieser Voraussetzung, welche im ersten Acte des Wohlfahrt einer Familie vernichten durfte? Es scheint,
1221 2770 2257 2847 daß die Verlorene in der modernen Dichtung schon darum
2250 2769 3294 2858 in blanken Waffen und erhobenen Hauptes durch
179 2788 1235 2838 Schauspieles gegeben wird, basirt das Stück. Sie ist in
1217 2826 2258 2891 einen Heiligenschein erhält, weil sie gefallen ist. Und wenn
3166 2834 3290 2891 als
2246 2816 3182 2901 das Drama geschritten, und wären sie
178 2827 1227 2910 sich so unwahr und haltlos wie der erschlichene Titel, und
1223 2878 2260 2936 Hugo noch hoffen durfte, ihr und ihrem Kinde einen
2256 2860 3292 2938 deren Märtyrer gefallen! Man wüßte doch, wofür
178 2871 1226 2952 zu eitel Spiegelfechterei und Zungengedresch sinkt herab,
1218 2920 2251 2989 Liebesdienst zu erweisen, wenn Toni noch davon über¬
2260 2930 3300 2980 sie gelebt und gelitten haben, wofür sie gestorben
185 2912 1240 3004 was der eigensinnig in seinen Stoff verrannte Dichter von
185 2975 2257 3034 ihr herleitet. Hugo fühlte es, daß er sich gegen die gute zeugt wäre! Beide mußten schon bei der geringsten Ueber¬
2248 2956 3288 3034 sind. Der Zufallstod Hugos war ein bloßes Unglück, der
183 3015 2260 3079 Sitte vergangen hatte, als er Toni Weber, die einzige legung sich sagen, daß daran gar nicht zu denken ist.
2253 3021 3293 3075 Tod seines Kindes und seiner Geliebten sind es auch.
1219 3066 2263 3133 Hätten sie nur den gewöhnlichen Menschenverstand, so
2245 3067 3297 3125 Der kleine Franz verträgt es nicht, aus der alten gemüth¬
170 3065 1237 3123 Tochter eines redlichen, kleinen Beamten, verführte. Vater
181 3113 2265 3174 Weber wollte begreiflicherweise von dem illegitimen Enkel] würden sie die Dinge voraussehen, wie sie kommen. Ja,
2247 3104 3291 3169 lichen Kinderstube in den Losatti'schen Salon verpflanzt
174 3147 3306 3247 nichts wissen; die Tochter, die wieder in die Trennung besäße Toni nur einen Funken weiblichen Stolzes und zu werden, und stirbt an nervöser Ueberreiztheit. Toni
