3436 4320
1423 153 1885 246 box 16/3
236 146 1282 260 10. Das Vernaechtnis
1337 369 1710 431 Telefon 12801.
1056 453 1980 537 Unternehmen für Zeitungs-Ausschnitte
2036 501 2256 571 Ausschnitt
708 494 1073 622 M 105
1179 535 1802 656 „OBSERVER
1984 563 2251 665 Nr. 75
785 635 2263 737 I. österr. behördl. concess. Bureau für Zeitungsberichte und Personalnachrichten
1085 702 1936 802 Wien, IX/1 Türkenstrasse 17.
1016 785 1984 885 — Filiale in Budapest: „Figyelö“, VIII. Josefsring 31 a.
767 951 1949 1129 Ausschmit aus Staelshürgef-Toltung, Dert¬
772 1121 1222 1209 1.7.72.
915 1334 2094 1437 Theater, Coneerte, Vergnügungen.
1022 1398 2120 1493 Deutsches Theater. Ein neues Schauspiel in drei
911 1454 2120 1538 Acten vön Arthur Schnitzler: „Das Vermächtnis“ hat gestern
902 1497 2121 1579 Abend bei der hiesigen Erstaufführung dem Wiener Autor, welcher
899 1552 2112 1611 persönlich anwesend war, eine erkleckliche Anzahl von Hervor¬
895 1598 2115 1674 rufen eingebracht. Sein bedeutendes Bühnentalent, die drama¬
894 1628 2120 1725 tische Gestaltungskraft und den scharfen Blick für das moderne
899 1693 2118 1749 Leben hat der Antor schon früher zweimal in größeren Schau¬
903 1732 2107 1801 spielen bekundet. Dem feineren Talente des Realisten, der
897 1767 2107 1854 sehr anziehende Stimmungsbilder vorzuführen wusste, waren
897 1813 2107 1894 auch warme Gemütstöne eigen, die unmittelbar das Herz be¬
898 1870 2106 1924 rühren konnten und tiefere menschliche Empfindungen weckten.
899 1909 2108 1986 Das neue Werk begegnete offenbar, wie das voll¬
892 1957 2105 2029 besuchte Haus darlegte, großen Erwartungen, welchen der
895 2000 2106 2058 Verfasser auch ziemlich weit entsprochen hat. Aller¬
898 2029 1551 2100 dings ist „Das Vermächtnis“
1576 2050 2102 2118 ein eigenartiges, fast
895 2071 1166 2144 ausschließlich
1162 2098 2107 2155 im Trauerflor einherschreitendes Stück
888 2125 2108 2200 Leben oder besser gesagt: Familienleben. Jeder der drei
890 2160 2096 2238 spannungsvoll gearbeiteten Acte führt an ein neues Grab.
894 2218 2107 2299 Der Tod sordert allmählich drei Opfer aus der Familie des
887 2249 2110 2329 höchst ehrenwerten, aber etwas doctrinären National=Oekonomie¬
889 2311 2099 2369 Professors und Abgeordneten Dx. Losatti; im ersten Acte
894 2344 2097 2424 stirbt der hoffnungsvolle ältere Sohn Hugo am Hufschlage
891 2388 2092 2450 eines Pferdes. Er ist das Opfer seines Reitsports, wird,
734 2428 2101 2494 Fer 4 nachdem die Handlung im freundlichsten Wiener Sonnenschein
889 2481 2120 2545 der Familie Losatti und weiterer Verwandten und Hausfreunde e
884 2514 2127 2597 begonnen, als tragische Verdüsterung sterbend in die Wohnung
888 2567 2165 2614 zurückgebracht, um noch kurz vor dem Verscheiden seinen ue
756 2591 874 2655 „ 10
883 2619 2089 2677 letzten Willen aussprechen zu können. Dieses Vermächtnis
881 2656 2079 2717 betrifst die Fürsorge für ein vierjähriges Kind und dessen
736 2665 890 2727 Abonn
900 2693 2201 2754 junge Mutter, von deren Beziehungen zu Hugo weder Vater den
731 2718 882 2771 Abonn
887 2746 2086 2813 noch Mutter eine Ahnung hatten. Das Familienbild, welches
885 2785 2093 2858 der Verfasser hier aufrollt, die Stellung der einzelnen
872 2837 2093 2904 Familienangehörigen zu der überraschenden Offenbarung des
886 2871 2083 2949 Sterbenden, das liebevolle Einverständnis der Mutter und
871 2920 2088 2972 der Schwester, das etwas kopflose und vom gesellschaftlichen
873 2956 2094 3020 Vorurteil beherrschte Benehmen des Vaters und des
878 2998 990 3052 als
986 2993 1241 3063 zukünftiger
1255 3008 2095 3080 Schwiegersohn geltenden Hausarztes,
870 3045 996 3098 der
990 3041 1313 3112 vornehme und
1340 3059 2089 3111 vorurteilslose Charakter der ver¬
862 3080 1634 3154 witweten Tante Hugo's und
1668 3099 2091 3165 Schwägerin des
867 3132 2075 3203 Herrn Professors — alles das ist mit feiner, intimer Lebens¬
871 3180 2073 3247 farbe durchgeführt und der ganze Vorgang von ergreifendster
877 3219 2094 3293 Art, da auch die Geliebte und das Kind an das Sterbelager
873 3268 2082 3325 Hugo's citirt werden. Ein wirklich organischer Zusammenhang
866 3312 2083 3377 dieses ersten Actes mit den beiden andern Acten, in welchen
870 3343 2083 3415 das Drama der schicksalsschwer geprüften Geliebten, Toni
864 3404 2081 3465 Weber, eines mittellosen Wiener Bürgermädchens, weiter und
864 3443 1579 3499 zum Abschluss geführt wird, ist
1574 3444 2077 3518 nicht recht erkennbar.
870 3474 1277 3537 Alles neigt sich
1285 3477 1391 3539 im
1396 3482 2081 3556 zweiten Acte zugunsten der
868 3527 2067 3591 armen Toni, man will das Vermächtnis Hugo's ehrlich
860 3576 2071 3617 erfüllen und das Enkelkind besonders bildet die liebliche Brücke
865 3613 2069 3687 zur Besiegung aller Vorurteile, die man sonst dem Aufenthalt
853 3661 2070 3726 der Geliebten des verstorbenen Hugo entgegengebracht hätte.
856 3704 2071 3761 In voller Liebe steht zu der Unglücklichen Losatti's Tochter
856 3725 2063 3810 Franziska, während der Hausarzt, Franziska's Verlobter, nach
856 3785 2068 3858 wie vor zelotisch gegen die ehemalige „Maitresse“ eifert.
859 3831 2072 3902 Der Act gipfelt in dem plötzlichen, freilich nicht besonders
852 3866 2062 3947 motivirten Tode des Kindes, und so ergibt sich für
857 3925 2057 3989 den Schlufsact von selbst der allmähliche Rückzug der
849 3955 2064 4041 Familie Losatti und die herzlose Isolirung und Vereinsamung
848 4006 2065 4075 der trauernden Mutter Toni Weber, die in ihrer seelischen
859 4049 2078 4132 Trostlosigkeit aus dem Hause der Herzlosigkeit scheidet, um
845 4105 1923 4145 den Tod aufzusuchen. Nur Huao's Schwester hatte in
