3392 4384
161 264 1817 380 10. Das Vernacchtnis box 16/5
2349 1170 2754 1277 Telephon 12801.
1013 1215 1427 1297 Telephon 12601.
268 1312 345 1398 5
1758 1328 2142 1448 WEAe
2621 1344 2728 1441 900
2147 1335 2575 1448 e
1570 1270 1706 1440 4
352 1365 1072 1464 MMMKIELETERTTK
1124 1373 1404 1471 N
252 1385 340 1455 1
256 1448 300 1496 *
1578 1434 2735 1522 □ l. österr. behördl. konz. Unternahmen für Zeitungs¬
257 1460 1410 1557 G l. österr. behördl. konz. Unternehmen für Zeitungs¬
2062 1486 2336 1547 Ausschnitte
749 1515 1014 1587 Ausschnitte
266 1522 341 1565 68
1750 1537 2649 1634 Wien, I., Concordiaplatz 4.
423 1555 1310 1655 Wien, I., Concordiaplatz 4.
262 1598 329 1650 12
2000 1612 2397 1680 Vertretungen
680 1651 1061 1706 Vertretungen
1662 1649 2746 1726 in Berlin, Budapest, Chicago, Christiania, Genf, Kopen¬
1575 1681 1620 1749 :
245 1672 1426 1749 2# in Berlin, Budapest, Chicago, Christiania, Genf, Kopen¬
1673 1707 2747 1774 hagen, London, Madrid, Mailand, Minneapolis, New Vork,
267 1743 1417 1796 g hagen, London, Madrid, Mailand, Minneapolis, New Vork,
1616 1733 2745 1809 □ Paris, Rom, San Francisco, Stockholm, St. Petersburg.
330 1776 1419 1854 Paris, Rom, San Francisco, Stockholm, St. Petersburg.
2010 1794 2405 1862 (Quellenangabe ohne Gewahr,)
674 1817 1075 1883 (Quellenangabe ohne Gewähr.)
253 1817 350 1874 —
1920 1848 2010 1912 ba#
1584 1846 1879 1951 iS Ausso
242 1860 739 1932 2 Ausschnitt aus:
1871 1862 2627 1962 te Freie Presse, Wien
735 1878 1247 2007 Wiener Journal
243 1931 343 2006 55
1915 1929 2212 2010 11. 1l. 1908
515 1929 742 2028 #f Gb3
1656 1948 1880 2047 vom:
2083 1994 2303 2046 Rzm
318 1957 491 2035 vom:
1677 2026 2770 2087 [Lustspieltheater.] Es gab heute auf dieser Bühne
1592 2076 2765 2141 im Prater ein kleines literarisches Ereignis. Man spielte
1248 2073 1393 2145 L. In
2549 2118 2773 2183 ex, jenes
1605 2115 2392 2187 „Das Vermächtnis“ von Arthur
282 2102 1449 2206 (Lustspieltheater.) Artur Schnitzl##vor Jahren
1599 2134 2754 2217 Schauspiel aus den jüngeren Jahren des Dichters, das, bald
177 2166 1439 2238 im Burgtheater gegebenes Schauspiel „Das Vermächtnis“ ist
1598 2205 2765 2256 nach der „Liebelei“ entstanden, sich noch im Banne jener
171 2229 1451 2270 geßern unter die literarischen Abende des Lustspieltheaters auf¬
1595 2249 2762 2306 Probleme bewegt. Während aber in der „Liebelei“ doch noch
171 2268 1450 2336 genommen worden. Dieses Stück ist ganz aus jenem Ideenkreis
1600 2289 2765 2355 neben dem Tragischen all das Heiter=Lebendige jugend¬
175 2321 1447 2359 des Dichters hervorgegangen, der das Sterben und den Abschied
1601 2330 2762 2391 fröhlichen Genießens auf der Bühne Glanz und Freude ver¬
168 2370 1452 2439 fürs Leben, der die heimliche Liebe, die Liebelei und das süße
1600 2385 2771 2436 breitet, ist hier das Problem ganz tragisch gestaltet. Hugo Losatti,
168 2411 1435 2472 Mädel in nachdenklichen grüblerischen Gedanken erfaßt und ge¬
1589 2420 2769 2467 der Sohn vornehmer Eltern, hat ein heimliches Verhältnis mit
1595 2461 2763 2518 einem Wiener Mädel. Er stirbt an einem Sturz vom Pferde
159 2471 1447 2521 staltet hat. Im „Vermächtnis“ klingen alle diese lauten und
1598 2506 2765 2569 plötzlich und entdeckt kurz vorher sein Verhältnis, damit Toni
169 2508 1451 2583 leisen Töne. Es ist mehr eine seine Novelle als ein
1590 2557 2763 2609 und sein Kind bei seinen Verwandten ein Heim finden. Das
183 2559 1443 2606 Schauspiel. In einer gut abgestimmten Aufführung wird
1602 2587 2777 2657 ist sein Vermächtnis. Aber nur Franzi, sein: Schwester, fühlt
164 2609 1446 2664 es trotzdem immer von einer ergreifenden Wirkung
1590 2632 2766 2685 gut und großherzig. Alle anderen können die Schranken der
174 2644 1442 2707 sein, und daran hat es gestern nicht gefehlt. Hansi Niese spielte
1599 2682 2770 2737 Konvention nicht durchbrechen. Als nun auch das Kind stirbt,
175 2703 1438 2770 das süße Mädel aus dem Volke, das die Geliebte des jungen
1609 2726 2759 2781 weist man Toni die Tür; die ganz Verlassene folgt ihrem
162 2743 1437 2812 Mannes aus gutem bürgerlichen Hause ist und nach dessen Ab¬
1611 2748 2776 2828 Liebsten in den Tod. Der mit bewundernswerter dramatischei
163 2801 1443 2876 leben in der Familie Aufnahme findet; sie und ihr Kind sind das
1601 2803 2785 2876 Energie geführte erste Akt enthält schon das ganze Drama#
157 2839 1443 2894 Vermächtnis des Toten. Dieser Künstlerin, die das befreiende
1601 2865 2777 2981 Mit unerbittlicher Logik folgen ihm die Geschehnisse der
164 2892 1433 2965 Lachen so prachtvoll trifft, steht auch die Innigkeit, die Träne
1592 2899 2754 3027 beiden anderen Akte. Das Tragische und Tiefe der Dichtung
158 2941 1436 3013 zur Verfügung. Man weiß es, daß sie nicht nur selbst weinen
1589 2936 2765 3068 liegt darin, daß in Hugo und Toni gleichsam zwei Gegen¬
161 2997 1437 3069 kann, sondern auch weinen macht. In einer stillen, fast
1601 2991 2746 3109 pole der Gesellschaft miteinander in Berührung treten, sich
160 3038 1450 3105 absichtslosen Art spielte sie die Toni Weber und
1590 3031 2750 3149 leidenschaftlich liebend begegnen, daß aber diese Vereinigung
156 3081 1222 3155 ihre verschleierten und entsetzten Blicke, die
1596 3079 2753 3195 und Versöhnung äußerlicher Gegensätze in dem Moment zu¬
160 3135 1450 3208 stummen Momenten zeigte, sprachen oft deutlicher als
1582 3112 2743 3237 nichte wird, da an Stelle des einen Liebnden dessen Familie
1574 3157 2742 3275 tritt. Der Dichter zeigt, daß die Gegensätze über die
1574 3196 2288 3292 einzelnen Individuen hinausreichen.
196 3199 1474 3316 Worte und Gebärden es vermögen. Herr Maran kam gestern auch
2377 3247 2743 3320 So wächst aus
1575 3250 2728 3358 einem reinen verborgenen Glück eine Tragödie. Die Auf¬
191 3275 1473 3367 nicht als Lustigmacher auf die Bühne. Er hatte für die liberale
1582 3283 2740 3404 führung war bemüht, den Absichten des Dichters gerecht zu
192 3313 1468 3423 Stütze der Gesellschaft den Ton vermeintlicher Ueberlegenheit und
1569 3332 2727 3449 werden. Frau Niese fand als Toni Weber tieferschütternde
198 3358 1471 3463 man konnte zuweilen erstannen, wie charakteristisch er diese Figur
1562 3377 2731 3485 Töne des Schmerzes. Herr Maran, der Hugos Vater
198 3389 1452 3503 des hohlen Philisters festhielt. Eindrucksvoll und mit einem
1571 3417 2722 3533 spielte, zähmte den Faun in Blick und Geste und paradierte
194 3447 1470 3559 warmen Gemütston spielte Fräulein Lene Schöller die Emma
1561 3464 2721 3576 mit einer gelungenen Charakterdarstellung. Frau Lene
195 3494 1460 3588 Winter; Fräulein Neuwirth, ein junges sympathisches Talent,
1554 3494 2720 3612 Schöller als Emma Winter fiel durch inniges und vor¬
198 3550 1460 3643 zeigte als Agues eine gewinnende Einfachheit. Herr Forster traf
1557 3543 2715 3666 nehmes Spiel auf. Durch schlicht=anmutige Art machte sich
1547 3590 2725 3704 Fräulein Gerzhofer als Franzi bemerkbar. Das Schau¬
193 3594 1460 3710 die Rolle des Dr. Schmidt nur in den äußeren Konturen; von
1561 3627 2730 3773 spiel würde nach allen Alten vom Publikum auf das
187 3644 1451 3765 den übrigen Mitwirkenden sind Herr Lessen und Fräulein Gerz¬
1546 3658 2008 3762 wärniste ausgenommen.
178 3679 983 3791 hofer zu nennen. Der Beifall war stark.
1239 3722 1397 3816 —D8—
