3436 4320
1408 201 1864 295 box 16/3
215 212 1373 310 10. Das Vernaechtnis
2360 1112 2539 1181 Feregemueneng
1735 1164 2576 1216 Leinin Banftachtlinie handelt, für die Beschränkung
735 1191 2568 1268 Vor Erlaß des Gesetzes vom 2. Juli 1875, des bebaut gewesenen Teils des Grundeigentums Ent¬
653 1214 2058 1286 * betreffend die Anlage usw. von Straßen, waren“ schädigung gewährt usw.
516 1316 657 1370 Weise
1613 1329 2578 1372 1 storbene Jurist zu seiner Frau, einem einfachen Mädchen
884 1315 1392 1393 Deutsches Theater.
519 1359 656 1407 achtes
749 1347 2580 1394 ** Zum ersten Male: „Das Vermächtnis.“] aus dem Volke, empfindet, nur durch eine reine und
526 1397 645 1451 nicht.
1629 1408 2578 1456 edie Natur entzündet werden kann. Deshalb schreitet
671 1397 1614 1468 Schauspiel in 3 Aufzügen von Arthur Schnitzler.
524 1427 633 1498 cht —
1617 1432 2578 1496 Toni auch, von dem doppelten Heiligenschein der Liebe
741 1449 1604 1489 Der Verfasser von „Liebelei" und „Freiwild“
1626 1484 2578 1543 und des Unglücks verklärt, durch das Stück, um
673 1494 1612 1543 errang Sonnabend mit seinem neuen Schauspiel „Das
1633 1518 2585 1581 schließlich ihre Verzweiflung in den Fluten der Donau
670 1523 1610 1583 Vermächtnis“ einen glänzenden Ersolg. Es ist ein
516 1514 657 1585 und
1625 1559 2580 1611 zu begraben. Ihr gegenüber steht das unselbständige
665 1558 1610 1617 Drama des überwundenen Vorur¬
512 1572 656 1619 1 Ge¬
670 1606 711 1644 1
1623 1598 2575 1652 Mädchen der Gesellschaft, Agnes, halb ängstlich, halb
794 1605 1610 1663 8. Die Anschauungen der bürgerlichen Ge¬
510 1612 656 1662 uf der
1623 1639 2571 1689 schnippisch, und vor Allem in Vorurteilen befangen, die
667 1633 1612 1702 sellschaft treien in Widerstreit mit dem Recht
510 1653 656 1700 guten,
1617 1672 2581 1735 den Verstorbenen geliebt hat und sein Ebenbild in
662 1671 1607 1734 auf freie Liebe. Aber dieser Konflikt bildet
506 1691 649 1742 vollen
1629 1709 2586 1770 seinem kleinen rasch dahinwelkenden Kinde verehrt, aber
665 1720 1610 1773 nur die Grundlage und Vorausietzung des Dramas,
512 1727 648 1786 teilen.
1628 1758 2571 1810 nicht die Charaktergröße besitzt, eine kleinliche Eifer¬
664 1758 1618 1821 das sich zu einem viel schäiferen Konflikt zu¬
518 1767 659 1821 reund
1623 1795 2579 1860 sucht gegen die Mutter des Kindes zu überwinden
675 1793 1618 1855 spitzt. Der So eines Wiener Professors der
520 1809 654 1855 nnen¬
1617 1831 2578 1885 und dadurch den Tod derselben beschleunigt. Denn
667 1833 1608 1882 Nationalökonomie und Abgeordneten, ein junger
580 1849 655 1902 der
1620 1871 2570 1926 ihre eigene Mutter, eine durch reiche Lebens¬
669 1875 1611 1925 Imist, ist vom Pferde gestürzt und an den Folgen
514 1868 650 1942 ver¬
1618 1913 2575 1950 erfahrung zu selsscher Größe herangereifte Witwe,
668 1907 1618 1969 des Sturzes gestorben. Auf dem Totenbett hat er
515 1924 651 1973 obend
1625 1949 2580 2000 möchte die Verstoßene in ihrem Hause auf¬
665 1952 1616 2002 seiner Mutter das Geheimnis verraten, daß er eine
515 1955 665 2025 ihnen
1621 1992 2584 2048 nehmen, aber die Tichter wehrt sich dagegen, und
668 1992 1608 2040 Geliebte und ein vierjähriges Kind hat, die er sehnlichst
1616 2025 2584 2086 die Liebe zur Tochter ist stärker bei der Mutter,
670 2030 1608 2078 vor seinem Tode noch zu sehen wünscht. Er verlangt
1616 2069 2568 2121 als die zur Fremden. Sodann das Ehepaar: der
663 2077 1610 2124 und erhält von seiner Mutter das Gelübde, daß sie sein „Ver¬
511 2084 647 2131 sweg.
1631 2102 2577 2163 Professor, dessen Abgott die öffentliche Meinung ist
665 2109 1608 2170 mächtnis“, diese Geliebte und sein Kind bei sich aufnehmen
506 2121 665 2169 erliche
2341 2144 2574 2196 on?“ und
1627 2141 2264 2196 und der stets fragt: „qu'en dira —
662 2151 1616 2192 will. Auch der Vater stimmt im ersten Augenblick zu,
507 2162 656 2212 öpfer¬
1614 2181 2575 2237 seine Frau, ein gutes, aber schwaches weib¬
661 2190 1617 2251 aber das schwache Kind stirbt nach kurzer Zeit und der
510 2193 658 2249 ichmal
1625 2224 2570 2274 liches Wesen. Die Tochter Franziska ist ein hoch¬
1210 2230 1616 2287 im Hause wird
669 2227 1206 2286 Aufenthalt der Geliebten
518 2240 650 2293 orbild
1633 2266 2573 2312 gesinntes Mädchen, das die Begeisterung fürs Gute
662 2263 1614 2337 dem mit bürgerlichen Vorurteilen behafteten
517 2274 658 2327 ndert¬
1620 2303 2581 2351 empfindet und tiefer Gesützte fähig ist. Schließlich der
656 2296 971 2363 Professor und
965 2300 1613 2371 seinem Schwiegersohn in spe,
513 2320 647 2363 u und
1619 2345 2576 2388 ehrlich empfindende Ministerialkozzipist und der be¬
1504 2351 1606 2398 Der
661 2340 1182 2401 einem streberhaften Arzt,
1208 2337 1514 2401 bald lästig.
526 2359 653 2413 selbst
1628 2368 2577 2429 rechnende Streber Schwidt, der Hausarzt, der mit
671 2387 1607 2447 Arzt übernimmt im Einverständnis wit dem Professor
516 2398 653 2449 ie ein
1622 2405 2586 2478 dem Professor den Bund verwandter schöner Seelen
673 2419 1613 2490 die unangenehme Aufgabe, der Geliebten des ver¬
597 2439 662 2479 ie
1634 2454 1775 2515 schließt.
1364 2461 1618 2523 daß ihres
1185 2462 1372 2530 eröffnen,
662 2462 1181 2526 storbenen Haussohnes zu
545 2460 660 2522 ins
1712 2477 2583 2548 Die Technik des Dramas ist geradezu mustergültig
666 2504 1611 2554 Bleibens in der Familie nicht ferner sein
512 2508 650 2573 vürde
1623 2526 2573 2580 durch den großen, freskoartigen Zug des Ganzen. Der
666 2539 1613 2603 könne, aber für ihre materiellen Bedürfnisse
516 2555 655 2603 dupt¬
1624 2570 2573 2636 Dichter erzählt nicht den Verlauf der Handlung
670 2590 1603 2642 werde übrigens ausreichend gesorgt werden.
534 2593 662 2643 Auf¬
1617 2612 2576 2668 in allen Einzelheiten haarklein, sondern läßt
673 2628 1605 2676 Sie geht und hinterläßt einen Zeuel des Inhalts:
519 2628 664 2683 sessa)
1621 2653 2570 2701 den Hörer oder den Leser den Ausgang erraten,
677 2666 1613 2714 „Sucht mich nicht — es ist zu spät.“ Die Tochter des
525 2673 654 2723 line)
1623 2701 2571 2748 ein Vorzug des Dramas, der nicht hoch genug anzu¬
667 2706 1607 2752 Professors, Franziska, welche mit der Geliebten ihres
535 2710 663 2765 ner
1628 2730 2564 2773 schlagen ist. Die Phantasie muß freies Spiel be¬
667 2739 1615 2794 verstorbenen Bruders innige Freundschaft geschlossen
530 2749 657 2802 iger.
1630 2774 2580 2833 halten und die Begebenheiten ergänzen, wenn nur
666 2783 1608 2837 hat, eine Freundschaft, die auf der Harmonie von zwei
540 2792 646 2842 junkt
1665 2813 1727 2856 e
1725 2812 2566 2860 Chaxaktere scharf umrissen hingestellt sind,
664 2817 1613 2874 edlen Charakieren beruht, findet den Zettel und ist
535 2828 650 2876 rick“
1615 2857 2567 2896 und dafür hat der Dichter gesorgt. An durchdringender
668 2871 1604 2922 empört über die Handlungsweise ihrer Eltern und ihres
544 2865 650 2917 rden
1626 2887 2569 2932 Menschenkenntnis und glänzender Charakterzeichnung
664 2902 1605 2965 Verlobten, des Arztes; Lepterem weist sie entrüstet
545 2909 651 2958 Nan
1615 2912 2569 2974 kann Schnitzler mit den ersten Größen der Weltlitteratur,
659 2939 863 2998 die Thür.
546 2946 659 2996 ten.
1619 2967 2525 3030 einem Shakespeare, Goethe und Molière, wetteifern.
743 2955 1618 3035 Das Stück ist ausgezeichnet durch eine seine
1700 2994 2570 3070 Die Aufführung entsprach der Bedeutung des
669 3018 1620 3070 Charakterzeichnung und eine großartige Technik. Der
1628 3055 2562 3105 Stückes. Herr Reicher bot in den von salbungs¬
670 3055 1606 3103 Verfasser legt seinem Drama im edeisten Sinne das
533 3062 656 3111 er¬
1631 3091 2569 3144 voller pharisäischer Moral triefenden Reden des
664 3088 1618 3146 Bibelwort zu Grunde: „Ihr ist viel vergeben; denn sie
1627 3133 2582 3194 Professors, der ganz unter dem Bann der
661 3135 1606 3182 hat viel geliebt.“ Er geht von der richtigen Erkenmnis
1615 3166 2573 3239 konventione len bürgerlichen Vorurteile steht, eine
662 3172 1614 3244 aus, daß eine große Liebe, wie sie der junge, früh ge¬
1969 3224 2581 3393 S(anun
943 3215 1874 3437 Pule ue Medt
2040 3385 2788 3532 Keleahater
