3436 4256
1790 162 3200 256 Zwischenräume und freie Ränder mit Bemerkungen und Veränderungen
351 168 1783 252 zu treiben wußte, die unsere theuere Nataly von Eschstruth so füß zu
1788 237 3194 299 ausgefüllt werden. Die zweite Reinschrift erlebt dasselbe Schicksal,
353 236 1785 296 beschreiben weiß, Gänseliesel steigt plötzlich zum Range einer Hof¬
1790 282 3199 340 ebenso die dritte. Einige Abschnitte seiner Werke schreibt Leo Tolstoi
355 284 1778 342 dame auf. Sie behält indeß ihre frohmüthigen Gewohnheiten und das
1786 318 3201 391 selbst oft zehnmal ab. Dabei ist er durchaus nicht bemüht, schöne
350 338 1779 404 Herz auf dem rechten Flecke, vereint ein schmachtend Paar, das nicht
1795 377 3204 436 Redewendungen zu suchen, im Gegentheil. Bei besonders schwierigen
356 378 1782 449 zu einander kommen kann, und muß zum Danke dafür schmählichen
1797 415 3201 471 Stellen unterbricht er plötzlich seine Arbeit und greift zu den Karten,
354 431 1780 491 Verdacht auf sich nehmen. Gottlob tritt, als die Noth am höchsten
1799 470 3197 537 um in einer „patienco“ Erholung zu finden. Nur selten gelingt ihm
347 478 1773 544 und Papa am wüthendsten ist, Durchlaucht selbst für das schelmische
1794 517 3167 570 eine Szene beim erstenmal unter besonders lebhaften Eindrücken —
353 519 1776 573 Kind ein, das ihm die geliebte Braut verschafft hat, und Gänseliesel
1789 563 3190 630 so beispielsweise das Rennen in „Anna Karenin“ unter der an¬
355 573 1784 637 bekommt den bewußten Lieutenant aufgebaut, der von Anfang an
1791 606 3192 673 ziehenden Schilderung des Fürsten Obolenski. Um den Eindruck seiner
354 608 1780 677 bezaubert war von dem frischzufahrenden, kecken, kreuzbraven Geschöpfe.
1795 656 3202 718 Arbeit zu prüsen, liest der Graf dieselbe stets seiner nächsten Um¬
356 664 1787 711 Das Stück ist nach den ältesten Rezepten gebraut, scheinbar absichtlich
1786 704 3200 762 gebung vor, dabei häufig deren Urtheil und Bemerkungen benutzend,
349 712 1781 790 auf die ältesten Wirkungen gestellt und hatte deshalb einen Erfolg,
1782 736 3206 811 diese und jene Veränderung vollziehend, ehe das Werk in den Druck
347 766 1053 818 wie keines von den allerneuesten.
1787 801 3205 860 wandert. Sein strengster Kritiker ist gewöhnlich seine Gattin Sofie
458 812 1772 876 Wie man weiß, nimmt auch Herr Intendant Prasch für seine
1790 844 3205 899 Andrejewna, die ihm stets ihr ungeschminktes Urtheil sagt. Leo Tolstoi
345 860 1776 916 Bühne in der Charlottenstraße den Ruhmestitel eines Familientheaters
1798 895 3202 953 fügt sich bisweilen ihrer Ansicht, bisweilen beharrt er bei seiner Auf¬
345 906 1774 962 in Anspruch, seit jedoch dies Kunstunternehmen in eine Gesellschaft mit
1784 942 3207 998 fassung. Die Korrektur beansprucht seine ganze Aufmerksamkeit.
354 957 1774 1013 beschränkter Haftpflicht verwandelt worden ist, denkt der Intendaut freier
1785 996 3194 1058 Während man sein Werk druckt, haben sich bei ihm wiederum eine
344 1001 1789 1065 als bisher über Familienschauspiele. „Zaza“ von Pierre Berton
1784 1030 3210 1109 solche Menge neuer Eindrücke, neuer Auffassungen angesammelt, daß
345 1047 1774 1119 und Charles Simon, womit er die neue Aera inaugurirt, bietet in
1783 1081 3200 1143 er nicht umhin kann, abermals an dem fertigen Werke zu feilen und
346 1098 1775 1159 ihrer Art schon alles Mögliche und beißt ziemlich scharf auf der Zunge.
1788 1132 3202 1194 zu verbessern. Jedes freie Plätzchen wird wiederum mit Randglossen
354 1143 1777 1212 Aber das Tingeltangeldrama gefiel, und was gefällt, ist erlaubt. Zaza
1788 1176 3208 1239 versehen. Man kann ohne Uebertreibung behaupten, gäbe es 99 Korrek¬
352 1186 1783 1259 kiebt einen ernsthaften Herrn, der bereits glücklicher Besitzer einer mehr¬
1787 1225 3210 1301 turen, so würde er 99mal daran herumfeilen. Die Selbstkritik ist bei
342 1242 1774 1295 köpfigen Familie ist. Als die temperamentvolle Artistin dies erfährt,
1786 1276 2568 1356 Leo Tolstoi ungemein stark entwickelt.
345 1285 1777 1351 leistet sie sich das Wahrwort: „Seine Frau betrügen, ja, das darf
341 1332 1779 1395 der Mann — doch seine Geliebte betrügen — pfui Teufel!“ Und da
1882 1320 3207 1401 (Frauenberufe in Amerika.) Einen interessanten Ueber¬
352 1380 1776 1446 behauptet man, die moderne Bühne sei keine moralische Anstalt! Zaza
1776 1368 3207 1443 blick über die von amerikanischen Frauen ergriffenen Berufe gibt eine
354 1429 1771 1491 stürmt wuthentbrannt ins Haus ihres Geliebten. Da stößt sie auf sein
1790 1442 3196 1492 Statistik, die kürzlich von der „Association of Collegiate Alumnae“,
347 1481 1778 1540 hübsches Töchterlein, und das Geplauder dieses merkwürdig altklugen
1787 1495 3213 1543 einem Verein ehemaliger Besucherinnen der amerikanischen Frauenhoch¬
353 1529 1770 1588 Kindes bringt sie von ihren wilden Rachegedanken ab. Und so weiter.
1787 1538 3207 1598 schulen, über die Berufsverhältnisse seiner Mitglieder veröffentlicht
344 1574 1784 1636 Die Kunst der Verfasser, das Gegensätzliche herauszuarbeiten, die Luft
1788 1571 3203 1635 wurde. Der Verein zählt nominell zweitausend Mitglieder; von diesen
348 1616 1771 1682 des Variétés in schneidenden und effektvollen Kontrast zu der Art und
1793 1627 3202 1698 antworteten auf die behufs der statistischen Erhebungen an sie gerichteten
360 1665 1783 1727 Weise einer gutbürgerlichen Haushaltung zu bringen, ist groß, und die
1785 1665 3211 1746 Anfragen 451, so daß man also annehmen kann, daß ein großer
359 1714 1773 1767 Schilderung sdes Artistenmilieus mit seiner bunten Zigennerei, seiner
1787 1723 3202 1785 Theil der übrigen Frauen nach Absolvirung der Schule es doch vor¬
358 1758 1781 1819 sorglosen, wildschönen Leichtfertigkeit packt nicht minder, als die kühne
1788 1768 3211 1840 gezogen hat, auf Selbstständigkeit zu verzichten und einem Manne die
364 1813 1782 1869 Silhonette des leidenschaftlichen Liebeslebens der Sängerin. Dabei steckt
1790 1815 3213 1879 Hand zu reichen. Unter den erwähnten 451 — eine immerhin noch
348 1860 1779 1928 gerade genug oberflächliche Mache und Sentimentalität in dem Schau¬
1791 1855 3211 1939 überraschend große Zahl — Frauen, die einen selbstständigen Beruf
358 1907 1781 1982 spiel, um auch nach dieser Richtung hin verwöhnte Ansprüche zu
1790 1916 3207 1986 ergriffen hatten, befanden' sich 169 Lehrerinnen, 47 waren
366 1951 630 2025 befriedigen.
1788 1965 3211 2007 in Bibliotheken beschäftigt, 28 waren Stenographinnen,
1795 2005 3213 2068 22 Krankenwärterinnen, 19 hatten sich dem Jour¬
466 1997 1783 2064 Seinen Oktobererfolg, der fünfzig bis achtzig Aufführungen be¬
1793 2055 3207 2122 nalismus gewidmet. Von den übrigen hatte sich eine der Astro¬
345 2052 1785 2111 deutet, hat das Residenztheater heuer mit dem Hennequin'schen
1789 2103 3213 2168 nomie zugewandt, eine andere war Annoncen= und eine dritte Ver¬
348 2104 1782 2168 Schwanke „Der Herr Sekretär“ eingeheimst. Da Sie das
1790 2155 3213 2211 sicherungsagentin geworden; der Rest vertheilte sich auf Telegra¬
343 2159 1783 2221 Wunderwerk ja wohl sehr bald an der geheiligten Kunststätte sehen
1788 2203 3211 2262 phistinnen, Korrekturleserinnen in Buchdruckereien und eine Anzahl
353 2204 1776 2273 werden, wo jetzt Seraphin's Trick die Gemüther erschüttert, harf ich
1797 2232 3210 2303 Frauen, die eine der verschiedenen Künste ausübten. Daß die ver¬
344 2238 1787 2311 mir eine genaue Beschreibung all der sinnvollen Verwechslungsspäße
1790 2285 3219 2356 schiedenen in den Vereinigten Staaten“ praktizirenden weiblichen
343 2294 1780 2360 erjparen. Sollten Sie trotzdem darauf bestehen, so müßte ich beschämt
1792 2341 3215 2400 Aerzte in obiger Statistik nicht aufgeführt sind, liegt wohl daran, daß
352 2346 1787 2407 zugeben, daß es mir einfach unmöglich ist. Ein Lebemännlein zweiter
1786 2374 3220 2453 sie nicht Mitglieder der „Association“ sind und ihre Ausbildung an
346 2386 1780 2455 Gärnitur gibt sich für den Deputirten aus, dem er als Sekretär dient.
1792 2447 3210 2498 anderen Stellen erhalten haben. Was den Verdienst anbeialigt,
356 2440 1777 2500 Er versügt über eine Braut und das Brautelternpaar, eine Geliebte,
1793 2491 3205 2541 den amerikanische Frauen in ihrem Beruf erzielen, so ist derselbe im
355 2491 1773 2541 eine ältere Dame, die ihn abgöttisch verehrt und von denen keins das
1782 2520 3217 2588 Durchschnitt ein guter. Ungefähr ein Drittel der erwähnten 451 Frauen
350 2531 1782 2591 Andere kennt — mit Ausnahme des Brautelternpaares und der Braut
1785 2574 3211 2629 verdient im Monat zwei= bis dreihundert Kronen, ein Sechstel hundert
355 2580 1781 2644 natürlich! Aber wenn Die gleichfalls erklärten, sich nicht zu kennen, und
1792 2621 3207 2688 bis zweihundert, ein zweites Sechstel drei= bis vierhundert, und das
353 2628 1776 2704 wenn es für das Gelingen des Stückes erforderlich wäre, würde man
1786 2661 3215 2743 letzte Drittel vier= bis achthundert Kronen. Zwei der Damen brachten
356 2686 1782 2735 auch das dem Verfasser glauben. Der Wirbel höllischen Unsiuns, in
1797 2722 3204 2784 es sogar auf 1200 Kronen im Monat. Daß die vielseitigen ameri¬
353 2723 1782 2782 den er Einen hineinreißt, betäubt das Hirn, und im anhaltenden Lachen
1790 2759 3219 2833 kanischen Frauen übrigens auch viele Erfinder unter sich zählen,
351 2764 1775 2830 geht jede Urtheilsfähigkeit unter. Daß die paprizirten Dialogschlager
1786 2805 3212 2886 zeigt, wie die „Romanwelt“ mittheilt, die amerikanische Patentliste,
363 2818 1775 2894 sämmtlich „Journal Amusant“=fähig sind, versteht sich am Rande
1786 2848 3226 2938 in der nicht weniger als 3468 von Frauen herrührende Erfindungen
361 2875 605 2953 von selbst.
1797 2910 2167 2996 eingetragen sind.
478 2888 1786 2980 „Cyrano von Bergerac“ dem urechten Urpariser, der uns
360 2951 1786 3024 eben deshalb im Grunde unverständlich oder doch langweilig ist, und
1906 2945 3209 3026 (Ein Unverbesserlicher.) Man schreibt aus Paris: Monsieur
357 3002 1786 3067 der Mlle. Paméla hat man in Wien bereits das Urtheil gesprochen.
1798 3009 3215 3074 Charles Leblois, Mitinhaber einer der größten Marseiller Strohhut¬
351 3059 1780 3120 Von einigem Interesse scheint mir der Hinweis darauf, daß die hiesige
1796 3064 3205 3128 fabriken, war vor den Richter zitirt worden, weil er die Frau seines
352 3098 1781 3176 Kritik erst etwa acht Tage nach der Aufführung von Rostand's heroischer
1790 3104 3211 3179 Kompagnons, mit dem er sich seit einiger Zeit nicht recht vertrug,
351 3146 1780 3216 Komödie zu der Erkenntniß ihrer Minderwerthigkeit gelangte. Dafür
1793 3140 3211 3221 Madame Villeroy, öffentlich ein „Kameel“ genannt hatte. Madame
361 3184 1782 3255 läßt man jetzt aber auch kein gutes Haar mehr an ihr, die vorher
1786 3190 3212 3273 wollte diese Etikette begreiflicherweise nicht auf sich sitzen lassen und
363 3243 1787 3319 mit verschwenderischem Ausand von Reklame als neue Sonne begrüßt
1792 3251 3209 3325 hatte die Beleidigungsklage gegen Leblois angestrengt. Der Richter
354 3292 1663 3377 und gefeiert wurde. Tarlätio delectat, auch im Kunstgeschmack.
1800 3283 3209 3357 machte diesem wegen seines Mangels an Galanterie die ernstesten
1121 3315 1754 3419 Richard Nordhausen.]
1804 3353 3199 3410 Vorhaltungen und verlieh ihnen Nachdruck durch die Verurtheilung
1793 3393 3205 3454 des Mr. Leblois zu einer Geldstrafe von 25 Francs. Madame
1802 3443 3214 3500 Villeroy, die, ihres Sieges gewiß, mit mehreren Freundinnen im
822 3423 1332 3520 Allerlei.
1795 3489 3213 3567 Zeugenraum Platz genommen hatte, triumphirte. „Es ist also nicht
476 3501 1782 3569 (Wie arbeitet Leo Tolstoi?) Die Technik der Arbeit des
1793 3531 3211 3599 erlaubt, eine Dame, die Einen kujonirt, ein Kameel zu nennen?“ fragte
362 3559 1780 3615 Grafen Leo Tolstoi erinnert an die der Maler. Sobald er den Plan
1789 3590 3210 3644 der Verurtheilte den Richter mit erkünstelter Naivetät. „Meine Ant¬
356 3602 1783 3683 seiner Arbeit fertig hat und genügendes Material gesammelt, entwirft
1798 3626 3202 3704 wort liegt bereits in meinem Urtheil,“ antwortete dieser. „Man darf
355 3642 1782 3713 er zuerst gleichsam eine Kreidezeichnung in großen Umrissen, die
1788 3665 3119 3748 doch aber ein Kameel Madame nennen?“ replizirte Leblois.
367 3694 1782 3759 Details dabei ganz bei Seite lassend. Diesen Grundriß gibt er
2814 3708 3128 3792 „Nun denn“
1798 3721 2706 3787 „Gewiß, wenn es Ihnen Vergnügen macht.“
363 3749 1772 3817 größtentheils seiner Gattin oder einer seiner Töchter, bisweilen auch
1796 3773 3205 3849 empfahl sich Leblois mit tiefer Verbeugung vor Frau Villeroy — „ich
361 3796 1779 3853 einem guten Freunde zur Abschrift. Gewöhnlich schreibt Tolstoi auf
1788 3820 2401 3900 habe die Ehre, Madame.“
369 3842 1787 3920 Quartbogen schlechtester Sorte. Seine Schrift ist außergewöhnlich
1896 3845 3193 3937 (Selbstbewußt.) Lehrer: „Wer hat die Welt erschaffen?“
366 3889 1781 3962 groß und füllt am Tage bis 26 Seiten, mehr als einen halben Druck¬
1850 3918 3083 3988 Fritzchen: „Der liebe Gott.“ — Lehrer: „Und Dich?“
356 3940 1788 3996 bogen. Seine Arbeitszeit beginnt um neun Uhr Morgens und schließt
1804 3963 3219 4034 Fritzchen: „Auch der liehe Gott, aber (zeigt) nur so klein, das
366 3986 1792 4053 drei Uhr Nachmittags. Sobald die Abschrift seiner Entwürfe vollendet
370 4019 2639 4116 ist, beginnt er mit der Um= oder Ausarbeitung, wobei sämmtliche] Andere hab' ich Alles selbst zugewachsen.“
