3436 4320
235 98 404 186 10.
384 86 1907 205 Das Vermagchinis box 16/3
2339 667 2862 745 „.—
508 687 3324 807 #oreanersrhigten der Kationatpatlers wird. In einer von Sima zur Anzeige gebrachten! Anton Frint'sche Grund zu expropriiren. Gegen den
214 710 3317 784 weislich zu erwägen. Es dürse hiebei nicht außer Angelegenheit befand der Ausschuß, daß das Immu= diesbezüglichen Beschluß der Expropriationskommission
227 764 3322 820 Acht gelassen werden, daß der Ausgleich, dessen Zu= nitätsrecht durch dieselbe nicht verletzt wurde. Mit hat Frint appellirt, bald darauf aber seine Appellation
2528 846 2639 910 S
3130 856 3317 917 —
223 859 3322 954 eleganten, immer gemüthlichen Urwieners, einer vonhochgeschätzter Schauspieler, wieder nach Wien, und Eintrag thun zu können. Nächste Woche kommt dort
222 904 2301 971 den „Gescheiten“, die in jeder Lage nur die Frage ein Kunstfreund veranstaltete in seinem Salon eine
2279 931 3319 1005 wieder die Literatur zu Worte mit Mar Halbe's
220 953 2287 1036 haben: „Wie spiele ich die schönste Rolle dabei?“ Matinée, in welcher Reicher einige Rezitationen zum
2279 976 3323 1049 neuem Drama „Der Eroberer“. Wird Halbe dieses
214 996 2277 1073 die nach dem Ausspruche Joseph Unger's als Kork Besten gab. Lewinsky war unter den Zuhörern und
2278 1020 3310 1103 schöne Theater wieder der ernsten Kunst erobern
212 1042 2280 1121 immer obenauf schwimmen, als Kork von jeder erklärte, als man ihn fragte, wie ihm Reicher ge¬
2273 1055 2776 1127 können? Hoffen wir es.
221 1077 2292 1169 Strömung sich treiben lassen. Der gute Papa Lo=fallen: „Er mauschelt noch immer.“ Reicher selbst
2383 1108 3308 1185 Im Neuen Theater endlich hat Frau Nuscha
224 1127 2284 1207 satti, der bei der dreifachen Tragik des Vorgangs nahm damals natürlich den Anlaß wahr, sich dem
2271 1136 3308 1216 Butze, da es mit der historischen Hoftragödie
219 1169 1266 1248 in keinem Augenblicke den Ernst der Lage erfaßt,
1253 1187 3320 1274 Meister neuerlich vorzustellen, und Lewinsky frug nicht ging, ein sehr ketzerisches Hoflustspiel Tilo's.
224 1211 1268 1269 immer nur darauf bedacht ist, daß „kein Aufsehen“
1252 1229 1909 1287 ihn, welches Fach er in
1886 1227 2289 1296 Berlin eigentlich
2270 1251 3317 1309 v. Trotha „Hofgunst“ aufgeführt, und siehe da!
213 1265 3312 1351 entsteht, immer nur sich und die kleinen schäbigen spiele. Reicher antwortete: „Ich stelle Menschen dar.“] Was die Huldigung nicht vermochte, das ersiegte der
216 1299 3315 1348 Unbequemlichkeiten bedauert, die er erdulden muß, Große Verblüffung auf Seite Lewinsky's, die Kon= Spott über die Höflinge, den Erfolg. Freilich war
213 1345 3315 1448 der immer der Gute“ sein will und immer ein versation war beendet. Ich habe mir Mühe gegeben, die Huldigung noch viel langweiliger als der
212 1379 757 1460 ganz miserabler Wicht ist
817 1395 3309 1482 das ist wahrhaftig den „Menschen“, welche Emanuel Reicher gut und Trotha'sche Spott kurzweilig ist. Aber schwer ist es,
221 1441 3317 1491 nicht der Wiener, aber eine Art Wiener, die viel= meisterlich spielt, nachzuspüren, und wenn Lewinsky in ver sündhaften Großstadt die wirkliche Hofgunst
222 1476 3301 1566 fach und auch jetzt zum Schaden Wiens in Wien seine Frage jetzt an mich richten würde, würde mein zu erringen, während Publikus nur raisonniren will.
217 1529 2200 1594 das große Wort haben. Diesen Typus an den Bescheid lauten: Der Mann spielt Chargen,
2368 1558 3309 1625 Schon hatte ich das Programm für diesen
210 1556 2289 1662 Bühnenpranger gebracht zu haben, das ist eine aber ganz ausgezeichnet. Stilisirte Charakterrollen
2267 1592 3299 1678 Bericht abgeschlossen, als gestern ein Blick auf die
217 1618 1268 1676 dichterische That Arthur Schnitzler's, für die ihm
1246 1619 1715 1694 macht er zu Chargen.
2263 1644 3299 1712 Theateranzeigen mich belehrte, daß man im Friedrich
213 1648 1268 1717 die Kunst und die Heimath, über das schlechte
1345 1680 3305 1761 Und sonst? O, wir haben hier Neuheiten die Wilhelmstädtischen Theater „einmalig“ Gerhart
212 1698 1264 1776 Stück binweg, reichen Dank und ehrlichen Beifall
1248 1710 2291 1788 schwere Menge. Im königlichen Schauspielhaus hat
2263 1734 3295 1806 Hauptmann's Erstlingsdrama „Vor Sonnenaufgang“
211 1737 434 1814 schulden.
1248 1771 3304 1860 man Emil Thomas, den beliebten Berliner Komiker, spiele. Dieses einst so beliebte und viel besuchte
336 1799 3301 1892 Man hat im Deutschen Theater diese Wiener eingefangen, und die bewährte Firma Blumenthal= Theater im Norden ist seit dem Niedergange der
210 1824 3301 1928 Komödie meisterlich gespielt. Emanuel Reicher, der Kadelburg hat ihm einen Schwank: Auf der Sonnen= Operette vollständig verödet. „Man“ geht nicht mehr
210 1882 3301 1928 Darsteller des Professors Losatti, stellte die Figur sol seite“ angedichtet, der jetzt dreimal in der Woche in dieses Theater. Man“ spricht von ihm gar nicht,
209 1928 3305 1978 echt, so lebenswahr auf zwei Tanzbeine, raunzte sich auf dem Gendarmenmarkt vor vollen Häusern geses besteht eigentlich nur auf den Anzeigern und für
220 1978 3311 2025 so drollig durch alle Todesschrecken, daß er durch das geben wird. Man lacht sehr viel, und mehr ist über die paar Leute in der Umgegend der Chausseestraße,
215 2016 3313 2099 Wohlledige seines Gehabens Stimmungen und Kon= die Sache wohl nicht zu sagen. Bitter verschmeckt dem Fabriks= und Arbeiterviertel, die in der Woche
218 2051 3310 2124 traste, die sonst dem Berliner Temperament unbe= wird nur die Thatsache, daß Emil Thomas den Zeit und Geld haben, ins Theater zu gehen. Als ich
214 2104 2286 2188 greiflich gewesen wären, zur überzeugenden Wahr=trockenen Hoftheaterton schnell satt gekriegt hat und
2262 2115 3310 2213 einigen Freunden sagte, ich wolle ins Friedrich
211 2146 3299 2233 heitswirkung brachte. Ein merkwürdiger Schauspie= schon zu Neujahr wieder in die Vorstadt hinaus= Wilhelmstädtische Theater gehen, lächelten sie mit¬
217 2185 2284 2258 ler! Als er vor etwa fünfzehn Jahren sich in Wien gondelt, um seine Komik voll auszuturnen. Im
2261 2219 3312 2296 leidig und wünschten mir ironisch gute Unterhaltung.
210 2235 3306 2285 an Joseph Lewinsky mit der Bitte um Unterricht Lessing=Theater hat ein Schwank „Großmama“] Ich aber wollte doch nur sehen und hören, wie die
213 2285 3312 2387 wandte, wurde er von dem Sprachmeister des Burg= von Max Dreyer viel Beifall gefunden. Die grausam=titanische Volkstragödie Gerhart Haupt¬
208 2327 2276 2411 theaters wegen seines alttestamentarischen Dialekts, treffliche Niemann=Raabe, die Cyprienne, Francillon
2260 2351 3304 2434 mann's von der Bühne herab wirke, und ließ mich
209 2365 2265 2443 den er erst ausreinigen möge, abgewiesen. Einige seligen Andenkens, spielt die Titelrolle, ohne damit
2267 2388 3292 2463 muthig und auf Alles, selbst auf eine Posse gefaßt,
206 2411 3309 2520 Jahre später kam Reicher, damals in Berlin bereits aber der andauernden Zugkraft des „Weißen Rößl“ vom Omnibus nach dem Norben entführen.
2264 2495 3242 2561 Schrecklich! Ein Riesenhaus, dämmerig beleuct
2378 2546 3291 2612 nach kome zweihundert Menschen im ganzen
2366 2589 3302 2660 ie Mich frösiette. Dann ging der Vorhang auf
2250 2641 3309 2713 und das Spiel begann. Das große, blasirte Borlin¬
2244 2683 2420 2749 thul
2454 2688 3302 2749 schmeres Unrecht an einer Künstlertruppe.
2254 2726 3294 2791 Ich habe solche vollkommene Offenbarung echt
2243 2775 3309 2849 realihischer Schauspielerei seit Jahren, seit der Erst¬
2965 2806 3303 2877 Viertem Gebot“
2248 2818 2951 2890 #nfführung von Anzengruber's „
2343 2853 3206 2929 Wiener Doutschen Palkstku#te nicht er
2243 2865 2366 2926 ze
2242 2899 3197 2952 Mir wars, als hätte ich das Stück noch
2243 2917 3298 3015 nicht gekannt, als strömte die jurchterliche
2981 2983 3300 3053 Liebes frühling
2254 2985 2883 3058 Mengung von Fuselgeruch
2247 3032 3268 3101 # der Schantbühne durchs Haus, als käme der
2252 3073 3307 3150 #e Aristoretes aus dem Spufsseurkasten heraus, um
2435 3128 3302 3191 n Zwecke der Tragödie, Jurcht und Schrecken,
2245 3161 3308 3234 zu predigen. Ich war, wie einst Gellert, mis dem
2247 3191 3313 3275 Gulden in der Tasche ausgewandert, um das Rhino¬
2240 3241 3310 3317 zeros zu sehen, und kam durchschüttert, meines Ger¬
2243 3295 3090 3356 tes voll nachhause. Da ist eine Lina De¬
3118 3287 3311 3372 el, eine
2253 3333 2733 3421 Vertha Arco, ein Gan
2715 3318 3241 3414 Jomund, ein Herf Mane
2485 3398 3187 3445 #c en mane# #uch, nie ehn
2606 3415 3239 3507 #pielan mit Temperament, Krn
2383 3454 2967 3547 eeischer Hingabe, mit einer.
2247 3503 2907 3583 #in einem Tompo, wie ichs nur
2248 3569 3019 3623 nischen Ando=Truppe gesehen habe.
2264 3605 3230 3656 selbst #st besser, ehler, reiner als ihr Ruf: 1e
2361 3645 3312 3712 ei##e kühne Wurf eines Genies, das an Können
2365 3695 3294 3754 Wollen geistie und sietlich alle anderen zeit¬
2469 3722 3302 3793 Pogusen nach überraat. Im Novem¬
2462 3764 3306 3856 # ein neuer Drama Gerhatt Hauptmann's
2478 3825 2786 3888 bestehen unb. #.
2496 3851 3141 3947 „ Versundelte Giens nicht verstan
2480 3921 2869 3994 in, 16. Oktober.
2735 3954 3242 4050 Emil Hranichstgedte
