3436 4320
1903 23 2279 115 ee
666 77 1743 130 Fortschritt in der Entwicklung des Dichters. Bisher
1747 89 2806 168 tritt er die Grundsätze der Gesellschaft, in die
663 111 1743 185 war Schnitzler, besonders in seinen Novellen, zu sehr
1755 133 2819 202 er mühevoll Eingang gefunden, mit äußerster
733 164 1738 229 Wiener, d. h. es kam in seinen Dichtungen gerade
1752 169 1970 233 Strenge.
1998 187 2816 244 Es ergeht ihm, wie dem gemeinen
662 203 1745 265 das am meisten zur Geltung, was der Wiener Kunst,
1750 220 2817 286 Soldaten, der beinders arg geschuriegelt wurde;
662 252 1753 315 deren höchster und typischer Vertreter Grillparzer ist, an
1763 257 2822 334 sobald er Unteroffizier wird, wird er seinerseits
672 291 1746 347 Schwächen anhaftet. Wer diese Kunst auch nur ober¬
1750 311 2811 370 zum unerbittlichen Despoten. Lange wühlt der edle
663 324 1740 401 flächlich betrachtet, wird als ihre kennzeichnenden Merk¬
1750 357 2816 416 Doktor umsonst gegen den Eindringling. Aber da stirbt
667 375 1741 439 male leicht die Lust an seiner Sinnlichkeit, an weichen,
1753 389 2806 468 das Kind, und dieser Tod lockert, wenigstens für den
668 411 1734 480 zerfließenden Formen entdecken; der Zug ins Weibliche,
1746 435 2815 510 Professor und die Professorin, das Band, das sie mit
672 456 1736 540 Schwelgende, leichtes Blut und wenig Mark, mehr
1746 491 2810 543 der Fremden verknüpft, mehr, als sie selbst sich ein¬
668 506 971 566 „Rezeptivität“
991 515 1738 574 als „Aktivität“, das Alles ist
1756 526 2809 585 gestehen mögen. Ohne Schwierigkeit überredet der
675 552 1016 614 unverkennbar.
1002 551 1744 622 Die Gemüthlichkeit tritt stärker
1742 569 2822 635 Doktor jetzt die Beiden, daß sie das Vermächtniß des
670 597 1742 665 hervor, als das Geistige, das Intime, Zarte, Stille
1752 617 2811 668 Sohnes hinreichend erfüllt hätten; er habe seinem
667 643 1736 702 mehr, als das Heroische, und wenn in den niederen
1752 658 2813 727 Kinde ein Heim schaffen wollen; nun dieses kein Heim
668 681 1745 732 Gründen der Literatur sich leicht etwas Trottelhaftes
1750 694 2816 767 mehr nöthig habe, falle jede Nöthigung fort, der
656 712 1733 797 einmischt, so in den höheren oft eine gewisse Müdigkeit,
1748 748 2811 815 Fremden länger die Rechte einer Tochter zuzugestehen.
660 760 1735 831 eine Abspannung, die aber gern mit ihrer etwas kränk¬
1752 786 2813 846 So entschließt man sich denn, die Verlassene mit Geld ab¬
668 818 1734 866 lichen Weise kokettirt. Ein solches Kokettiren mit deka¬
1748 836 2812 898 zufinden und aus dem Hause zu entfernen. Sie aber wird
666 858 1749 909 denten Stimmungen kommt auch in Schnitzlers früheren
1756 878 2820 942 gerade jetzt durch diese Lieblosigkeit doppelt schwer ge¬
667 907 1744 956 Schöpfungen nur zu oft zum Vorschein. All sein Sinnen
1738 908 2818 990 troffen, denn sie bedarf in ihrer Vereinsamung mehr
652 942 1734 1025 und Dichten drehte sich bislang um ein einziges Thema,
1750 974 2813 1026 als je der Theilnahme und ihr ganzes Empfinden
658 992 1741 1063 um das sinnliche Verhältniß zwischen Mann und Weib,
1744 995 2816 1070 klammert sich an die Räume, wo sie Alles was sie
656 1031 1738 1085 das aber durchweg mehr Liebelei, als Liebe war und
1748 1055 2812 1122 liebte, in den Sarg hat legen sehen. Die Trennung
655 1076 1726 1139 zumeist jenseits aller Ethik blieb. Auf den ersten
1744 1095 2813 1151 ist ihr unerträglich und so macht sie ihrem Leben ein
662 1122 1418 1183 Blick könnte es scheinen, als
1406 1125 1735 1190 ob Schnitzler
1738 1136 1888 1192 Ende.
1876 1148 2809 1203 Der edle Doktor kommt aber um den Lohn
659 1173 1728 1223 auch in seinem jüngsten Drama von dem alten Thema
1748 1175 2814 1249 seiner Anstrengungen. Empört über seine Herzlosigkeit
662 1209 1740 1281 nicht loskäme: Von der „Freien Liebe“ singt auch das
1742 1214 2816 1304 sagt sich die Tochter des Hauses, die er bereits Braut
657 1255 1734 1306 neueste Lied. Aber es handelt sich diesmal um Liebe
1742 1273 2817 1322 nennen durfte, für immer von ihm los. Mit dem
660 1300 1737 1362 auf beiden Seiten, nicht um Liebelei, das sinnliche
1744 1320 2822 1383 Worte: Wir haben sie (die Fremde) geduldet, aber wir
664 1334 1741 1406 Element ist ganz bei Seite geschoben und eine tiese
1743 1361 2810 1432 hätten mehr thun, menschlich gut zu ihr sein
665 1389 1735 1445 Innerlichkeit an die Stelle getreten. Mit einer Herb¬
1743 1409 2807 1464 müssen — klingt das Drama ergreifend und be¬
653 1436 1735 1489 heit, die nahe an Erbitterung streift, führt der Dichter
1739 1445 2809 1500 deutsam aus. Seinen künstlerischen Werth empfängt
661 1472 1730 1529 sein Thema durch er nimmt energisch Partei, er offen¬
1741 1479 2812 1552 das Werk vorwiegend durch die Charakteristik; besonders
658 1502 1735 1584 bart rückhaltlos sein Herz, während er früher seinen
1735 1535 2815 1602 die beiden Männer, der Professor und der Doktor, sind
662 1568 1731 1634 Gestalten und Stoffen entweder mit einer Art von
1741 1574 2803 1644 meisterhaft gezeichnet. Eine Schwäche der Arbeit ist,
664 1601 1728 1674 ironischer Blasirtheit gegenüberstand oder sie allzu
1746 1617 2823 1689 wie schon hervorgehoben, die Aufdringlichkeit der
663 1651 1740 1726 empfindsam und wehmüthig behandelte. Schnitzter
1747 1669 2808 1730 Tendenz; sie verschuldet es auch, daß das Drama fast
650 1695 780 1749 ist,
792 1698 1610 1755 wie es scheint. an Männlichkeit
1624 1703 1735 1759 ge¬
1739 1713 2822 1772 durchweg peinlich, mehr kraß als tragisch wirkt. Erst
653 1734 1738 1808 wachsen, sein Schaffen isi nicht mehr so knochenlos,
1746 1747 2821 1816 im letzten Augenblick werden wir über das bloß Trost¬
659 1784 1733 1832 wie es in einzelnen seiner Novellen sich zeigt ... Die
1748 1792 2822 1847 lose hinweggehoben. Trotz jener Peinlichkeit aber war
660 1828 1737 1890 wilde" Liebschaft, auf der das Drama sich aufbaut,
1738 1837 2807 1899 die Aufnahme des Werks eine fast begeisterte zu nennen;
655 1862 1734 1926 spielt sich nicht, wie sonst bei Schnitzler, vor unseren
1748 1882 2815 1935 der Beifall hatte etwas von der Art einer sozialethischen
664 1912 1736 1967 Augen ab; sie ragt nur noch als Erinnerung in das
1745 1928 2817 1976 Kundgebung. Dauerhaft sind freilich solche theatralischen
654 1952 1742 2022 Stück hinein. Gleich von Beginn an hat diese Liebe
1751 1972 2813 2036 Eindrücke nicht; dieselben Leute, die sich mit kräftigem
662 1994 1739 2054 alles Irdische abgestreift und sich zur Treue verklärt.
1744 2017 2811 2081 Händeklatschen gegen die „gesellschaftlichen Vorurtheile“.
653 2040 1739 2116 Das erleichtert die Wirkung der Tendenz aufs Publikum,
1752 2061 2816 2120 ereifern, so lange die Theatervorstellung währt, werden eine
655 2090 1732 2151 verschiebt sie und verflacht sie aber auch ein wenig.
1741 2113 2811 2170 Stunde später im Leben, wenn sich die Gelegenheit
657 2122 1734 2184 Mit einem Todesereigniß hebt das Drama an, gipfelt
1749 2154 2804 2213 bietet, jene Vorurtheile selbst rücksichtslos bethätigen.
651 2174 1734 2242 es und schließt es. Jeder der drei Akte führt an ein
1742 2196 2809 2256 Und es kann auch gar nicht anders sein. Was beweist
663 2223 1740 2287 Grab, und so ist es kein Wunder, daß durch das
1746 2240 2807 2296 schließlich ein einzelner Fall, besonders wenn er aufs
654 2271 1729 2325 ganze Werk die beklemmende Stimmung geht, die über
1742 2286 2809 2346 Künstüchste zurechtgestutzt ist? ... Zu der erschütternden
649 2307 1737 2373 ein Trauerhaus gebreitet erscheint. Kaum hat sich die
1741 2318 2805 2378 Wirkung des Stückes trug die Darstellung ihr redlich
661 2355 1730 2424 Szene eröffnet, so werden wir an ein Sterbebett ge¬
1742 2373 2819 2429 Theil bei. Das „Deutsche Theater“ bot wieder einmal
648 2398 1734 2448 leitet. Der Sohn des Hauses, ein Liebling aller
1743 2421 2804 2471 eine Aufführung, die harmonisch, ausgeglichen in jedem
647 2430 1735 2499 Welt, seiner Familie, seiner Freunde und nicht
1735 2467 2799 2524 Zuge, als Ganzes einfach das Zeugniß „vollendet“
646 2496 1737 2552 zuletzt der Frauen, hat sich durch einen Sturz
1734 2507 2811 2569 verdient. Rittner hatte nur die Aufgabe zu sterben,
656 2541 1731 2592 vom Pferde derartige Verletzungen zugezogen, daß
1741 2551 2810 2616 aber er starb musterhaft. Else Lehmann ist in
656 2569 1736 2622 alle ärztliche Hilfe vergeblich erscheint. Der Sterbende
1733 2590 2808 2657 der Rolle des freiliebenden Mädchens schon eine
651 2622 1728 2681 ergiebt sich mit Gleichmuth in sein Geschick, soweit es
1743 2626 2360 2710 Art „Spezialität“ geworden;
2345 2644 2804 2704 sie ist ganz Hin¬
657 2666 1727 2728 nur seine eigene Person betrifft. Aber der Tod ist ihm
1747 2679 2810 2745 gebung, ganz „Seele“ in jedem Zuge. Lotti
647 2705 1737 2777 deshalb entsetzlich, weil er eine Geliebte und ein Kind
1737 2726 2815 2780 Sarrow spart ihre Kraft etwas einseitig für
656 2752 1720 2804 hinterläßt, die an ihm den einzigen Lebenshalt verlieren.
1725 2766 2813 2824 die Hauptmomente auf, in der Zwischenzeit giebt sie sich
655 2785 1727 2857 Daher beschwört er mit den letzten Worten, die er noch
1740 2814 2817 2876 eigentlich zu schlicht und einfach; aber da, wo sie ihr
658 2834 1733 2898 hervorzustoßen vermag, die Mutter, die sich trostlosen
1737 2855 2809 2921 ganzes Können entfaltet, wirkt sie stets groß und
648 2877 1728 2949 Herzens über ihn beugt, jene beiden Verlassenen in ihr
1735 2898 2801 2963 bedeutend. Die Gestalten des Professors und des
653 2926 1730 2987 Haus zu nehmen. Die alte Frau, obwohl sie alle Vor¬
1741 2945 2810 3005 Doktors verkörperten Reicher und Sauer ebenso
647 2971 1727 3024 urtheile ihrer Gesellschaftsklasse theilt, hat doch in
1736 2989 2808 3049 unübertrefflich wie bewundernswerth; das Bild, das
646 3012 1725 3075 diesem Augenblick kein anderes Empfinden, als das rein
1741 3038 2807 3087 Reicher gab, war als Ganzes aus einem Guß und in
638 3058 1721 3123 mütterliche, ihrem Sohn das Sterben leicht zu machen,
1730 3085 2813 3139 den Einzelheiten überraschend reich an allerlei kleinen
654 3111 1721 3156 und so verspricht sie ihm, seinen Wunsch zu erfüllen.
1734 3125 2811 3188 Lebenszügen. In den Nebenrollen leisteten Winter¬
645 3142 1725 3219 Viel schwerer findet sich der Vater, der hochangesehene
1744 3168 2808 3233 stein und Dora Lux Vortreffliches; die Letztere, die
653 3192 1717 3259 Professor der Nationalökonomie und Reichsraths¬
1740 3210 2812 3281 im „Neuen Theater“ wenig zur Geltung kam, scheint
649 3243 1718 3296 abgeordnete, bereit, dem Sohn zu willfahren. Auch
1738 3260 2804 3321 sich durch die bedeutendere Umgebung alsbald zu regem
655 3278 1718 3340 im Angesichte des Todes bleibt er der Egoist,
1744 3301 2803 3366 Wetteifer angespornt zu fühlen. Würdig und angemessen
652 3320 1724 3379 der Alles dem Behagen seines Ichs unterordnet. Be¬
1742 3345 2805 3401 spielte Frau von Pöllnitz die Mutter, eine Rolle, die
646 3374 1712 3430 kümmert jammert er: Was wird die „Gesellschaft“
1739 3388 2449 3462 künstlerisch nichts Eigenartiges bietet.
645 3417 1717 3481 zu dem Unerhörten sagen? werden Hinzens und Kunzens
2334 3427 2755 3492 Heinrich Hart.
643 3459 1723 3511 nicht sofort den Umgang mit uns aufgeben? und wie
644 3507 1718 3555 können wir unserer Tochter, dem heranreifenden Mädchen,
2113 3513 2433 3583 Allerlei.
649 3545 1712 3601 den täglichen Verkehr mit jener — Person zumuthen?
1781 3543 2804 3631 * Im Oktoberheft der „Deutschen Revue“ erzählt Ilka
659 3593 1723 3647 Aber schließlich fügt er sich doch dem festen Willen
1735 3606 2801 3672 Horovitz=Barnay einige kleine Züge aus ihren Er¬
652 3629 1718 3686 seiner Frau und er versteht es, sich diese Nachgiebigkeit
1745 3642 2359 3707 innerungen an Brahms.
2377 3640 2798 3696 Der Meister konnte
1738 3686 2802 3729 Virtuosen und Virtuosinnen absolut nicht leiden; vor den
647 3676 1727 3741 sofort mit einigen Phrasen von liberaler Weltanschauung,
1745 3728 2808 3774 „entsetzlichen Pianistinnen“ nahm er Reißaus, wenn sie ihm
648 3719 1722 3772 die jedes Vorurtheil überwinden müsse, als heroische
1729 3765 2793 3818 vorspielen wollten, und nur die eine Klara Schumann ließ
648 3770 1717 3840 Thatanzurechnen. Die ganze Sache verläuft denn auch weit
1743 3800 2795 3852 er als „vernünftiges Frauenzimmer“ gelten. Er konnte
646 3812 1717 3861 weniger aufregend, als der Professor befürchtete. Der
1735 3836 2802 3892 Virtuosen gegenüber sehr unangenehm werden. So fragte er
646 3851 1721 3921 Sohn stirbt, seine Geliebte und sein Kind werden Haus¬
1726 3876 2794 3930 eine junge Pianistin, die ihn um Rath anging, ob
651 3893 1728 3961 genossen. Die Fremde ist aber alles andere, als eine
1727 3920 2791 3974 sie in Wien konzertiren sollte: „Sind Sie schon ganz
639 3942 2806 4007 leichtsinnige Sünderin, sie erscheint in jeder Hinsicht der  vorbereitet?" — „Gewiß, lieber Meister. Darf ich etwas
2833 66 3056 142 We. —
2837 112 3074 176 kalische Fre
2839 161 3070 223 Frau des 4
2830 201 3058 255 von ihrem
2816 231 3066 296 halten. Eh
2828 277 3067 334 eins der vi
2818 307 3071 377 hingen un
2823 353 3071 414 Wie es sche
2824 392 3020 449 hinblickt,
2825 428 3061 486 anderes Bi
2830 466 3061 525 So harml
2822 505 3073 564 wurde dur
2827 552 3059 606 Blut stieg
2828 582 3067 641 Hermine S
2817 617 3075 683 ob er sie b.
2831 664 3019 717 Klavier.
2828 698 3062 759 suchte und
2823 741 3062 799 sagte er ;
2829 775 3065 834 nichts An
2826 817 3064 876 er ein Heft
2828 849 3061 922 legene Still
2821 894 3046 947 schrank und
2818 926 3049 985 der bereit¬
2830 973 3053 1036 sie in ihre
2821 1007 3017 1067 Mozart,
2830 1050 3033 1102 Sie aber
2825 1089 3053 1146 und inder
2832 1127 3050 1188 hinzu: „2
2820 1166 3045 1218 wüscht zu
2816 1203 3049 1257 Seine Ha¬
2822 1246 3053 1307 wiederholt
2912 1284 3040 1341 „We
2825 1295 3050 1378 hatte seine
2937 1365 3044 1416 Wi
2822 1374 3053 1454 Kölnsa
2825 1440 3037 1494 am besten,
2822 1479 3050 1533 einige Ha¬
2822 1515 3047 1569 mädchen d
2821 1558 3045 1613 dem Aben
2824 1599 3049 1649 während d
2820 1636 3048 1692 des Mä
2816 1672 3042 1741 gefähr geg
2826 1717 3049 1781 Stundena¬
2826 1751 3038 1807 sicht des H#
2825 1783 3040 1847 Auch in 2
2818 1822 3035 1884 Es wird
2822 1874 3037 1920 Tage ein
2813 1898 3049 1957 Kindermäd
2814 1942 3047 2007 anvertraut
2824 1992 3046 2038 garten z
2819 2023 3044 2076 Nachforsch
2820 2092 3037 2173 schaft mit
2829 2142 3020 2199 in einem
2816 2179 3010 2233 ihrem
2816 2217 3025 2272 Der Tan
2820 2254 3035 2318 Kindermä
2925 2301 3016 2352 D
2822 2329 3013 2390 gebung
2813 2374 3030 2434 hafte Ver
2809 2419 3021 2469 habt, die
2810 2450 3033 2506 500 herre
2811 2493 3030 2555 worden si.
2821 2536 3009 2584 wird auf
2811 2570 3012 2626 brochenen
2821 2608 3025 2667 und Tass
2812 2644 3003 2705 wurden,
2814 2689 2997 2748 sie ebenf
2815 2730 3000 2779 Kravatt
2817 2771 2994 2819 treibend
2816 2804 3001 2876 drücke!
2887 3710 3011 3776 Ei
2870 3809 3031 3902 Leiter
2803 3885 3050 3982 Verlag vor
