3436 4384
175 242 1833 340 10. Das Vernaechtnis box 16/5
586 813 1337 942 Dr. Max Goldschmi
726 887 1213 992 n Bureau für 2
712 957 1241 1073 Ze ungsausschnitte
1095 1011 1419 1104 Teiephen Ul. 102.,
626 1102 735 1157 rn.
567 1131 850 1208 eee  une en chesen
819 1152 1191 1250 Ansschnitt aus
737 1301 1349 1416 B. Z. am Mittag, Berhil
917 1503 1269 1621 110 10 11l
586 1662 1466 1789 Schnitzier im Neuen Dolkstheater.
651 1775 1476 1853 „Das Vermächtnis“, Arthur Schnitz¬
589 1815 1493 1905 ilers feinsinwiges Drama von L#ebe und Egö¬
596 1882 1480 1956 IoMls kam gestern — nach langjähriger Pause
663 1930 1486 1983 im Neuen Volkstheater zur Aufführung.
603 1970 1491 2026 Schnitzler ist ein treffsicherer Typenzeichner,
598 2017 1497 2079 seine Menschen sind mit photographischer Treue:
584 2050 1487 2116 dem Leben nachgebildet, so kommt es, daß auch
593 2100 1495 2165 hei den tränenseligsten Szenen dieses Stückes
589 2149 1483 2196 miemals eine fade Sentimentalität über das
579 2194 1488 2245 Ganze herrscht. Immer wieder verknüpfen die
574 2233 1491 2298 mmarkanten Gestalten der beiden Männerrollen,
579 2273 1489 2344 i#er höchst korrekte und sehr egoistische Professor
592 2323 1497 2368 Losatti und sein nicht minder korrekter Schwie¬
595 2368 1494 2415 gersohn in spe Dr. Schmidt, die lyrisch=senti¬
595 2408 1495 2470 mentalen Szenen mit dem Leben, darin es ja
589 2454 1486 2507 keine Tragödie gibt, die nicht, anders beleuchtet,
588 2507 1482 2556 der Komödie ähnelt. Schnitzlers Stück ist so:
603 2535 1489 2596 Der junge Sohn des Professors Losatti wird
597 2579 1489 2651 sterbend ins Elternhaus gebracht; auf einem
597 2627 1491 2689 Spazierritt stürzte er vom Pferde. Vor dem
593 2670 1485 2728 Tode gesteht er seinen Eltern, daß er eine Ge¬
602 2712 1484 2774 liebte und Kind habe, die er beide seinen An¬
595 2753 1497 2821 verwandten anvertraut. In den zwei folgenden
599 2798 1496 2866 Akten wird nun dargestellt, wie die Bourgeois¬
594 2845 1496 2910 familie langsam das arme Mädel, das dem
602 2882 1485 2959 Toten mehr als Geliebte war, aus dem Hause
588 2931 1492 2976 grault und in den Tod treibt. So entpuppt
601 2983 1485 3043 es sich am Ende als ein Drama der Klassen¬
588 3018 1507 3089 unterschiede. Die Aufführung war zu tränen¬
605 3063 1492 3121 feucht. Unentwegt heulten Männlein und
591 3102 1485 3160 Weiblein, und am Ende des ersten Aktes gab
589 3144 1488 3210 es gar eine richtige Tränensinfonie, darin
603 3197 1493 3238 sämtliche Darsteller des Stückes minutenlang
578 3226 1501 3307 ohn' Aufhören schluchzten! — Robert Müller
573 3319 1474 3404 und Maximilian Sladek, die beiden Träger
1185 3378 1463 3438 spielten die
570 3381 1166 3448 der führenden Männerrollen,
1165 3412 1462 3491 Ihnen ist der
566 3424 1168 3483 Egoisten mit großer Realistik.
1179 3467 1457 3527 Die unglück¬
575 3469 1179 3532 Erfolg des Abends zu danken.
566 3517 1469 3576 selige Geliebte wurde von Zella Wagner mit
1203 3547 1472 3608 Unter den
580 3555 1194 3617 warmer Herzlichkeit dargestellt.
575 3602 1462 3653 übrigen Mitwirkenden fielen mir Anneliese
570 3630 1462 3708 Wagners und Martha Angersteins
1273 3681 1440 3761 K. E.
577 3677 1186 3765 treffende Charakterisierung auf.
2087 314 2814 405 Dr. Max Goldschmidt
2199 393 2679 487 2 Bureau für 8
2188 458 2698 552 Leitungsausschnitte
2020 546 2186 615 Herin.
2567 540 2881 617 Telephon III. 302.
2006 590 2333 657 —
2295 647 2627 733 Lnsechnift aus
2037 847 2590 942 Berliner Mergenpes
2151 1052 2496 1147 1010 1010
2122 1174 2692 1267 Neue Freie Volksbühne.
2006 1225 2864 1308 Es ist im Grunde gar nicht verwunderlic daß
1975 1285 2805 1347 Atbur Schnitzlers Sonsviel „Das Vermich
2002 1328 2870 1408 2 Das die Neue Freik Benebühne gesterkn
1986 1368 2886 1449 Einer sehr tüchtigen Vorstellung herausbrachte,
1993 1426 2874 1495 Fahren bei seinem ersten Erscheinen in Berlin nicht
1998 1480 2864 1529 o recht Wurzel fassen konnte. Ein großer Vorzug,
1978 1503 2865 1583 den dieses Stück besitzt, hat ihm damals geschadet und
1969 1554 2878 1614 Kützt ihm heute. Schnitzler, der hier einmal mit
1976 1597 2879 1662 fmerkwürdig wenig „Literatur“ auskommt (er hat
1973 1639 2880 1705 sich ja anderweitig reichlich entschädigif, hat in diesem
1971 1687 2872 1760 bürgerlichen Schauspiel ein ideales, geradezu ein
1972 1723 2883 1798 Musterstück für ein Volkstheater besten Stiles ge¬
1993 1772 2881 1839 schrieben, für ein Unternehmen etwa, wie es die
1984 1829 2698 1902 Neue Freie Volksbühne sein will und ist.
2030 1853 2892 1936 Der von allen Mitgliedern seiner wohl¬
1973 1902 2888 1969 anständigen Professorsamilie, von den Eltern, den
1979 1953 2877 2005 Geschwistern und weiter auch von der Tante und der
1979 1987 2896 2061 Kusine verhätschelte Liebling der Seinen, ein junger
1994 2043 2893 2105 Doktor juris, ist vom Pferde gestürzt und wird
2000 2079 2889 2146 sterbend ins Wohnzimmer gebracht. Als grundbraver
1994 2134 2883 2200 Mensch, der er ist, quält ihn ein Gedanke und läßt
2001 2173 2885 2232 Ehn nicht ruhig sterben: Ein paar Häuser weiter wohnt
2001 2210 2895 2288 ein Mädchen, die Mutter seines kleinen Buben. Er
2005 2270 2891 2327 ill die beiden, bei denen er sein eigentliches Leben
2012 2314 2894 2373 nd seines Lebens Freude gefunden hat, noch einmal
2015 2353 2891 2417 kehen. Mehr noch, er will die beiden Kuckuckseier in
2013 2400 2896 2469 as wohlanständige Nest legen, und die Mutter muß
2016 2443 2890 2500 hm versprechen, nach seinem Tode die illegitime kleine
2024 2487 2891 2552 Familie im Hause zu behalten. Das geschieht auch,
2022 2536 2896 2586 eil man's ihm einmal zugesagt hat und weil der
2018 2581 2892 2640 Franzl ein süßer kleiner Kerl ist, den alle lieb haben.
2000 2615 2901 2695 Alls aber das zarte Kind stirbt, hält es auch seine
1993 2675 2887 2737 Mutter, der von dem Herrn des Hauses, einem selbst¬
2001 2712 2894 2778 gefälligen, herzenskalten Schönredner, und seinem Ge¬
1995 2763 2894 2828 sinnungsgenossen und künftigen Schwiegersohn das
2007 2795 2893 2867 Leben unerträglich gemacht wird, nicht mehr dert
2003 2859 2897 2917 aus. Sie geht fort — wahrscheinlich ins Wasser.
2051 2899 2890 2948 Es stehen sich in einer Reibe von Familienmit¬
2001 2917 2901 2999 gliedern des Hauses Losatti die Vertreter wahrer,
2009 2977 2904 3048 einfacher, selbstverständlicher Menschlichkeit und die
2004 3019 2897 3081 Wortführer einer verfälschten heuchlerischen Gutbür¬
2007 3064 2886 3123 gerlichkeit gegenüber. Obgleich diese zweite Partei
2004 3116 2893 3186 numerisch geringer ist, trägt sie den Sieg davon.
2005 3157 2890 3227 Professor Losatti, der Vater und Abgeordnete, der
2004 3211 2894 3255 mit liberaler Gesinnung prünkt und auch sonst ein
2013 3231 2901 3306 widerlicher Patron ist, wurde von Robe:t Müller
2014 3290 2890 3349 in einer Enrico=Ferri=Maske sehr glaubhaft ver¬
2000 3317 2897 3392 körpert, je gaubbaft, daß er einem Mchstäblich auf
2014 3364 2895 3434 die Nerren ging, was in diesem Falle ein
2017 3428 2895 3483 schwerwiegendes Lob darstellt. Hedwig von
2011 3447 2910 3528 Lorée warecht und vornehm in ihrem Mutter¬
2014 3521 2905 3577 schmerz, Johannes Riemann, der als der ver¬
2014 3569 2906 3620 unglückte Sohn schon im ersten Akt zu sterben hatte,
2016 3605 2905 3659 tat dies in annehmbarer Form. Es wäre noch die
2011 3652 2903 3708 knospenhaft=herbe Agnes der Annaliese Wag¬
2020 3697 2898 3760 ner zu erwähnen und Maximilian Sladek, der
2010 3743 2907 3801 trocken zu schleichen wußte. Jella Wagner als
2010 3779 2919 3848 Toni Weber, die verwitwete Geliebte, machte einen
2015 3811 2905 3887 allzu schnell getrösteten Eindruck. Acht Tage nach
2014 3866 2903 3940 dem Tode des Geliebten an der Trauerbluse einens
2011 3911 2891 3969 Soiree=Nackenausschnitt zu tragen, kann nicht als
2012 3961 2878 4023 faktvoll bezeichnet werden. Die Familie Losatti siehl
2026 4004 2897 4069 hicht aus, als ob sie diesen Verstoß gegen den gutes
2705 4030 2869 4118 Eest
2018 4042 2525 4119 Ton so leicht übersehen würde.
