3484 4224
1422 133 1873 229 box 16/2
223 139 1279 245 10. Das Vernaechtnis
899 556 1250 636 Teieion 12801.
578 628 1516 723 Unternehmen für Zeitungs-Ausschnitte.
1593 643 1823 724 Ausschnitt
455 646 580 754 10
1333 732 1415 801 6
1519 730 1797 833 Nr. 91
700 741 1366 829 „OBSERVER
333 816 1801 896 I. österr. behördl. concess. Bureau für Zeitungsberichte und Personalnachrichten
642 894 1494 988 Wien, IX/1 Türkenstrasse 17.
570 975 1540 1065 — Filiale in Budapest: „Figyelö“, VIII. Josefsring 31 a.
323 1013 1797 1183 desschwitt aus Oeum (duelimt, Tertuund
1376 1187 1618 1323 2e
321 1253 823 1367 vom /2. 98.
639 1417 1589 1488 Als ich nach der ersten Aufführung des Schauspiels
548 1456 1587 1515 „Das Vermächtnis“ von Arthur Schnitzler das
535 1500 1601 1558 Burgtheater verließ, traf ich mit einem alten Bekannten
536 1552 1595 1594 zusammen. Der Mann gehört mit seinem Denken und
546 1581 1594 1625 Fühlen einer Zeit an, in der das Rindfleilch noch tiefer
545 1624 1590 1681 und die Literatur noch höher im Werie standen als heut¬
532 1660 843 1711 zutage. „Nun“.
903 1664 1585 1723 fragte ich ihn, „wie hat Ihnen das
534 1696 844 1752 Stück gefallen?“
910 1697 1593 1758 Er sah mich einen Moment prüfend
543 1745 1582 1785 an, als ob er sagen wollte: Willst mich etwann frozzeln?
544 1786 1590 1830 dann antwortete er in dem breiten Dialecte des Urwieners:
545 1826 1586 1877 „Wissen S' wann die Komödi von X oder Y is, lass' ich
547 1865 1595 1907 mir's g'fallen; von an gewöhnlichen Menschen, der vielleicht
535 1897 1594 1935 in sein' ganzen Leben no' nie im Café Griensteidl oder
530 1942 1588 1979 Pucher g’wesen is, von dem kann man net mehr verlangen.
538 1981 1581 2031 Aber einer von die Modernen, von die „Reinen und Freien“
532 2010 1597 2074 därf mir mit so ein' Holler net kommen. Wo ist denn die
547 2052 915 2109 neuche Kunst, die s
924 2059 1593 2117 uns versprochen haben, die jungen
973 2093 1024 2127 51
543 2089 1021 2147 Herrln? Wo is s’ denn:
1020 2102 1585 2153 — „Erlauben Sie,“ wandte ich
543 2130 1427 2175 schüchtern ein, „Sie vergessen das „süße Mädel“!
1423 2139 1585 2188 „Lieber
542 2178 1581 2234 Herr,“ erwiderte mein Begleiter, „das „süße Mädel“, das
535 2205 1586 2270 war schon am Theater, bevor der Herr Schnitzler noch ein
546 2254 1592 2299 „süßer Knabe“ war. Am Burgtheater vielleicht net, das is
529 2292 1578 2347 möglich; dort g’hört's aber a' net hin, das Rüasserl!
544 2326 609 2378 J
603 2334 1589 2393 werd' Ihnen was sagen: Wie wir no' Kinder
537 2364 894 2423 waren, san wir
947 2372 998 2406 1
989 2362 1591 2429 hie und da auf allerhand
527 2397 1588 2470 kommen, wo ma glaubt hab'n: Bruder, jetzt hast was
530 2452 1580 2494 entdeckt, was vor dir no ka sterblicher Mensch g’'wusst hat.
531 2491 1584 2539 Zum Beispiel, dass die Gurken net auf die Bam wachsen
527 2524 1588 2582 oder dass die Katz' Mäus' fangt. Natürli, uns war's
532 2567 1586 2627 neuch, ergo, haben wir g'meint, hat a die ganze Welt
525 2606 1584 2655 bis dato ka Ahnung g’habt, wie die Gurken wachsen und
322 2645 1714 2702 Für 50 ] von was die Katz' lebt. Akrat so machen's heut die Jungen gelusi
415 2683 518 2730 100
526 2688 1712 2742 in der Literatur. Alle Damlang entdecken's a neuche Porto.
412 2724 524 2769 200
1573 2728 1721 2777 Zahlbal
533 2724 1569 2779 Wahrheit, machen a Gethua und a G'serres, blasen si' auf
1581 2766 1726 2817 n Vora
415 2766 530 2809 500
536 2762 1586 2820 und machen si' potzert, als ob sie 's menschliche Leben,
370 2800 519 2874 1000
531 2800 1586 2861 in das s' kaum vor a paar Brottäg' einig’hupft san,
532 2835 1574 2889 die Frösch', erst entdeckt hätten. Uns wollen sie was der¬
1577 2862 1716 2940 ht „8
538 2879 1577 2926 zählen, von Sacherln, die s’ net amal recht vom Hörsag'n
342 2888 527 2944 Abonnem
1581 2914 1699 2976 ##n.
540 2919 1583 2976 kennen, uns, dies’ g’segn oder erlebt haben! G'schichten
349 2932 529 2996 Abonnen
534 2961 1582 3001 aus 'n „Krakauer Kalender“ möchten s’ uns als niegel¬
524 3007 1577 3056 nagelneuche Probleme aufdisputieren! Haha! Und der Pimpf
528 3049 1576 3095 von ein' Publicum sitzt dort und passt auf wie a Haftel¬
531 3069 1586 3117 macher und hat a Riesenfreud', dass da oben am Theater
530 3112 1589 3173 g'rad' so zugeht, wie bei ihm z'Haus. Herentgegen braucht
526 3158 1581 3217 heutzutag a Dramatiker a Hirnschmalz? Lächerbar! Je schlam¬
521 3191 1580 3249 perter so a realistische Komödie z'sammpofelt is, desto na¬
527 3236 1577 3282 türlicher und je natürlicher, desto größer is das Meisterwerk. A
528 3275 1583 3322 feine Pointe im Dialog, a wirksame Situation oder a guter
528 3316 1581 3370 Actschluss? Fallt ihm net ein! Weil ihm überhaupt nix einfallt.
520 3350 1575 3399 Er hat's ja auch, Gottseidank net nothwendig, er schreibt 's
515 3390 1571 3431 Leben einfach ab. Früher hat man die Figuren gezeichnet, jetzt
514 3429 1584 3474 werden's photographiert, früher war der Autor ein Seelen¬
519 3473 1583 3522 maler, jetzt is er ein Radiotinterl und —. „Aber das
528 3508 1568 3562 Stück des Herrn Dr. med. Arthur Schnitzler?“ unterbrach
515 3540 1578 3610 ich ihn endlich ungeduldig. „Hm,“ versetzte er nachdenklich,
522 3595 1574 3637 „der Herr Schnitzler is ganz a talentvoller Mann, aber er
522 3628 1573 3669 is Doctor der Medicin und so einer hat nie a g’sunde
522 3657 683 3709 Idee.“
730 3660 1188 3716 „Und die Darstellung?“
1262 3666 1580 3720 „Ah, allerhand
514 3715 1580 3763 Hochachtung! Hartmann prima! Hohenfels, Schmitt¬
523 3742 1575 3800 lein, Schratt brillant. Das Burgtheater geht net
515 3778 1579 3839 unter — trotz'n alten Schlentherian! — Gute Nächte!
2381 971 2738 1029 Telefon 12801.
2092 1071 3015 1144 Unternehmen für Zeitungs-Ausschnitte.
3078 1092 3298 1167 Ausschnitt
1882 1111 2885 1264 105 „OBSERVER“
3020 1148 3291 1273 Nr. 92
1827 1255 3293 1335 I. österr. behördl. concess. Bureau für Zeitungsberichte und Personalnachrichten
2135 1311 2999 1404 Wien, IX/1 Türkenstrasse 17.
2071 1412 3052 1484 Filiale in Budapest: „Figyelö“, VIII. Josefsring 31 a. —
1819 1528 2814 1643 Ausschnitt aus: Mu Wede
1828 1676 2148 1787 7%
2113 1835 2986 1968 Wiener Theaterbilder.
2075 1944 3019 2010 Das größte Talent der Wiener, Moderne, Arthur
2019 2007 3022 2075 Schnitzler, der in stetig wachsender Entwicklung zu
2016 2051 3028 2117 den höchsten Zielen der Kunst schreitet, hat mit seinem
2024 2100 3034 2172 ergreifenden Drama „Das Vermächtniß“ im Burg¬
2031 2144 3029 2211 theater einen großen und ehrlichen Erfolg erzielt. Der
2030 2196 3033 2268 Dichter des „Anatol“ und der „Liebelei“ schreitet auf
2023 2258 3013 2323 seinem ureigensten Gebiete, dem kleinbürgerlichen Schau¬
2024 2307 3026 2363 sviel, Schritt für Schritt vor, und die Tragödie des
2018 2359 3022 2419 „süßen Mädels“ ist um einneues, d##tisch bedeutendes
2016 2404 3029 2473 Werk bereichert worden, in dem Schn#r die Höhe seiner
2018 2448 3015 2507 Kunst erreicht hat. Schnitzler versteht Menschen und
2026 2501 3008 2559 Schicksale zu zeichnen, baut sein Drama technisch un¬
2017 2541 3015 2609 anfechtbar auf- und wählt seine Motive aus der Welt,
2014 2598 3030 2657 die jenseits der sogenannten „Gesellschaft“ steht und deren
2010 2635 3025 2719 Couflicte der Dichter auf der Bühne mit genialer Hin¬
2008 2685 3022 2760 gebung auskämpft. Auch die Schauspieler standen mit
2011 2745 3019 2811 voller Kraft zum Dichter. Herr Hartmann errang einen
2014 2777 3011 2852 seiner größten Erfolge, Frau Schratt gab die herz= und
2024 2835 3016 2909 gemüthvolle Dulderin des Stückes, Frau Hohenfels
2010 2879 3010 2960 ihre bürgerliche Gegnerin, die sich in flammender Be¬
2009 2932 3021 2993 geisterung zu der Moral der „Verworfenen“ bekehrt. Herr
2006 2969 3015 3045 [Treßler bot im ersten Acte ein naturwahres Sterben,
1998 3017 3017 3099 Jund Herr Devrient gab einen seiner Bösewichte mit
1923 3033 1997 3106 50
1812 3036 1925 3121 Für
2008 3083 3005 3138 Geschick und Geschmack. Der Dichter wurde vom ganzen
1907 3099 1992 3147 100
3061 3091 3191 3171 neluno.
2014 3127 3003 3180 Hause mit Beifall überschüttet und oft gerufen und
1896 3140 1990 3185 200
3058 3146 3198 3201 Zahlbar
1902 3181 1999 3225 500
2007 3185 3208 3244 namentlich von den „oberen Zehntausend“, den Galerien, im Vora#
1843 3217 2004 3285 " 1000
2006 3223 2397 3283 demonstrativ bejubelt.
1944 3248 3305 3323 Im Gegensatse zu anderen Bureaux fur Zeitungsausschnitte ist #.#
2908 3305 3162 3354 auch steht
1820 3289 2848 3353 Abonnement durch keine bestimmte Zeitdauer begrenzt;
1809 3341 3148 3406 Abonnenten frei die aufgegebenen Theinen zu ergänzen oder zu ändern.
