3436 4256
1185 195 1271 262 S
1426 191 1881 290 box 16/2
232 205 1277 307 10. Das Vernaechtni#
469 371 3057 452 vollendet ist, und dessen figurate. geichnung die deei Parzen — Publicum hat sich kühl gegen ihn verhalten. Viel mag dabei al¬
1754 418 3057 466 den äußeren Umständen gelegen gewesen sein. Aber fragen wir uns
472 407 1770 495 wir für die Wiedergabe eines Burne=Jones hietten. Das ist es
1749 449 3060 512 ehrlich — wenn er auch 1892 im Burgtheater alle die anderen Rollen
480 467 1767 530 aber nicht, sondern der originale Entwurf der Künstlerin. Wer
1760 508 3050 561 gespielt hätte, in denen er jetzt aufgetreten ist, würde er so auf
477 516 1758 587 das alles zusammen kann, ist freilich bewundernswürdig. Warum
1766 540 3061 594 uns gewirkt haben, wie heute? Ja, noch mehr, wie wäre wohl
480 551 1755 619 aber sollte eine treffliche Stickerei sich nicht auch das größte Ver¬
1763 583 3054 655 sein Romeo, der so gar nichts von dem traditionellen, mit Cravattel¬
475 601 1763 651 dienst erwerben, wenn sie einen wirklichen Burne Jones in ähn¬
1766 634 3057 693 tenor behafteten schmachtenden Jüngling an sich hat, ausgenommen
485 636 1763 699 licher Weise wiedergeben wollte? Warum sollen die köstlichen
1770 679 3061 735 worden, hätte er sein Gastspiel 1897 mit ihm begonnen? Es muss
481 687 1759 751 Eckmann'schen Zeichnungen nur in Scherrebecker Wandteppichen
1764 720 3048 792 sich also von 1892 auf 1897 etwas geändert haben, und es muss
483 734 1767 807 reproduciert werden? Warum müssen die Pölster unserer englischen
1762 752 3056 820 sich auch seit seinem ersten Auftreten etwas geändert haben. Und
471 779 1762 845 Sitzmöbel gerade nur mit dem bedruckten Sammt in den groß¬
1763 801 3063 864 da sich er in den paar Jahren kaum wesentlich geändert haben
476 818 1767 876 blumigen Mustern nach Morris überzogen sein, und warum stellen
1762 850 3063 908 dürfte, muss sich in uns etwas geändert haben: und das kann,
485 863 1760 939 wir uns dieselben, liebgewordenen Musierungen nicht in Stickerei her?
1770 901 3057 960 bevor er hier seine Kunst zu zeigen begann, nicht durch ihn
1290 896 1765 971 eine Größe unter den
604 916 1251 971 Der Bildhauer Hermann Obrist
1761 934 3058 1004 geschehen sein, während wir von seinem Debut ab allerdings auch
484 946 1705 1010 Männern der neuen kunstgewerblichen Bewegung in Deutschland¬
1759 984 3063 1045 mit dem Einflusse seiner Art auf uns werden zu rechnen haben.
476 991 1751 1053 befasst sich derzeit speciell mit Entwürfen für Stickerei: Berlepsch,
1775 1034 3062 1090 Und die Sache ist eigentlich ganz klar. Erinnern wir uns doch nur,
480 1041 1733 1091 Riemerschmied, Pankok in Deutschland, in Wien, allerdings no¬
1772 1074 3054 1137 wie befremdend die ersten Dramen Hauptmanns auf einen großen
477 1083 1733 1141 versuchsweise, Roller, Olbrich, Lerter, Urbau, Hofmann, Mose¬
1764 1113 3054 1183 Theil unsers Publicums wirkten, erinnern wir uns doch nur,
482 1131 1747 1189 haben in dem Fache schon gearbeitet und geben uns in verschwen¬
1762 1163 3059 1216 welche Ctappenpolitik man im Burgtheater befolgen musste, um
476 1153 1774 1246 derischer Fülle ihre oft geistreichen, scheinbar tändelnden und doch
1774 1205 3049 1266 von Ibsens „Volksfeind“ zu „Klein Eyolf“ und der „Wildente“
486 1217 1762 1275 so wunderbar klar empfundenen und durchdachten Flächenornamente,
1781 1245 3062 1309 zu gelangen, ja erinnern wir uns, welch verschiedene Aufnahme
479 1265 1732 1333 ihren modernen Buchschmuck, Stilisierungen von heimatlichen Ge¬
1761 1291 3059 1355 dieselbe „Wildente“ innerhalb weniger Jahre im Deutschen Volks¬
481 1301 1715 1367 wächsen, Thieren und Figuren in märchenhaften Linien und einfache
1769 1341 3069 1414 theater, wo sie abgelehnt wurde, und im Burgtheater, wo sie ein
476 1351 1723 1405 größartig wirksam gegeneinander gestellten Farben. Alle diese in jeder
2675 1369 3066 1442 obwohl derselbe
1771 1379 2617 1436 Cassastück ersten Ranges wurde, erzielte:
483 1396 1716 1456 mann zugänglichen Druckwerken verstreuten Kunstwerke sind ja i
1767 1436 3052 1500 Mitterwurzer beidemale den Hjalmar und ihn gewiss auch beide¬
828 1443 1731 1513 man sehe nur den gestickten Paravent im Jaray
489 1448 842 1508 dazu geschaffen—
1777 1463 2690 1539 male mit gleicher Kunst in gleicher Art spielte.
482 1472 1770 1544 Zimmer des Museums dass wir sie in das Milien unseres Haufes
1871 1507 3072 1575 Unser Geschmack hat sich eben geändert, und er ist
488 1533 1760 1584 rücken, sic ohne jede Schwierigkeit in glänzende oder mattschimmernde
1775 1559 3066 1625 geändert worden durch das moderne Drama. Das konnte aber nicht
484 1571 1766 1636 Seide übersetzen können, dieses unendlich bildungsfähige und künst¬
1778 1599 3056 1667 geschehen, ohne dass nicht auch unsere Anforderung an die Schau¬
472 1618 1764 1672 lerische Ausdrucksmittel. Dem modernen Geschmacke gemäß fügte sich
1768 1639 3065 1704 spielkunst geändert und diese selbst beeinflusst worden wäre. Wie
480 1653 1768 1710 dergleichen als Wandbehang, Polsterung oder Paravent leicht in¬
1769 1691 3067 1750 sollte man durch Pathos wirken, wenn den Reden das Patheiische
478 1697 1766 1773 die Gesammtheit des Mobiliars, verausgesetzt, dase man nicht etwa
1773 1728 3070 1794 fehlte, wie durch Declamation von Monologen entzücken, wenn die
473 1745 1768 1825 hier auch wiederum die beliebten Gewaltthaten der stickenden Damen
1777 1781 3068 1830 Stücke keine Monologe enthielten, wie durch Herausbrüllen der
483 1795 1762 1852 verübt, Muster in irgend eine Form hineinzupressen, mag sie zu lang
1769 1821 3066 1882 Abgangsworte und der Actschlüsse frenetischen Beifall entzünden,
474 1835 1756 1896 oder zu kurz dafür sein, und den überschüssigen Raum durch irgend¬
1773 1863 3060 1930 wenn die Dichter „Abgänge“ und stilisierte „Actschlüsse“ vermieden?
487 1879 1759 1946 ein anderes Schnörkelchen auszufüllen. Da ist alles Architektur, be¬
1767 1902 3061 1978 Wer in Ibsen, in Hauptmann gefallen wollte, mufste sich nach
492 1938 1773 1992 kanntlich eine Sache, die der zehnte Architekt nicht recht kann. Jeder
1773 1951 3073 2030 anderen „Wirkungen“ umsehen, er wurde zu einer anderen Spielweise
487 1966 1762 2040 Fehler, Mangel und Reizlosigkeit einer Zeichnung, tritt in der präten¬
1769 2001 3076 2072 gewaltsam hingedrängt: wenn ihm überhaupt noch zu helfen war,
480 2020 1774 2077 tiösen Ausführung durch Handarbeit doppelt antipathisch hervor. Der
1770 2040 3074 2104 musste er Wein in sein Wasser schütten — oder doch so thun als
485 2047 1766 2120 moderne Stil soll individualisierend und sachgemäß sein, das heißt:
1777 2081 3071 2143 thäte er es. In diesen Umbildungsprocess fiel das Gastspiel und
489 2104 1758 2164 man will nicht in jeder Wohnung die nämlichen Sachen finden,
1773 2132 3073 2202 Engagement Ferdinand Bonns am Burgtheater. Bonn hatte ein
476 2155 1748 2233 und nichts, was für seinen Zweck unpassend aussieht, jede Ver¬
1764 2175 3058 2239 ganz richtiges Verständnis für die geweckten Wünsche, für die ent¬
484 2187 1763 2267 zierung soll Sinn haben und eine gewisse Gesammtstimmung her¬
1768 2223 3055 2290 standenen Bedürfnisse: er wollte das, was Kainz kann. Und so
479 2231 1770 2322 vorbringen. Man wird Stickerei mehr als jemals verwenden, aber
1768 2253 3068 2333 gefiel er jenen, die sich über ein beiläufiges Zusammentreffen ihrer
488 2279 1775 2342 nur dort, wo Polsterung und Stoffflächen unbedingt gestickt sein
1781 2308 3069 2369 theoretischen Wünsche und der von ihm, oft mit mehr Selbstbewusst¬
478 2323 1768 2399 müssen, nicht Deckchen an allen Enden und Behänge für Plätteisen
1771 2357 3068 2427 sein als Klugheit, promulgierten Thesen bereits klar geworden waren
487 2380 1030 2456 und Essigkrug, wie bisher!
1771 2391 3081 2464 und darüber seine unfertige Fahrigkeit übersahen, und mißfiel
596 2397 1762 2480 Die Frauenhandarbeit stehe also heute vor ganz anderen,
1776 2447 3067 2508 jenen, denen sein Können nicht genügte, wie auch jenen, die der
487 2443 1781 2521 größeren Aufgaben, wenn sie dieser ehrenvollen Berufung recht
1770 2487 3074 2548 „modernen Art“ überhaupt abhold waren. Man mag über Bon
480 2502 1777 2565 nachkommen will. Keine tausend Kleinigkeiten, sondern große, wert¬
1775 2523 3073 2600 selbst denken wie man will, sein Engagement am Burgtheater war
489 2541 1770 2608 volle, wohlüberlegte Werte, bei denen man einen rechten Künstler
1775 2592 3076 2641 jedenfalls eine nicht unwichtige Phase in dem Wandlungsprocesse,
487 2590 1775 2655 zu Rathe ziehen soll nicht den Stickereihandlungscommis und
1770 2621 3071 2687 den unser Geschmack in den letzten Jahren durchgemacht hat. Und
482 2637 1764 2690 nicht das eigene lannenhafte Köpfchen. Respect vor dem Entwurfe
1772 2664 3069 2733 als Mitterwurzer kam, begrüßten wir ihn schon mit ganz ande¬
481 2680 1769 2742 des Künstlers, dessen Gedanken unsere Hand beseelen sollen, dann
1780 2701 3081 2764 ren Augen, als mit denen wir ihn seinerzeit scheiden gesehen hatten.
483 2711 1783 2802 werden wir eine neue Blütezeit der Wiener Stickerei haben, wie
1768 2761 3062 2812 Damals war er vielen nur als ein genialer, verrückter Querkopf
491 2776 1775 2830 zur Zeit der Wiederbelebung alter Handarbeitstechnik, von der wir
1772 2800 3073 2871 erschienen. Jetzt erkannten wir ihn als ein Genie. Er mag sich ja
481 2826 1766 2882 das alles gelernt haben, was wir jetzt brauchen können. Der unver¬
1772 2837 3082 2908 auf seinen langjährigen Gastspielreisen, bei denen andere verschlampen
482 2859 1776 2926 kennbare Einfluss der leitenden Hand, der gegenwärtigen Richtung
1777 2891 3078 2937 und zugrunde gehen, „abgeklärt“ haben. Aber sollte der Unter¬
488 2903 1769 2967 im Oesterreichischen Museum hat sich also auch in diesem erst
1779 2928 3074 3001 schied zwischen dem Mitterwurzer von einst und später wirklich so
482 2946 1773 3011 zu schaffenden Fache glänzend bewährt, und wenn wir uns nicht
1776 2992 3083 3049 groß gewesen sein? Das ist kaum anzunehmen; daran, dass wir uns
482 2990 1776 3057 abermals erst von außen her belehren lassen, sondern der neuen
1782 3015 3076 3078 ändern, pflegen wir ja meist nicht zu denken, und so buchten wir
492 3042 1773 3112 Führung willig folgen wollen, können wir Frauen selbst mitbauen
1787 3063 3078 3120 einfach die Differenz im Resultat ganz auf seinen Conto. Mitter¬
481 3087 1317 3168 an dem Werke einer neuen Wiener Kunst.
1779 3096 3080 3181 wurzer war uns eben mit genialer Intuition vorausgeeilt, und
1268 3110 1737 3211 Natalie Bruck=Aufsenberg.“
1784 3152 3075 3222 wir können uns glücklich schätzen, dass wir ihm, leider in der
1794 3197 3072 3258 zwölften Stunde, noch so beiläufig nächgekommen sind. Und welchen
1787 3243 3081 3313 Widerspruch fand Mitterwurzer anfangs noch bei einzelnen, so als
940 3238 1549 3337 Burgtheater. 544
1788 3290 2474 3351 König Philipp, als Franz Moor!
493 3306 1765 3384 Die Kainz=Woche (21. bis 26. November 1898). — „Das Vermächtnis“,
1897 3305 3079 3386 Nun, und kaum anders wäre es Kainz ergangen, hätte er#
511 3373 1754 3424 Schauspiel in drei Acten von Arthur Schnitzler (30. November 1898).
1779 3356 3089 3436 sich im Burgtheater als Romeo eingeführt, nicht zu reden davon, ##
1788 3402 3088 3482 wie seine Aufnahme als Mortimer, Romeo, Franz Moor, sagen wir?
495 3411 1780 3512 1T an hat jetzt Kainz in Wien kennen gelernt. Er spielte Ernesto
1783 3442 3087 3531 im Jahre 1892, gewesen wäre. Die Hauptsache ist, er kam, wurde
616 3471 1782 3522 in „Galeotto“ (8. October 1897), Teja, Fritzchen, der Maler
1784 3492 3075 3560 gesehen und siegte. Welch weites Reich des Könnens hat uns dieser
484 3515 1775 3560 —in „Morituri“ (10. October 1897 und 24. November 1898), Hamlet
1772 3546 3076 3604 Künstler nur in der Verschiedenartigkeit der Rollen gezeigt! Und
491 3560 1766 3599 (13. October 1897), König Alfons in der „Jüdin von Toledo“
1771 3579 3069 3638 dabei spielt er noch den Faust und — im Lumpazivagabundus!
509 3599 1771 3664 (14. October 1897) Mortimer in „Maria Stuart“ (21. Novem¬
1789 3627 3076 3692 Und diese Kunst der Rede, diese Kraft der Charakterisierung, diese
485 3640 1770 3719 ber 1898), Franz Moor in den „Räubern“ (22. November 1898),
1782 3683 3076 3749 geistige innere Gewalt, mit der er immer unser Interesse in höchster
485 3683 1776 3754 Leon in „Weh' dem, der lügt“ (25. Noyember 1898) Romeo
1780 3717 3077 3787 Spannung erhält, auch wenn wir ihm einmal widersprechen möchten!
505 3737 1777 3789 126. November 1898). Gesehen hatte man ihn schon früher in
1792 3765 3077 3829 Aber wir dürfen nicht ungerecht sein gegen andere. Der Unter¬
486 3782 1751 3853 Wien. Ich denke da nicht an die Zeit, als Kainz vor so und so
1781 3803 3069 3879 schied im künstlerischen Können zwischen ihm und vielen anderen ist
493 3837 1784 3887 viel Jahren an einer kleinen Winkelbühne seine schauspielerische
1783 3860 3064 3919 groß, aber nicht der ganze Unterschied in der künstlerischen Wirkung
499 3863 1784 3930 Thätigkeit begann — wenn ich nicht irre, just an dem Tage, an
1778 3902 3075 3960 beruht auf ihm. Kainz bedient sich im Wettbewerb noch eines
494 3906 1779 3963 dem er 1897 zu seinem ersten Gastspiel am Burgtheater in Wien
1786 3937 3067 4009 andern Mittels, eines Mittels, das man gewöhnlich nennen könnte,
715 3946 1782 4014 sondern ich denke an die Tage der „internationalen
498 3961 665 4021 eintraf
1777 3972 3084 4046 wenn es eben an manchen Orten nicht ungewöhnlich wäre, eines
499 4001 1780 4060 Musik= und Theaterausstellung". Am 7. Mai 1892 spielte da
1790 4032 3071 4093 Mittels, das man, wenn er es nur hier benützt hätte, geradezu
489 4044 1776 4099 Kainz den Fernando in „Stella“. Er spielte dort einmal und nicht
498 4075 3092 4170 wieder. Die Kritik hat ihn damals achtungsvoll behandelt, das diabolisch nennen müsste: der Mann lernt nämlich seine Rollen
