3484 4480
228 200 1892 310 10. Das Vernaechtnis box 16/4
463 1102 976 1184 Diemhilerameeertreiamnne. mnnergtran
2195 1145 2627 1216 Telefon 12801.
880 1191 1232 1254 Telefon 12801.
1906 1234 2932 1332 Unternehmen für Zeitungs-Ausschnitte.
2791 1287 3005 1359 Ausschnitt
532 1290 1543 1372 Unternehmen für Zeitungs-Ausschnitte.
205 1278 556 1423 10 5
2070 1311 3086 1460 „OBSERVER“ Nr. 61
736 1357 1626 1476 „OBSERVER“ Nr.
309 1455 3154 1547 I österr. behördl. concess. Bureau für Zeitungsberichte und Personalnach L. feterr. behördl. cone. Bureau für Zeitungsberichte u. Porsonalnachrichten
1867 1517 2982 1619 Wien, IX/1, Türkenstrasse 17.
615 1544 1507 1625 Wien, IX/1 Türkenstrasse 17.
2084 1603 2753 1685 Filiale In Budapest: „Flgyelö“
570 1617 1775 1698 Filiale in Budapest: „Figyelö“. VIII. Josefsring 31a. —
1775 1671 3082 1756 Vertretungen in Berlin, Chioago, London, Newyork, Paris, Stockholm.
311 1766 1536 1840 Ausschnitt aus: Frager Abengslaht
2246 1756 2891 1878 Dracen Hbenabie
1696 1825 2235 1915 Ausschnitt aus:
326 1844 997 1994 „TI. /2. ).
1701 1961 2144 2053 von 75/299
600 2062 771 2154 %
745 2037 1299 2189 Theater und Kunst.
592 2151 1527 2229 Deutsches Landestheater. Zum Sterben
531 2181 1515 2263 langweilig ist das aus drei Sterbeakten bestehende
2280 2160 2671 2305 Theater.
543 2241 1502 2310 Schauspiel Schnitzler's „Das Vermächtniß“
529 2270 1502 2345 durchaus nicht es wird vielmehr durch die Kunst
2069 2266 2943 2330 Deutsches Landestheater. Die groß
531 2311 1511 2367 des Dichters, die Menschen wahr zu gestalten, recht
1956 2315 2953 2382 Kunst, die in den feinsten Haarstrichen zeichnet und die
534 2350 1514 2418 kurzweilig, trotzdem fast der ganze erste Akt damit
1958 2353 2949 2421 mit den wenigsten Theatermitteln sich begnügt, im¬
535 2387 1501 2457 ausgefüllt wird. daß ein vom Pferd, gestürzter Ver¬
1961 2396 2965 2447 desto eindringlicher mit der Wahrheit der Natur aust
534 2433 1503 2487 führer stirbt. Der zweite Akt, in welchem „bloß“
1965 2438 2962 2495 dem Innern heraus zu wirken kam gestern mit Eise
535 2467 1505 2536 sein hinterbliebener, von der kleinen Filaun brav
1971 2473 2958 2535 Lehmann in der Rolle der Toni Weber in Schnitz¬
533 2509 1503 2570 gespielter Knabe stirbt, hat weniger Inhalt dagegen
1956 2511 2957 2586 lers „Vermächtniß“ zu herrlicher Geltung. Das¬
536 2543 1502 2613 ist der dritte Akt, in dem sich die Verführte dem
1965 2552 2952 2601 arme Wesen, das nach kurzem Glück sich selbst ver¬
527 2572 1493 2647 Tode weiht, am lebendigsten. Das Sterben sieht man
1964 2582 2940 2641 nichtet, weil die jungfräuliche Ehre der Glücklich=Un¬
534 2618 1504 2686 nur im ersten Akt, in den anderen zwei Akten findet
1972 2625 2935 2685 glücklichen nicht eben so spiegelblank geblieben ist wie
531 2654 1494 2713 die Leichenbeschau hinter der Szene statt. Das ist
1964 2660 2950 2723 ihr braves Herz, bietet in diesem Stücke Schnitzlers
528 2691 1501 2761 jedenfalls ein großer Vorzug des Stückes. Zum
1976 2696 2952 2772 für eine Gastspielerin eigentlich keine dankbare Auf¬
528 2740 1501 2799 größten Vorzug wird ihm aber jedenfalls angerechnet
2269 2731 2951 2801 dankbarer aber ist die Aufgabe
1968 2731 2289 2806 gabe, um so
526 2779 1488 2832 werden, daß auch Einer moralisch todt gemacht wird,
1987 2788 2953 2830 für den Zuschauer und Hörer, jeden Gesichtszug
528 2802 1483 2877 das ist der Hausarzt, der mit der Schwester des
1976 2814 2959 2869 der Künstlerin zu beobachten, jeden seelischen Hauch
526 2835 1489 2914 Verführers verlobt ist und es nicht leiden will, daß
1981 2861 2947 2903 zu erlauschen. Man vernimmt die zarteste und
525 2883 1480 2939 die Verführte im Hause und im intimen Um¬
1971 2899 2944 2938 rührendste Melodie aus Saiten, in welchen der
523 2923 1500 3001 gang mit seiner Verlobten bleibt. Seine Braut
1979 2930 2949 2986 Sturm wühlt, bis sie reißen. Dieses Gastspiel, das
524 2961 1493 3030 hält dem Engherzigen, dessen Härte und unbe¬
1967 2964 2950 3027 leider nur zwei Rollen umfaßte, bildet das Vorspiel
522 2998 1485 3066 rufene Einmischung die Gefallene aus dem Hause
1966 3007 2956 3066 zu einem längeren Gastspiel, das vom Beginn des
515 3034 1484 3099 und in den Tod getrieben, eine Standrede und weist
1966 3041 2953 3106 Juli bis zum 17. Juli im Neuen deutschen Theater
514 3069 1498 3135 ihm die Thür. Frl. Eri reckt sich da imponirend
1980 3084 2949 3137 stattfinden und mit Else Lehmann auch Heren
521 3111 1494 3183 empor und spricht so nachdrücklich, daß ihr das ganze
1976 3127 2953 3176 Rittner und Frau Eberty, die Gattin des
502 3152 1486 3210 Haus zustimmt. Vielleicht würde sie wenn sie öfter
1968 3159 2962 3216 Herrn Prof Dr. Klaar, auf unsere Szene führen
511 3190 1502 3251 Beschäftigung fände, für so manche Novität, die man
1976 3190 2946 3256 wird. Das berühmte Terzett des Berliner deutschen
505 3227 1496 3297 zu den Gfallenen wirft, gleichfalls Zustimmung
1981 3240 2947 3292 Theaters wird unter Anderem in „Fuhrmann
513 3264 1500 3324 finden. Herrn von Wymetal, der mit Resignazion.
1729 3272 3126 3363 Für 50 Zeitu Henschel“ und Ibsen's „Wildente“ zusammen: inelusire
319 3286 449 3364 Für
432 3290 1550 3365 50 7den Lauspaß einsteckt, ist wegen seiner guten schau.#0
1978 3311 3108 3382 wirken. Mit diesem höchst willkommenen Gastspiel porto.
1817 3330 1934 3387 100
414 3336 534 3392 100
517 3339 1546 3415 spielerischen Haltung, die ihn nie verläßt, besonderst.—
1970 3353 3125 3414 wird eine erkleckliche Abzahlung für die im Schau¬ Zahlbar
1804 3362 1928 3428 200
412 3381 725 3449 200 zu loben.
1981 3380 2880 3451 spiel aufgelaufenen Rückstände geleistet. werden...
1805 3412 1934 3462 500
2710 3406 3148 3501 100.— imn Voraus.
409 3415 536 3476 500
1374 3407 1528 3483 — 5.—
1753 3441 1942 3522 „ 1000
1361 3449 1573 3520 „100.—
347 3455 531 3530 „ 1000
1858 3463 3196 3559 Im Gegensatie zu anderen Bureaux für Zeitungsausschnitte ist das
446 3490 1637 3561 Im Gegensatze zu anderen Bureaux für Zeilungsausschnitte
1734 3518 3206 3608 Abonnement durch keine bestimmte Zeitdauer begrenzt; — auch steht es den
1416 3540 1662 3602 auch steht
326 3553 1376 3606 Abonnement durch keine bestimmte Zeitdauer begrenzt;
1743 3563 3050 3659 Abonnenten frei die aufgegebenen Themen zu ergänzen oder zu ändern.
337 3582 1671 3656 Abonnenten frei die aufgegebenen Themen zu ergänzen oder zu änderj
