3436 4320
1368 136 1852 247 box 16/3
173 151 1231 271 10. Das Vermaechtnis
574 610 1588 675 ... belungt wie wir voreimne=inzugetreten.
2204 624 2900 709 benten Her, weicher Mitglied 2.
363 651 3162 748 Zei mittheilten die diesjährige Preisaufgabe i Der Nord=Süd= (Brenner=Expreß) Luxus= der Stifkung ist; darauf hielt der Vorsitzende
360 702 3162 768 aus der Rohr=Stiftung, welche die Akademie der“ zug ab Berlin, dessen Endziel bis jetzt Verona des Kuratoriums, Wirkliche Geheime Rath und
364 752 3162 828 Künste ausgeschrieben hat. Die Lösung der Auf= war, wird in Zukunft einmal in der Woche über] Präsident der Seehandlung, Herr von Burchardt
358 791 3150 866 gabe ist mit großen Schwierigkeiten verknüpft, Mailand—Genna-Pisa—Rom nach Neapel weiter= über die Entwickelung der im Jahre 1840 auf
1285 872 2222 926 nicht genug thun konnten und von den Schwächen
2218 802 3160 933 en dune din ineserste seten uen
372 886 1295 958 fidele Richard von Brick, dem aber, wie er mit
1291 900 2229 964 des Werkes keine Ahnung zu haben schienen. Der
2220 901 3158 965 Stückes, die ist vielmehr das wackere Ober¬
367 934 1298 994 wehmüthigem Humor ausführt, alles „daneben“
1289 932 2216 1018 Dichter nahm natürlich in Person nach jedem Akt
2215 955 3146 1026 haupt der Familie, der Herr Professor des
367 979 1291 1037 geht, liebt die kleine Käthe. Den Korb erhält er
1290 987 1807 1037 die Huldigungen entgegen.
2216 994 2898 1053 Nationalökonomie Adolf Losatti,
2881 988 3152 1056 ein alte:
363 1011 1297 1069 aber nicht von ihr, sondern von ihrem Vater.
1356 1013 2218 1079 Schnitzler ist ein starkes und vornehmes Talent,
2210 1022 3155 1077 Poseur, der sich selbst und den Andern Komödie
360 1050 1294 1122 Und um diese Figur gruppirt sich alles, was
1290 1041 2217 1113 das hat er auch in diesem neuen Schauspiel be¬
2211 1073 3149 1134 vorspielt, an dem jedes Wort und jedes Gefühl
365 1084 1296 1156 „moralische Tendenz“ des Stückes heißt. Der
1287 1088 2225 1158 wiesen. Wieder ist's eine „Verhältniß=Komödie“;
2216 1110 3151 1174 unecht und dessen einzige wahre Empfindung der
358 1133 1307 1203 alte Wulkow ist trotz seines Reichthums, dem
1284 1134 2219 1195 aber der Verfasser hat es verstanden, auch diesem
2220 1144 3155 1205 Egoismus ist. Wie er für und wider Toni
364 1172 1295 1241 Richard von Brick so wenig widerstehen kann,
1291 1180 2222 1246 von unseren Modernen so arg gemißbrauchten
2216 1182 3161 1240 redet, wie er sie duldet, als Vater“ liebt
361 1204 1288 1269 daß er Hof= und Hausmarschall des Hauses wird,
1286 1213 2213 1277 Thema eine neue Seite abzugewinnen. Er schildert
2211 1219 3149 1282 und bald darauf herzlos verstößt, wie er
356 1249 1293 1310 ein kerniger, ehrlicher Bürger, dem das feine
1291 1252 2207 1319 uns das „Verhältniß“ als ein Vermächtniß
2206 1262 3159 1323 den Tod des Sohnes und des Enkels auf¬
362 1284 1289 1354 Gethue“ für das seine Frau schwärmt, ein Gräuel
1285 1297 2212 1361 an die Familie des betreffenden Jünglings. Vier
2201 1309 3150 1370 nimmt — das bildet die interessantesten
263 1262 353 1381 5
354 1326 1288 1387 ist. Dieses gesunde, arbeitsfreudige Bürgerthum
1289 1334 2212 1395 Jahre hat der junge Dr. jur. Losatti hinter dem
2208 1346 3153 1409 Momente und den hauptsächlichsten Inhalt des
257 1362 367 1434 em
353 1369 1291 1430 wirkt auf die aristokratischen Virtuosen des Nichts¬
1284 1362 2219 1433 Rücken seiner höchst ehrenwerthen Familie ein
2211 1378 3156 1448 Stückes. Daraus erhellt wohl zur Genüge, in
242 1404 306 1469 9
360 1408 1283 1464 thuns sehr heilsam. Baron Sandorf lernt arbeiten,
1284 1407 2215 1469 inniges Familienleben mit seinem Fräulein Frau
2206 1422 3155 1476 welcher Art Schnitzler seinen in den Grundzügen
246 1445 367 1503 ster
364 1437 1295 1506 läßt sich als Modellzeichner beschäftigen und ist
1286 1450 2213 1520 und dem Bübchen geführt. Da verunglückt er
2203 1453 3156 1520 so stark dramatischen Stoff behandelt. Darunter
236 1489 357 1544 hen,
353 1485 1284 1550 selig, als er den ersten blauen Schein verdient.
1287 1493 2217 1551 eines Tages mit dem Pferde und wird sterbend
2203 1489 3144 1553 leidet auch die Glaubwürdigkeit der Handlung.
227 1527 355 1579 ach¬
360 1533 1283 1584 Jetzt erkennt er, daß auf der Sonnenseite des
1285 1537 2212 1584 ins Haus seiner Eltern gebracht. Von Todesahnen
2214 1544 3152 1587 Die volle und skrupellose Hingabe der Familien¬
236 1569 361 1627 Lelt
359 1569 1293 1630 Lebens auch die Freude an der Arbeit glänzt.
1276 1575 2214 1633 ergriffen, gesteht er alles, dringt darauf, daß man
2204 1579 3153 1629 mitglieder an Toni erscheint ebenso bedenklich wie
235 1609 357 1661 Beg
354 1597 1292 1667 Und da Freund Richard sich in die Schwester des
1284 1601 2214 1677 die Geliebte und ihr Kindlein hole, und nimmt den
2202 1614 3139 1672 der rasche und brutale Umschlag in den Em¬
230 1640 354 1705 cius
358 1649 1285 1697 Barons verliebt hat, die ihm die Wahrheit gesagt
1282 1647 2209 1708 Eltern das Versprechen ab, Mutter und Sohn
2210 1657 3141 1708 pfindungen der Personen und die schleunige, lieb¬
228 1686 355 1734 und
361 1683 1284 1739 und ihn zu einem neuen Menschen gemacht hat,
1287 1692 2214 1752 dauernd in ihr Haus nehmen und für sie sorgen
2205 1695 3154 1756 lose Verabschiedung des Mädchens, das sich
233 1723 356 1778 des
349 1721 1280 1779 so endigt alles so gut, wie man es von einem
1275 1723 2206 1788 zu wollen, als gehöre sie zur Fumilie. Man er¬
2201 1737 3154 1809 eben erst durch seinen längeren Aufenthalt
237 1761 350 1814 und
355 1758 1293 1819 anständigen Lustspiel verlangt, das nicht aus der
1287 1773 2214 1831 füllt den Wunsch des Sterbenden, und im nächsten
2209 1785 3154 1840 im Hause als gut und würdig erwiesen.
232 1793 359 1852 : den
354 1799 1213 1865 Schule des Naturalismus hervorgegangen ist.
1280 1803 2218 1874 Akt sehen wir die arme Toni und ihr von allen
2199 1816 3155 1878 Betrachtet man aber das Schauspiel Schnitzlers
213 1839 357 1894 füges
405 1835 1289 1899 Es war ein ehrlicher Erfolg auf der Bühne und
1275 1847 2209 1900 verhätscheltes Kind gewissermaßen als Mittel¬
2203 1855 3151 1921 auf seinen Werth als dramatisches Stimmungs¬
198 1869 359 1944 lerisch
345 1864 1283 1938 eine ehrliche Heiterkeit im Publikum. Wenn die
1283 1888 2210 1949 punkt der trauernden Familie. Aber noch hat
2204 1894 3150 1962 bild, auf Gehalt an warmer Empfindung und
218 1920 361 1979 auch
347 1913 1281 1972 Autoren=Dioskuren nach jedem Akt wiederholt gerufen
1275 1932 2216 1994 Toni Schlimmeres zu erdulden. Auch ihr Kind
2205 1940 3140 1996 schönen Worten, dann wird man den gestern
182 1950 363 2021 rberen
343 1957 1285 2015 wurden, so hatten sie diesen Ruf nicht einer gefälligen
1273 1962 2214 2016 wird ihr genommen, und durch dessen Tod
2201 1972 3154 2036 gespendeten Beifall einigermaßen begreiflich finden.
201 2000 354 2051 mag.
347 2010 1281 2066 Freundeschaar, sondern ihrem redlichen Verdienst
1273 2002 1454 2057 wendet
1436 1997 2222 2068 sich ihr Geschick. Alles, was an
2206 2020 3144 2075 Mit vornehm abgetönter Realistik schildert der
180 2033 353 2102 Hälfte
354 2040 1285 2094 um das Behagen des Publikums zu verdanken.
1270 2040 2215 2099 Gerechtigkeitsgefühl, Milde und Edelmuth sich in
2209 2053 3150 2124 Autor Menschen und Dinge erade in den kleinsten
173 2074 341 2132 #t. So
343 2075 1281 2134 Getragen wurde das Stück allerdings durch drei
1275 2088 2213 2133 den Familienmitgliedern regt, wird durch den
2199 2097 3144 2165 und intimsten Zügen ungemein scharf und
172 2108 353 2170 onnen¬
340 2118 1278 2179 besonders kräftige Stützen des theatralischen Hu¬
1272 2107 2206 2179 Wortführer der Opposition, den geschraubt
2207 2123 2565 2190 lebensvoll, und
2557 2135 2957 2193 einige Charaktere,
3008 2134 3134 2188 be¬
172 2147 361 2220 un der
347 2154 1281 2215 mors. Die Darstellung des alten Wulkow durch
1276 2154 2206 2218 moralischen Hausarzt, in Grund und Boden ge¬
2212 2154 3139 2227 sonders der alte Herr Professor, sind in ihrer
352 2190 1279 2255 Emil Thomas gab ein köstliches Genreporträt.
1272 2199 2214 2258 redet, und so giebt man schließlich zu, daß dieser
2210 2215 3137 2273 breiten, prächtig nüancirten Ausgestaltung wahre
185 2201 353 2289 guen
352 2231 1279 2293 Wie das Lustspiel durch keinerlei aufdringlichen
1286 2234 2209 2295 wackere Herr dem um Geliebten und Sohn trauernden
2203 2253 3148 2316 Meisterwerke dramatischer Charakteristik. Die
189 2275 354 2333 e über¬
346 2271 1280 2339 Wortwitz, sondern durch komische und zuweilen
1276 2283 2210 2330 Mädchen gerade heraus sagt, daß es das Haus
2199 2280 3137 2349 Sprache ist schlicht und natürlich, wird aber nie¬
199 2313 350 2368 „Lust¬
345 2314 1279 2375 recht geistvolle Pointen ergötzen will, so zeichnete
1272 2312 2213 2377 verlassen müsse. Durch allerlei freundliche
2198 2325 3136 2385 mals absichtlich trivial und hält sich von der
173 2345 354 2409 denken.
339 2353 1281 2411 auch Thomas die lebenswahre Gestalt einer Alt¬
1274 2353 2212 2417 Redensarten und materielle Versprechungen sucht
2200 2382 3149 2434 brutalen Effekthascherei des modernen Naturalis¬
162 2377 355 2445 #en ihr
345 2386 1279 2444 berliner Kernnatur ohne Uebertreibung mit den
1276 2383 2218 2448 man dann der Bedauernswerthen die bittere
2199 2413 3137 2470 mus völlig fern. Wer im Theater nur echte
171 2421 360 2490 ldnichts
1275 2436 1412 2487 Pille
338 2421 1287 2491 diskreten Mitteln gediegener Charakterkomik. Eine
1417 2432 2070 2498 etwas zu versüßen, aber
2047 2441 2207 2493 Toni
2205 2441 3143 2504 Stimmung und treffliche Reden sucht und empfind¬
166 2463 359 2524 bei der
344 2457 1289 2529 seiner erfreulichsten Leistungen bot Herr Vollmer
1281 2472 2085 2530 versteht, wie das im Grunde gemeint ist.
2205 2480 3147 2546 same Frauen, die gern weinen — der wird in
165 2499 357 2569 ssichten
344 2513 1286 2567 als Richard von Brick. Die Szene, in der er die
1274 2498 2204 2573 zweifelt verläßt sie das Haus, und aus einem
2200 2522 3153 2579 dem „Vermächtniß" Schnitzlers mit seiner tiefen
165 2544 350 2609 Sonnen¬
344 2551 1274 2608 entwürdigende Rolle erkennt, in die ihn seine Nei¬
1270 2553 2211 2610 zurückgelassenen Zettel geht hervor, daß sie bestimmt
2207 2561 3146 2639 Sentimentalität und seinem warmen Empfinden
179 2590 358 2651 tel und
339 2593 1276 2653 gung zum Schmarotzen gebracht, spielte der
1269 2589 2203 2651 entschlossen sei, dem Geliebten und ihrem Kinde
2207 2594 2994 2656 ein wahrhaft erhebendes Drama erblicken.
238 2633 346 2679 der
352 2626 1282 2702 Künstler mit jener Naturwahrheit, die den Ernst
1276 2635 2214 2690 in den Tod zu folgen. Dem Hausarzt aber bringt
2254 2634 3134 2700 Schauspielerisch brachte der gestrige Abend dem
215 2657 352 2724 eiden
350 2676 1273 2723 dicht neben die Heiterkeit zu setzen weiß.
1270 2663 2207 2732 sein herzloses Handeln keinen Segen, entrüstet und
2192 2665 3149 2739 Deutschen Theater wieder reiche Ehren. An erster
224 2701 350 2765 muß
346 2701 1287 2759 Leider hatte Frau Schramm nur wenig Gelegen¬
1281 2709 2211 2766 erkältet wendet die älteste Tochter des Hauses, Tonis
2195 2708 3137 2787 Stelle unter den Darstellern ist diesmal Herr
233 2743 352 2805 ern
347 2748 1285 2805 heit, in ihrer Rolle als Frau Wulkow die unver¬
1276 2753 2200 2809 warme Fürsprecherin, sich von ihm und schließt
2205 2761 3132 2809 Reicher zu nennen, der die wunderbar ge¬
350 2786 1277 2851 wüstliche Kraft ihrer drolligen Komik zu zeigen,
1277 2782 2204 2843 mit vielen warmherzigen und trefflichen Worten
2194 2802 3139 2849 zeichnete Figur des Professors dem Dichter meister¬
354 2815 1273 2880 aber das Wenige war echt. Frl. v. Mayburg als
1284 2818 2201 2904 über das an Toni begangene Unrecht das Schau¬
2194 2835 3133 2898 haft nachcharakterisirte und die Gestalt zum
1270 2861 1480 2935 spiel ab.
347 2864 1277 2921 Käthe war frisch und natürlich. Das Letztere
2198 2879 3136 2936 traurigen Helden des Stückes machte. Frau
340 2901 1277 2955 kann man von Hrn. Christians nicht sagen. Der
1335 2894 2208 2966 Schnitzler hat in dieser Handlung, die ich hier
2193 2924 3138 2977 Lehmann weinte und schluchzte als unglückselige
338 2934 1276 3007 leichtlebige Baron sprach in einem so tragischen
1271 2942 2202 3013 nur in großen Zügen andeutete, ein Thema an¬
2202 2960 3147 3015 Toni mit hingebender Leidenschaft, Herr Rittner
344 2990 1275 3041 Ton, als ob er es beklagte, daß man ihm diese
1270 2992 2208 3039 geschlagen, das wohl den Vorwurf zu einem
2197 2998 3139 3066 starb als ihr Geliebter eines sehr natürlichen
249 3022 310 3075 *
342 3015 1276 3084 Rolle gegeben hatte. Gewandter wußte sich Frl.
1270 3030 2193 3084 großen und bedeutsamen Bühnenwerk bilden konnte.
2200 3033 3138 3084 Todes. Den Moral predigenden Hausarzt stellte
346 3061 1273 3114 Poppe als Baronin Thessa mit ihrer Aufgabe ab¬
1274 3067 2208 3115 Aber der Stoff ist unter seinen Händon kein
2195 3077 3140 3132 Herr Sauer in trefflich gelungener Haltung dar,
345 3106 1271 3170 zufinden, obwohl auch ihr der Kothurn vertrauter
1269 3093 2203 3167 Drama, sondern ein dreiaktiges Stimmungs¬
2197 3115 3142 3180 seine Gegnerin, eine enragirte Vertheidigerin
235 3071 361 3194 21
339 3130 974 3201 ist als die leichten Salonschuhe.
1270 3132 2201 3199 bild geworden. Die Stellung der vom Sohn
2189 3150 3134 3213 Tonis, gab Fräul. Dumont mit warmem Ton
249 3188 350 3235 t zu
446 3172 1272 3233 .K. Im Deutschen Theater bereitete gestern
1275 3182 2195 3234 der Familie als Vermächtniß hinterlassenen
2195 3185 3129 3253 und lebhafter Beredtsamkeit. Zwei empfindsame
217 3218 343 3272 lows
1272 3206 2192 3277 Geliebten und ihres Kindes — dieser eigenartige
340 3215 1264 3272 (Sonnabend) das stark mit Freunden des Autors
2188 3225 3130 3288 Mädchenseelen fanden in den Damen Sarrot und
204 3254 358 3312 ihren
1268 3258 2187 3316 Vorwurf gab Schnitzler nicht die Gelegenheit zu
348 3262 1271 3311 durchsetzte Publikum dem neuen dreiaktigen Schau¬
2187 3273 3132 3333 Lux sehr geeignete Vertreterinnen, ein kecker
196 3293 353 3356 umen
1269 3302 2189 3357 einer bewegten dramatischen Entwicklung. Er
346 3301 1270 3352 spiel Arthur Schnitzlers: „Das Vermächt¬
2187 3302 3132 3371 Gymnasiast in Frl. Elsinger eine recht muntere
204 3328 355 3407 Leute,
1274 3343 2183 3400 nahm sie nur als Anregung und Hintergrund zu
341 3342 1271 3397 niß“ einen sehr lebhaften Erfolg. Der leise
2183 3345 3131 3401 Vertreterin. In den übrigen hervortretenden Rollen
203 3368 357 3434 ldfisch,
338 3376 1276 3435 Widerspruch, der sich bemerkbar machte, galt wohl
1272 3376 2192 3437 breiter Stimmungsmalerei und liefdringender
2191 3380 3133 3449 zeichneten sich Frau Pöllnitz, sowie die Herrn von
214 3416 364 3479 schon
345 3411 1272 3468 hauptsächlich dem Ueberschwang der Beifallspender,
1274 3419 2190 3473 Charakteristit einiger Figuren. Toni, die leidet
2195 3420 2801 3481 Winterstein und Reinhardt aus.
185 3442 3107 3525 Die sich die sich in lauten Zeichen der Zustimmung gar und duldet, ist wohl die eigentliche Heldin, (Fortsetzung von „Kunst und Wissenschaft“ im 3. Beiblatt.)
433 3544 1178 3783 lene
