3436 4480
1423 270 1881 364 box 16/4
217 275 1257 384 10. Das Vernaechtnis
153 1123 3191 1187 n Schmierenkomödiantin, Familienordnung exekutiren soll. Nur Agnes' Mutter bleibt Tonials Emmy Winter an vielen Stellen zu norddeutsch derb.
167 1155 3202 1237 ist, die von der Leiche treu, die Majestät des Todes läßt die legitime Wittwe ihre Trauer Dagegen paßte, obwohl durchaus nicht wienerisch, Herr Gerlach
150 1219 383 1286 gt wird.
615 1221 3199 1269 mit dem Schmerz der illegitimen solidarisch empfinden gegenüber recht gut für den Doktor Schmidt und führte ihn im Ganzen und
155 1269 3194 1326 da ein, wo die beiden den Kleinlichkeiten der Sitte. Emmy Winter bricht mit ihren Ver= Einzelnen vortrefflich aus. Mit sympathischem Takt gab Herr
168 1310 3184 1382 es eine Fortsetzung der wandten und will Toni zu sich nehmen. Aber — und das ist Botz seine kleine Rolle als Arzt. Die Franziska ist eine Marlitt¬
614 1361 3198 1425 wieder ein feiner Zug — ihre Tochter widersetzt sich, denn mit dem figur, aus der Frl. Wertheim natürlich nicht viel machen konnte.
156 1360 640 1431 r. Hugo Losatti, Sohn
626 1411 1903 1464 Tode des Kindes ist in dem jungen Mädchen ein unbestimmtes
180 1407 628 1484 Abgeordneten, hat eine
1902 1410 3198 1473 Frl. Jurberg brachte die psychologischen Feinheiten ihrer Partie
623 1459 1912 1534 Gefühl von Eifersucht und Abscheu gegen Toni erwacht. Toni
154 1460 625 1526 oni Weber. Nach einer
1907 1460 3192 1518 (Agnes Winter) im zweiten und dritten Akte hervorragend zum
621 1509 1902 1571 wird mit ihrem Elend in die Einsamkeit hinausgestoßen. Sie giebt
153 1505 631 1578 er ihre Liebe zu Vetter
1901 1509 3197 1562 Ausdruck. Frl. Mestel (Betty Losatti) verdarb auch dies Mal
619 1553 1911 1612 sich den Tod. Aber im Sterben feiert sie noch einen Sieg, denn
156 1553 633 1616 äth, und Franzi, Hugos
1891 1560 3191 1625 alle Scenen, in denen es auf ihre Mitwirkung ankam. Sehr
623 1605 1908 1665 ihr Tod vollendet Franzis Umwandlung und läßt sie mit ihrem
174 1599 625 1674 eweiß, daß Hugo Toni
1902 1613 3191 1672 nett und frisch gab Frl. Wendt den Lulu. Herr Lettinger
620 1649 1004 1718 Verlobten brechen.
179 1649 618 1716 hat — nach einer um¬
1867 1657 3197 1716 (Hugo) rief in der Sterbescene einen starken Eindruck hervor.
1790 1681 1881 1745 L
163 1690 637 1779 ein Blitz aus heiterem
670 1702 3198 1774 Die Situation, in der wir einen ganzen Theaterabend fesi= Uneingeschränktes Lob verdient Herr Regisseur Niedt, der namentlich
620 1755 1897 1815 gehalten werden, wirkt trotz den Schrecken des Todes, die sie im
160 1743 629 1811 der der jungen Leute.
1896 1748 3200 1815 aus dem ersten Akte eine packende Wirkung herausgearbeitet hatte.
608 1792 1904 1863 ersten Akte mit großer realistischer Technik und Stimmungskunst vor¬
166 1792 628 1860 rbend in das Vaterhaus
1953 1799 3200 1863 Das Stück erzielte, wie schon gemeldet, auch hier einen nicht
179 1849 3195 1917 Bekenntniß, eine letzte bereiten, doch immer etwas gekünstelt oder wenigstens problemhaft, geringen äußeren Erfolg. Ein gutes Stück ist es darum nicht,
161 1892 3204 1954 die Eltern zu sich zu wie denn überhaupt das Drama mehr als „Liebelei“ und selbst wenn es auch in vielen Einzelheiten die Hand eines vornehmen
614 1947 3203 2000 mehr noch als „Freiwild“ etwas Problemhaftes hat. Viel tragen Künstlers verräth. Vor allen Dingen wird Schnitzler neue Stoffe
156 1943 619 2013 nicht zu trennen. Die
192 1979 620 2061 Frau Losatti schwört,
616 1993 3189 2060 zu diesem Eindruck die langen Kannegießereien bei, die zum Unglück und Motive herbeibringen und sie bildnerisch, nicht redend oder
185 2036 3202 2104 r, ein professoraler Pe= gerade an den Stellen sich breit machen, wo innere oder äußere demonstrirend, gestalten müssen, wenn er nicht erstarren und von
162 2096 3197 2161 Freisinns, hört auf, zu dramatische Entwickelung vorwärts treiben sollte, namentlich gegen dem Niveau seiner „Liebelei“ und seiner ersten novellistischen Arbeiten
1891 2136 2237 2215 herabsinken will.
607 2138 1903 2203 Ende des Werkes. Sie wirken um so fataler, als sie für Jeder¬
183 2139 619 2207 und ihr Kind schon aus
2703 2143 3116 2218 Hans Heilmann.
618 2180 1914 2252 mann selbstverständlich sind und Jedermann den Lauf der Dinge von
157 2186 611 2243 ki und der Kleine werden
610 2238 1906 2303 Anfang an im Großen und Ganzen vorhersieht. Das Problem¬
158 2239 612 2303 Eiben. Nun demonstrirt
161 2267 624 2349 von Anfang an Jedem
610 2279 1921 2358 hafte, das Surrogat, drängt das dürftige Künstlerische in den
606 2324 1917 2403 Hintergrund. Das Episodische, das für die beiden ersten
176 2332 623 2400 In holder, rührender
155 2369 1921 2445 den noblen Leuten und Stücke gewann, fehlt hier beinahe gänzlich, aber nicht zum
1319 2425 1924 2502 Die handelnden Personen
162 2425 617 2486 uthes zu Boden drücken.
613 2421 1308 2496 Vortheil der Gesammtwirkung.
180 2476 1920 2551 ihr seine Leutseligkeit bewegen sich und sprechen mit ziemlicher Lebendigkeit, aber sie sind
604 2531 1904 2580 alle, selbst die beste, ich meine die des Professors, nur soweit aus¬
149 2517 626 2599 es Enkels wegen beinahe
615 2570 1907 2645 geführt, als ihr Motivchen reicht, das Uebrige ist leer gelassen, wie
161 2577 616 2637 roßen Hingebung willen;
604 2613 1915 2679 die Rückseite der Theaterkoulissen. Die Milieukunst Schnitzlers kam
153 2619 623 2684 tröstlich den Tod ihres
167 2668 618 2734 schließt mit der Leidens¬
605 2677 1924 2734 diesmal gar nicht zur Empfindung. Vielleicht lag das an der
145 2714 1918 2774 Kaft in der Liebe zu Hugos unvortheilhaften Besetzung zweier Hauptrollen, des Professors Losatti
148 2765 1918 2838 Toni: Dr. Schmidt, den und der Toni Weber, die beide technisch vorzüglich, aber wohl kaum
155 2817 1917 2892 reber und Parvenn haßt im Sinne des Autors gespielt wurden und darum vielleicht die richtige
147 2862 1323 2918 lbst verschenkte, und er Anschauung nicht aufkommen ließen.
672 2914 1915 2974 Denn Frl. Illing, welche als Toni ganz Vortreffliches bot,
168 2913 635 2986 Neigung seen Antrag
602 2956 1905 3033 ganz ähnlich wie sie damals trotz ihrer kraftvoll herben Persönlich¬
167 2954 452 3038 hnen beginnt.
165 3014 1919 3074 Eltern gefallen sich inkeit die Käthe Vockerat verkörperte, sie stellte zwar ein gebrochenes,
623 3066 1907 3122 mitleiderregendes Weib vor uns hin, aber nicht das süße Mädel,
158 3054 620 3141 echt lästig, da die gute
187 3108 1907 3176 Das Kind hätte man das in seiner Hilfslosigkeit mit jeder Bewegung, jedem Worte rührt.
155 3133 1921 3230 tter! Dr. Schmidt ge= Der Milieuwirkung fehlte so das Ausgangscentrum. Der Losatti
177 3200 1912 3257 ihren alten bösartigen des Herrn Lehrmann war in seiner Art wieder einmal eine ganz
160 3259 1918 3317 Liebe verließ, und der außerordentlich tüchtige, klug und sicher angelegte Leistung, die nur
155 3281 1913 3367 es kleinen Franz bringt hier und da vielleicht in der Edelmuthspose ein wenig zu starke
610 3351 1913 3411 unfreiwillige Komik entwickelte. Aber er war ein viel zu energischer,
163 3348 633 3417 Der Professor und seine
154 3397 1905 3459 ranzi wird schwankend. scharf markirter Norddeutscher, nicht der weiche schwankende Wiener,
617 3442 1909 3506 der noch gemüthlich erscheint, wenn er taktlos poltert. Dem rohen
157 3447 620 3519 Toni abschütteln. Und
613 3493 1905 3568 Pedanten des ersten Aktes, der überhaupt unwahrscheinlich wirkte,
150 3493 628 3556 idt, welcher der Familie
151 3543 1909 3613 ie Konvenienzehe beizu=glaubte man nicht seine Gutmüthigkeit am Anfang des zweiten.
162 3583 1942 3678 n Spruch der legitimen Auch Fräulein Gabri, unsere meisterhafte Sprecherin, war
