3436 4320
1435 165 1871 259 box 16/3
234 150 1288 266 10. Das Vernaechtnis
2365 414 2714 513 Telefon 12801.
2065 511 2991 612 Unternehmen für Zeitungs-Ausschnitte.
3061 529 3271 608 Ausschnitt
1796 518 1990 639 10
2201 584 2824 701 „OBSERVER
2970 606 3261 702 Nr. 29
1792 693 3265 778 I. österr. behördl. concess. Bureau für Zeitungsberichte und Personalnachrichten
2099 753 2969 863 Wien, IX/1 Türkenstrasse 17.
2003 843 3024 916 Filiale in Budapest: „Figyelö“, VIII. Josefsring 31 a. —
876 883 1180 988 Teleion 18e.
1793 967 2613 1088 Ausschnitt aus: Jeurnal
618 993 1522 1083 Unternehmen für Zeitungs-Ausschnitte.
1573 988 1756 1084 Aussell
2668 996 3038 1120 2 (Pari)
281 1035 671 1157 10
1523 1078 1645 1173 Nr.
717 1086 1422 1199 JOBSERVER
1803 1095 2291 1218 a# 1 0%
325 1172 1741 1257 I. österr. behördl. concess. Bureau für Zeitungsberichte und Personalnachrich
633 1261 1497 1348 Wien, IX/1 Türkenstrasse 17.
1918 1244 2956 1386 LETTRES, sciuncus & AKrs
567 1338 1548 1424 — Filiale in Budapest: „Figyelö“, VIII. Josefsring 31 a.—
1943 1426 2960 1493 Théátre allemand: le Legs, par M. Schnitzler. —
1941 1484 2970 1548 MArthur Schnitzler, un Viennois Für compte parmi
325 1456 1694 1551 Ausschnitt aus: #### ###rl, C4 Calt
1949 1531 2982 1609 lesVerivains en vuc de la jeune génération allemande,
1941 1572 2965 1636 n’est point tout à fait un inconnu pour le public fran¬
1942 1620 2968 1666 çais. Mouris, un roman plein de qualités assez rares,
326 1588 721 1692 vom 9/1.47
1935 1654 2981 1717 qu'il fit paraitre, ily atrois ans, a mäme été traduit
1944 1704 2971 1750 ctl’auteur fut signalé à cette époque à l’attention
1946 1742 2981 1809 des lecteurs du Journat des Débats. Peut-être, toute¬
625 1759 1480 1869 Berliner Theaterbrief.
1937 1790 2984 1855 fois, est-ce comme auteur dramatique qu'il convient
1944 1840 2970 1891 surtout de remarquer M. Schnitzler: sans parler d’un
646 1860 1549 1925 Hier herrscht das regste Interesse für jedes
1937 1885 2985 1952 recueil de saynétes, il nous a donné déjà quatro
557 1917 1543 1985 Bühnengenre. Das Hoftheater mit seinen muster¬
1936 1928 2973 1974 grande s piéces, dont la dernière, le Leys, joué an
1941 1967 2979 2015 commencemient de la présente saison au Théätre al¬
560 1961 1542 2024 giltigen, zun eist elassischen Aufführungen unter
1940 2011 2978 2089 lemand de Berlin, vient seulement de paraitre cn li¬
546 1995 1548 2081 Max Grube's tüchtiger Leitung hat sein vor¬
1936 2056 2181 2114 brairie (1).
550 2070 1549 2129 nehmes Stammpublicum. Am Deuischen Theater
1966 2091 2986 2157 M. Schnitzler v revient sur un sujet dont il s’était
554 2119 1544 2187 übt „Cyrano de Vergerac“ noch ungeschwächte
1925 2141 2973 2201 occupé déja, et de diverses manières, dans ses cau¬
545 2157 1543 2234 Anziebungskraft, während Schnitzler's tief er¬
1926 2184 2968 2248 vres antéricures: l’amour libre et ses conséquences.
541 2191 1540 2278 greifendes „Vermächtniß", als Rührstück erster
1928 2223 2977 2292 Un jeuno homme vivant dans sa famille a, à l’insu de
533 2257 1542 2327 Ordnung bezeichnei, nicht die Anerkennung findet,
1931 2268 2981 2333 celle-ci, une maltresse et un enfant. Au moment de
541 2313 1538 2373 die es verdient. Im Berliner Theater macht „Zaza“.
1937 2317 2973 2369 mourir, il légue l’un et l’autre ä'ses parents en leur
1923 2366 2976 2419 faisant promettre de les recueillir chez eux. La chose
537 2350 1533 2408 #volle Häuser mit der gemalen Prasch=Greven¬
1936 2402 2969 2471 faite, le monde juge naturellement les parents avcc
546 2408 1550 2475 berg und dem ewig jungen Herrn Stahl, den
1936 2431 2976 2505 d’autant plus de sévérité qu’ils ont d’autres enfants,
539 2457 1547 2516 wir schon vor soundsoviel Jahren im seligen
1937 2491 2961 2548 et notamment und fille de vingt ans. Lo bébé étant
546 2509 1535 2567 Wiener Stadttheater dasselbe Rollenfach spielen
1773 2511 1878 2580 Für
1874 2513 1936 2568 50
1870 2532 2965 2604 100 mort, la situation parait de plus en plus génante, si
552 2546 1548 2616 sahen. „Das weiße Röß!“ übt seit Monaten
3002 2542 3188 2640 inclusive
1863 2584 2965 2644 200 bien que l’on finit par se décider à renvoyer l’intruse.
3016 2612 3148 2651 Porto.
549 2583 1540 2668 unverminderte Anziehungskraft im Lessingtheater,
3004 2630 3176 2681 Zahlbar
1852 2625 2972 2698 500 Mais celle-ci, comprenant ou l’on en veut venir, part
3011 2656 3194 2721 im Voraus
550 2651 1539 2723 obzwar nicht alle Darsteller auf der Höhe ihrer
1841 2666 2625 2726 1000 d’elle-méme pour aller se suicider.
538 2693 1543 2764 Aufgabe stehen, besonders in Bezug auf den
1963 2714 2965 2770 Et la noblesse de sentiments que M. Schnitzler
1778 2751 3219 2815 Abonne préte constamment à & T’irrégulière n, ainsi que la fülle ist dns
537 2747 1540 2823 Dialeei, welcher in der scharfen Gegenüber¬
2966 2777 3221 2841 steht es der.
546 2799 1539 2873 stellung des Berliner und Wiener Idioms auf
1779 2806 3125 2869 Abonne manière dont il oppose sa généfosité au pharisaisme findern.
1928 2849 2968 2903 étroit de plusicurs des autres personnages, semble
548 2845 1541 2911 Richtigkeit Anspruch erheben würde. Wir nehmen
1938 2892 2972 2958 bien prouver qulil a entendu plaider en faveur de
537 2901 1530 2956 ja gerne das unverfälschte Gigerlwienerisch des
1936 2933 2969 2980 l'amour libre. Mais sa thése, — si thöse il ya, —
534 2941 1536 3022 Frl. Jenny Groß mit in Kauf, einen Dialect der
1927 2967 2978 3032 nese dégage pas avec unc netteté parfaite, car on ne
360 2996 465 3064 Fer
461 2994 1535 3071 50 pielleicht am Wiener Turf, nicht aber unter der
1591 3011 1770 3069 inclusive
1936 3021 2976 3071 se sent pas impérieusement conduit à tirer und con¬
1611 3060 1750 3093 Porto.
462 3040 1526 3117 100 Bevölkerung des Salzkammerguts gebräuchlich ist.
1931 3063 2977 3104 clusion de l'aventure exposéc. La situation imagi¬
1596 3084 1757 3123 Jahlbar
436 3081 542 3145 200
558 3087 1535 3163 während das Kanderwälsch der Anderen, die
1934 3098 2985 3167 née, — bien qulassez bizarre, — est cependant pré¬
1583 3107 1789 3171 im Voraus
439 3122 552 3166 500
1938 3154 2964 3202 sentéc avcc une adresse remarquable. Malgré quel¬
393 3141 1525 3212 „ 1000 nicht zu „berlinern“ haben, unseren Ohren webe
1935 3190 2971 3255 ques longucurs au début, le premier acte est do teus
485 3197 1820 3255 ithnt. Die Operette „Geisya“ die im Central= hnitte ist das
1522 3225 1818 3292 h steht es den
1928 3236 2974 3303 points exceilent ot l’on retrouve également dans les
366 3233 1731 3333 Abonnen theater der 300. Aufführung zusteuert, macht ändern.
1934 3284 2967 3341 deux autres I’habileté à faire vivre les personnages
374 3292 1138 3360 Abonner jäglich ausverkaufte Häuser.
1931 3328 2969 3371 et la précision harmonicuse de la forme dont M.
1931 3373 2975 3444 Schnitzler avait déjà témoigné dans ses cuvres pré¬
1926 3408 2150 3463 cédentes.
1960 3433 2954 3507 Mais ce ne sont point simplement ces mérites in¬
1921 3504 2968 3564 trinséques qui rendent M. Schnitzler intéressant pour
1924 3541 2971 3605 nous. 1l est, dans une certaine mesure, l’un des con¬
1919 3603 2968 3647 tinuateurs du mouvement qui, voici quelqucs an¬
1928 3625 2964 3681 nées, porta de jeunes littérateurs allemands à pro¬
1919 3672 2964 3739 clamer la nécessité d’un retour à l’imitation directe
1916 3716 2962 3779 de la réalité vivante et vraie, en prenant pour gui¬
1926 3767 2969 3822 des Alexandre Dumas, Zola, Maupassant et Bourget.
1927 3807 2971 3850 Encore qu'atténuées et mélangées, ces influences
1912 3830 2968 3896 françaises se retrouvent incontestablement dans des
1926 3894 2966 3947 piéces comme ie Leys, et c’est pourquoi il pourrait
1918 3936 2969 3994 étre curieux, à plus d’un titre, de comparer parfois
1920 3985 2589 4033 certains decos iennne dont#.
