3436 4384
223 164 1253 267 10. Das Vernaechtnis
398 508 739 580 Ausschnitt al
707 511 1366 618 Wiener Mittags-Zestung
392 589 817 683 vom:5- Ml 1914
423 684 1480 767 (Neues Wiener Stadttheater.] „Das
307 731 1455 812 Vermächtnis“, Schauspiel von Artur Schnitzber, ist
318 792 1463 857 nun auch in die Skodagasse übersiedelt. Man hat es zögernd
321 840 1464 909 wiedererkannt und die Macht der verschiedenen Distanzen
318 888 1467 956 recht störend empfunden. Was damals lebendige, spannende
318 941 1461 1005 und ergreifende Dichtung war, ist heute fast schon Literatur¬
315 974 1462 1032 geschichte; ihre Schmerzlichkeit Pointe, ihre Ironie profes¬
312 1028 1446 1094 soraler Anarchismus und ihre Gewagtheit geschäftige Klug¬
316 1082 1448 1131 rednerei. Wahrscheinlich hat das alles einmal gesagt werden
299 1121 1447 1195 müssen. Aber die Wiederholung ist, wie bei jedem Produkt
314 1175 1455 1242 allzu eng umzirkelter polemischer Ueberzeugung, unerträglich.
311 1235 1452 1285 Wo Ibsen verneinte, geschah es gegen die Konvention als
301 1283 1450 1346 solche. Hier aber wird das, was für Jung=Wien einst die
311 1328 1453 1371 Gesellschaft war, mit brennenden Farben gemalt und das
302 1375 1445 1431 Resultat ist ein Häuflein der denkbar zuwidersten Menschen,
305 1423 1447 1482 deren Gesinnung, Geist und Raison völlig gleichgültig er¬
312 1457 1448 1514 scheinen. Der duldende Teil ist da von Anbeginn so sehr ins
308 1519 1453 1580 Recht gesetzt, daß sein Geschick füglich als sträfliches Pech
299 1574 1445 1624 figuriert. Schnitzler ist seither von dieser larmoyanten
298 1613 1451 1682 Brüskierung der Jouratmosphäre zu ihrer Vertiefung, Stili¬
307 1671 1443 1715 sierung und Nüancierung gelangt; er vermag es heute, hinter
303 1720 1438 1770 einen Tennisplatz in Baden wirklich einen seelisch=lyrischen
302 1759 1446 1817 Prospekt zu stellen. Im „Vermächtnis“ ist noch alles Ueber¬
290 1811 1443 1883 bietung, prinzipielle Scharfmacherei ohne Animo. Man be¬
292 1864 1446 1914 dauert es, Wiedersehen mit einem solennen Theaterstück ge¬
287 1921 1456 1974 feiert zu haben, das kaum ein gutes ist, weil es zu dick
292 1960 1448 2024 unterstreicht und zu grob zuspitzt. Auch die Niese hat hier
293 2010 1437 2067 eigentlich eine spärliche Aufgabe, eine Rolle, über und über
288 2059 1451 2127 in Moll, Trauerkleidung und gekränkte Unschuld gehüllt.
292 2115 1447 2176 Freilich kann man dieses tragische Kostüm nicht haltungs¬
292 2152 1448 2220 voller, sardinierter und mit rührenderer stummer Klage
299 2208 1439 2264 tragen. Aus einer recht saloppen und fadenscheinigen Staf¬
298 2256 1442 2316 fage stach noch Herr Baron hervor, der aus dem Professor
296 2305 1443 2352 Losatti den prachtvollsten Salonhohlkopf machte, ihm eine un¬
298 2356 1451 2419 freiwillig mokante Komik und eine brillante geschwätzige
292 2405 1436 2450 Drastik gab. Durchaus repräsentabel auch der eisig ge¬
293 2452 1433 2531 nossene, von Strebertum und plebejischem Neid gleichsam
293 2483 1446 2553 ausgelaugte Dr. Schmidt des Herrn Richter. L. U.
380 2967 789 3049 Ausschnitt aug
695 2981 1202 3070 Kaniaries Wiener Extrablatt
386 3052 1014 3139 vom: 5-Ml 1914 Wien
497 3124 1406 3190 Neues Wiener Stadttheater. Gestern öffneten
392 3180 1413 3264 sich die Pforten der neuen Bühne für Artur
383 3219 1409 3299 Schnitzl##der mit seinem Schauspiel „Das Ver¬
386 3247 1399 3319 m##ch#nis“ hier zu Worte kam. Das Drama, das
385 3299 1395 3350 zu den interessantesten unseres heimischen Dichters
389 3338 1400 3397 gehört, gab schon früher einmal Frau Niese Gelegenheit,
387 3367 1415 3437 in der rührend schönen Gestalt der Toni Weber ihre
381 3406 1391 3474 hohe Kunst zu zeigen, und auch gestern ergriff sie
389 3441 1400 3512 das Publikum durch die Echtheit ihrer Charakterisierung
380 3482 1395 3538 und die tragische Schlichtheit des Tones. Unter den
382 3519 1403 3573 Mitwirkenden fielen Herr Baron in der Rolle des
382 3552 1396 3624 Professors Lottasi, Frau Werner als Emma Winter
383 3595 1396 3654 in angenehmster Weise auf. Aber auch die anderen
389 3627 1403 3695 Mitwirkenden, die Damen Joseffy und Laval,
383 3655 1410 3749 die Herren Richter und Olmühl trugen das ihre
386 3704 1285 3786 bei, dem Werke einen starken Erfolg zu erringen.
700 3779 745 3823 —
1419 158 1857 252 box 16/5
2134 434 2235 515 —
2333 498 2736 601 S. ST, WIER
1859 505 2278 605 Ausschnitt aus:
2143 588 2675 684 6- MAl 1914
1884 633 2034 686 vom:
1918 724 2982 767 — Neues Wiener Stadttheater. „Das Vermächt¬
1818 751 2984 802 nis“ von Artur Schnitzler mit Hansi Niese als
1810 794 2988 864 Gast. Das Schaufpiel selbst ist den Wienern längst be¬
1820 838 2978 894 kannt und zeigt übrigens den typischen Charakter der
1812 884 2997 947 Schnitzlerschen Stücke, so daß es Wasser in die Donau
1823 930 2980 985 tragen hieße, wollte man über seinen Inhalt und seine
1814 964 2984 1013 Tendenz auch nur ein Wort verlieren. Das Spiel der
1819 1019 2995 1073 Darsteller kann schlechterdings ausgezeichnet genannt
1825 1061 2988 1111 werden. Hansi Niese als Toni Weber bewies ihr ge¬
1825 1097 2991 1148 wohntes meisterliches Können, neben ihr haben die Damen
1819 1142 2989 1196 Joseffy als Frau Betty, Laval und Eugenie Werner
1828 1186 2997 1240 den Intentionen des Dichters gewiß vollauf entsprochen.
1827 1226 2990 1290 Von den Herren verdienen Ewin Baron, Paul Ol¬
1823 1263 2995 1332 mühl und Paul Richter ehrliche Anerkennung. Jeden¬
1831 1327 2998 1371 falls versteht es die junge Bühne, ihre tüchtigen Kräfte
1842 1367 2998 1415 immer wieber in vorteilhaftes Licht zu stellen. Freilich be¬
1840 1404 2994 1463 deutet das heutige Stück keine wertvolle Bereicherung des
2871 1441 2976 1513 6b
1841 1452 2082 1497 Repertoires.
2418 2538 2968 2632 ENER CARICATUREN
1965 2569 2243 2664 Husschnitt
2247 2588 2472 2686 MR1914
1979 2682 2137 2742 vom:
1950 2738 2949 2883 F— Der Schlager des Theaters war die
1975 2813 2959 2911 Aufführung von Artur.Schnitzlers.
1971 2873 2943 2977 „Vermächtnis“ welches, im Burg¬
1967 2937 2951 3035 theater vernachlässigt, hier eine fröh¬
1972 2981 2950 3081 liche Auferstehung feiern durfte. Wir
1976 3053 2969 3147 werden auf die Einzelleistungen noch
1984 3113 3022 3213 zurückkommen und wollen hier nur den
1987 3188 2676 3283 großen Erfolg konstatieren.
