3436 4256
1093 150 1210 231 18
1358 153 1836 260 box 16/2
167 149 1226 271 10. Das Vermacchtni
1993 1302 2063 1373 ge
887 1355 3248 1424 lebendigem Leibe schon commentirt und als der „große“ den Tod der Geliebten herum in ganz eigener Weise. So
885 1422 3249 1500 sinnverbergende Dichter Wiens ausgeläutet werde. Schnitzler in dem Novellencyklus „Die Frau des Weisen“. Aber die
121 1390 892 1506 uilleton.
884 1449 3252 1538 schreibt ehrlich, schlicht, natürlich und nicht für Narren, Darstellung ist so natürlich, die Sprache so klar, gesund,
880 1502 3264 1588 was ihm eben diejenigen, für die er nicht schreibt, schwer die Zeichnung der Individualcharaktere so zweckbewußt, daß
127 1524 511 1629 Burgtheater.
883 1559 3259 1624 verzeihen. Schnitzler zeigt dentlich, daß die Aesthetik oder man in die Lebensverhältnisse seiner Gestalten sich einlebt,
898 1602 3254 1680 auch nur die Kritik mit einem Sammelworte „Das junge als wäre man immer mit ihnen im Umgang gewesen. Den
123 1591 911 1716 auspiel in 3 Acten von Arthur Schnitzler.
135 1642 712 1719 hrung am 30. November 1898.)
901 1639 3254 1732 Wien“ oder „Die Modernen“ nicht das Rechte trifft, entsetzlichen Stoff des „Sterben“ veredelt verklärt die
899 1699 3259 1775 sondern Unrecht thut. Seine Stoffe sind modern, nur unter Schnitzler'sche Form des Ausdruckes. Jedes Wort bezeichnet,
132 1695 907 1780 hterische Entwicklung ist eine ruhige,
906 1766 3258 1833 bestimmten individuellen und localen Bedingungen ebenso aber keines verletzt; die Schilderungen sind knapp, fesselnd,
133 1771 904 1830 t ein Moderner, aber an den Bock¬
897 1797 3265 1870 individuell als local giltig; seine Art zu gestalten, sein poetisch schlicht, ungekünstelt; der Stoff ist nicht in moderner
135 1813 907 1875 nen“ — ich meine jene mit Anführungs¬
141 1871 3265 1914 nicht theil. Sein Talent hat sich ent= Ausdruck ist jedoch allgemein giltig und hat den Zusammen= Art aus den fürchterlichen Vorgängen, sondern in classischer
133 1899 3260 1980 geschossen. Schnitzler hat nicht plötzlich hang mit den allgemein anerkannten Geistern, die wir Art aus den dichterischen Empfindungen gestaltet. Das
137 1963 3268 2022 „Wiener Stück“ oder mit flüchtig hin=classisch nennen, nicht verloren. So haben es die rechten Selbstverständliche der Schnitzler'schen Darstellung zeigt den
131 1994 3266 2057 ndiscretionen aus dem Gebiete der Künstler in allen Zeiten gehalten. Antigone war zur Zeit Meister der Form, so daß man zum Schlusse zur Ansicht
2816 2025 3266 2115 selbst bei gewagten
907 2027 2748 2111 ein durchaus „actueller“ Stoff und mag von den Griechen kommt, „als müsse es so sein“.
132 2045 912 2119 reichischen Gerichte oder der bei Freunden
2060 2074 2335 2160 Problemen.
156 2092 2082 2173 derart geärgert, daß er eines Sonn= ohne Zweifel als Tendenzstück empfunden worden sein;
2165 2110 3258 2203 Die Kritik im Allgemeinen ist noch immer in dem
161 2122 2084 2211 mußte. Seine Freunde schätzten sein dieser Stoff ist auch nur aus dem alten Milieu zu begreifen,
2065 2174 3259 2244 Wahn befangen, sie habe sich über das Problem der Dich¬
161 2173 2079 2258 ) in kleinen Formen sich erprobte; sie die Form, die Gestaltung ist aber allgemein menschlich und
2075 2229 3260 2290 tung auszusprechen und den Stand der „Frage“ zu be¬
124 2238 2081 2316 en die Wege, auf denen er schrittweise hebt das Werk über die Zeiten. Die rein stofflichen Ver¬
2076 2263 3270 2343 handeln. Unter hundert Kritikern werden neunzig das stoff¬
124 2284 2081 2352 Froberte. Er ist also kein Object für hältnisse in „Kabale und Liebe“ sind an die Zeit und an
132 2351 3267 2406 cker gewesen. Für Schnitzler's starke den Ort geknüpft; es war ein Milieustück der kleinen liche Für und Wider behandeln und als Moralisten, wenn
895 2371 3263 2433 Residenz und hatte die schärsste, für dieselben Gesellschafts= nicht gar als Juristen fragen, ob der Dichter mit seiner
135 2388 922 2457 ben den vielen in seinem Dichterwesen
126 2423 3265 2506 eweisen auch einen indirecten Beweis. schichten jedoch heute abgestumpfte Tendenz. Aber die Art der Ansicht im Rechte sei, wogegen sie als Aesthetiker, unbe¬
142 2455 3258 2537 st sich mit seinen Spässen an ihn nicht Gestaltung, die Charakterzeichnung, die Behandlung der kümmert um die moralischen Resultate doch einzig zu
138 2517 3261 2592 Schnitzler nicht einmal der „große und Conflicte ist classisch und bringt uns die entlegenen Ver= fragen hätten wie der Dichter gestaltet habe. Man achte
138 2569 3262 2638 agt den Scherz gar nicht, neben den hältnisse so nahe, daß wir von den Voraussetzungen der einmal darauf: Dieselben Beurtheiler, welche die Theatercensur
132 2604 3263 2686 en Arthur Schnitzler als Wiener Goethe Schiller=Zeit berührt zu sein scheinen, ja sie auf die modernen aufs Schärfste verdammen, wenn sie die Komödien einzig
904 2646 3264 2732 Gegensätze von „Vorderhaus“ und „Hinterhaus“ gern über= auf ihren moralischen Gehalt prüft, thun selbst im Grunde
133 2671 928 2742 hn, glaube ich, gar nicht entdeckt haben;
913 2701 3262 2774 tragen. „Keine Zeit und keine Macht zerstückelt geprägte nichts Anderes; sie fragen nach der Berechtigung des
129 2724 924 2785 Er so geringschätzig, daß er dessen Stücke
132 2782 3256 2840 nen Stücke setzt ... Wüßte man nichts[Form, die lebend sich entwickelt.“ Das Was, der Problems, erörtern aus der Lösung die moralischen Conse¬
2070 2806 3264 2864 quenzen, sie nehmen Partei für oder gegen die Aussprüche
132 2808 2082 2885 daß er die Strafe solcher Zusammen= Inhalt, der Stoff haftet an der Zeit; das Wie, die Form,
2055 2853 3268 2903 der einzelnen Bühnenfiguren; sie entfernen sich von dem
141 2866 1916 2928 erleiden muß, so dürfte man ihn schon hebt auch den individuellen Stoff ins Allgemeine.
1003 2897 3255 2964 Schnitzler's Erzählungen und Komödien haben ganz ästhetischen Urtheil und nähern sich beängstigend der stoff¬
160 2893 939 2986 t eben seine eigenen Wege; er trägt
175 2928 3264 3025 er zusammen, für dessen Geruch die individuelle Stoffe, die nur aus ganz bestimmter, zeitlich lich moralischen Beurtheilung des naiven Publicums, welches
134 2999 3257 3068 t gehalten wird, daß die Culturen und örtlich beschränkter Empfindungsweise und Denkweise in letzter Consequenz einen Bösewicht, der vom Dichter viel¬
134 3031 3254 3122 erte auf diesen Haufen reifen sollen zu begreifen sind; seine Jünglinge leben und liebeln nach leicht am besten gezeichnet wurde, mit faulen Aepfeln be
137 3122 2935 3161 kein Dunkel um sich, damit er bei eigener Art, sie sehen den Tod ganz eigen und leben um werfen möchte, weil er eben Bösewicht ist.
2162 3141 2371 3195 —
1330 3141 1502 3205 —
956 3146 1150 3210 HÄ1.
675 3154 732 3200 1
145 3161 232 3221 —
