3436 4320
1206 50 1895 111 ch
1904 64 3108 135 sarde vireag, 1i en  enen    de Sehresenoster
690 97 1901 150 Birchow „unsern allverehrten und geliebten Meister in der Patho¬
1907 108 3103 178 Art, da auch die Geliebte und das Kind an das Sterbelager
686 135 1890 209 logie“ aus, den Virchow mit einem Trinkspruch auf England erwiderte.
1906 152 3100 228 Hugo's citirt werden. Ein wirklich organischer Zusammenhang
1913 200 3110 260 dieses ersten Actes mit den beiden andern Acten, in welchen
1905 238 3103 311 das Drama der schicksalsschwer geprüften Geliebten, Toni
994 234 1596 320 Sportnachrichten.
1911 288 3111 371 Weber, eines mittellosen Wiener Bürgermädchens, weiter und
756 288 1893 380 Rennen zu Hoppegarten, 8. October. (Eig. Ver.] Die
1901 325 3102 408 zum Abschluss geführt wird, ist nicht recht erkennbar.
686 339 1897 418 Hoppegarten=Saison nähert sich mit Riesenschritten dem Ende; kein
1893 354 3103 438 Alles neigt sich im zweiten Acte zugunsten der
686 396 1896 442 Wunder daher, dass die Bahn heule bei dem herbstlich schönen Wetter
1895 415 3103 488 armen Toni, man will das Vermächtnis Hugo's ehrlich
689 425 1893 495 starken Besuch aufwies. Auch sportlich darf der Tag zu den besonders
1898 459 3102 526 erfüllen und das Enkelkind besonders bildet die liebliche Brücke
680 469 1892 537 gelungenen gezählt werden. Gleich das Falkenhausen=Memorial, die
681 505 1891 561 erste und zugleich auch bedeutendste Nummer des Programms, zeitigte
1899 500 3116 580 zur Besiegung aller Vorurteile, die man sonst dem Aufenthalt
687 542 1894 607 einen schönen Endkampf zwischen Cannae und Masha, der allerdings
1905 537 3102 614 der Geliebten des verstorbenen Hugo entgegengebracht hätte.
685 577 1893 644 schon vor den Tribünen entschieden war, da Masha hier sicher gehalten'wurde,
1906 593 3100 658 In voller Liebe steht zu der Unglücklichen Losatti's Tochter
687 614 1898 687 obgleich sie nur um Halseslänge hinter der Siegerin endete. Interessant war
1902 617 3107 706 Franziska, während der Hausarzt, Franziska's Verlobter, nach
683 658 1890 730 auch das Glocke=Rennen, in dem Mistigri vom Start weg ein so
1897 660 3108 745 wie vor zelotisch gegen die ehemalige „Maitresse“ eifert.
675 685 1879 762 scharfes Tempo vorlegte, dass das Feld sich ganz bedenklich ausein¬
1899 713 3103 795 Der Act gipselt in dem plötzlichen, freilich nicht besonders
678 735 1893 795 ander zog. Der Wendhof'sche Wallach zeigte sich als ein ganz über¬
1900 763 3091 838 motivirten Tode des Kindes, und so ergibt sich für
682 771 1883 842 legenes Pferd; denn er ließ auch gegen das Ende keinen Gegner an
1886 799 3104 877 den Schlufsact von selbst der allmähliche Rückzug der
677 805 1888 875 seine Huse kommen, sondern ging sehr sicher mit zwei Längen vor
681 848 1895 910 Medea und dem dritthalb Längen weiter zurückliegenden Trumpf
1896 848 3098 924 Familie Losatti und die herzlose Isolirung und Vereinsamung
681 894 1885 952 durchs Ziel. Im Bollensdorser Handicap starteten nicht weniger als
1885 893 3099 967 der trauernden Mutter Toni Weber, die in ihrer seelischen
676 926 774 973 18
769 940 1886 996 Zweijährige, deren Entlassung nicht ohne verschiedene
1888 935 3099 1009 Trostlosigkeit aus dem Hause der Herzlosigkeit scheidet, um
679 966 1896 1022 falsche Starts vor sich ging. Vor dem Ziel entwickelte sich
1882 969 3100 1051 den Tod auszusuchen. Nur Hugo's Schwester hatte in ihrer
666 1001 1890 1057 dann ein sehr schöner Endkampf zwischen Santa Rosa, Conradin
1886 1024 3103 1083 Liebe zu der Unglücklichen nicht gewankt, aber ihre Inter¬
672 1048 1890 1113 und Imm, den die Stute um Kopfeslänge zugunsten ihren
1893 1068 3097 1113 veution kommt zu spät sie führt nur zur Entlobung da in
661 1086 1896 1145 entschied. Imm fiel zuletzt um eine halbe Länge gegen Conradin
1881 1108 3102 1175 diesem mit großer Schärfe und dramatischer Logik gezeichneten
669 1128 1886 1182 zurück. Im Alpheda=Rennen siegte Däumling sicher. Um den zweiten
1894 1147 3091 1217 Märtyrerschauspiele der Erbarmungslosigkeit und egoistischen
674 1160 1891 1222 Platz wurde von Pulsschlag und Varinas scharf, aber erfolglos ge¬
662 1201 1880 1260 kämpft, indem die beiden Pferde im toten Rennen endeten. Der
1896 1196 3100 1266 Familienstolzes der eifernde Hausarzt selbst die er¬
668 1231 1878 1292 Totalisator zahlte für den Sieg fast beinahe 21 faches Geld und die
1893 1237 3101 1305 bärmlichste Rolle spielt. Ein Glück, dass sie in der Dar¬
672 1272 1886 1325 Platzquote für Varinas belief sich sogar auf 418 für 20 Mk. Das Nickel¬
1885 1276 3096 1348 stellung von unserem künstlerisch stets anziehenden Hrn. Sauer
659 1321 1883 1381 Handicap und das Mönchsheimer Jagd=Rennen verliefen ohne
1882 1333 3096 1390 gespielt wurde Auch die Charakteristik, die Herr Reicher
663 1352 1757 1417 besondere Aufregung. Im ersteren siegte Amateur I
1737 1358 1882 1423 gegen
1880 1359 3084 1433 in der Nolle des Professors durch alle Stadien entfaltete,
674 1400 1885 1458 Ballmama, im letzteren Lara gegen Leuchtkugel und Plek¬
1883 1426 3091 1487 war von köstlicher Lebenswahrheit. Frl. Else Lehmann als
659 1428 1445 1494 tron. Die Einzelresultate ergibt der
1440 1440 1882 1505 nachstehende Bericht:
1889 1462 3090 1516 Toni, Frl. Sarro als Franziska, Frau v. Pöllnitz und Frl.
661 1471 1878 1535 Falkenhausen=Memorial. Preis 6000 Mk. Distance 1400 m. Für
1883 1498 3081 1575 Dumont in der schwesterlichen Mutterrolle und Frl. Elsinger
663 1508 1877 1566 2jährige inländische Pferde. 29 Unterschriften, 8 Pferde im Rennen.
1883 1542 3083 1607 in einer munteren Knabenrolle hatten die volle Sympathie
665 1552 1886 1613 Hrn. U. v. Oertzen's F.=St. Cannae v. Trachenberg a. d. Zama
672 1589 1876 1656 (Martin) erstes, Frhrn. Ed. v. Oppenheim's F.=St. Masha V. Chari¬
1881 1585 3082 1673 des Hauses, auch Herr Rittner verdient für die discrete Be¬
664 1624 1885 1695 bert a. d. Maria zweites, Fürst Hohenlohe=Oehringen's br. Hengst
1882 1634 2832 1709 handlung seiner Sterberolle gerühmt zu werden.
660 1662 1874 1726 Hamete v. Talpra Magyar a. d. Triscik drittes. Sicher um einen
655 1705 1876 1757 Hals gewonnen, zwei Längen zurück das dritte Pferd. Tot. Sieg 42
660 1746 1884 1812 für 10 und Platz 36, 78, 36 für 20 Mk. — Glocke=Rennen. Preis
1948 1769 3082 1834 Königliches Opernhaus. Sonntag Tannhäuser. Anfang 7 Uhr.
666 1781 1874 1842 4000 Mk. Distance 2000 m. Für 3jährige und ältere inländische
1884 1818 3084 1880 Montag „Don Juan“. Dinstag „Hänsel und Gretel“. „Die Puppen¬
655 1830 1876 1892 Pferde. 23 Unterschriften, 8 Pferde im Rennen. Hrn. Wendhof's
1883 1855 3084 1920 Fee“. Mittwoch „Der Ring des Nibelungen“. I. Abend: „Das Rhein¬
662 1860 1869 1929 3jähr. schwbr. W. Mistigri v. Valauris a. d. Missie (Jones) erstes,
1885 1905 3085 1962 gold". (Erda: Frau Schumann=Heink. Alberich: Herr Fritz Friedrichs,
649 1901 1864 1962 Hrn. Balduni's 3jährige braune Stute Medea zweites, Herrn
1883 1935 3094 2000 als Gäste.) Anfang 74 Uhr. Donnerstag II. Abend: „Die Walküre“.
660 1946 1874 2014 H. von Treslow's 3jähr. schw. Hengst Trumpf drittes. Sehr
1884 1977 3095 2030 (Brünhilde: Frau Ellen Gulbranson als Gast.) Anfang 7 Uhr.
651 1974 1872 2044 sicher mit zwei Längen gewonnen, drittehalb Längen zurück
1883 2014 3091 2084 Freitag Unter Leitung des Componisten. Zum 50. Male: „Der Evan¬
661 2018 1875 2086 das dritte Pferd. Tot. Sieg 76 für 10 und Platz 58, 42, 40 für
1872 2048 3082 2109 geliman. Sonnnabend „Der Ring des Nibelungen“. III. Abend:
650 2050 1871 2124 20 Mk. — Vollensdorfer Handicap. Preis 3000 Mk. Distance
1878 2085 3092 2147 „Siegfried". (Siegfried: Herr Grüning. Brünhilde: Frau Ellen Gul¬
654 2105 1868 2163 1204 m. Für 2jährige Pferde. 27 Unterschriften. 18 Pferde im
1874 2132 3091 2202 branson. Erda: Frau Schumann=Heink. Alberich: Herr Fritz Friedrichs
657 2131 1872 2198 Rennen. Frhrn. v. Münchhausen's F.=St. Santa Rosa v. Delphos
1869 2170 3093 2232 als Gäste. Anfang 7 Uhr. Sonntag „Fidelio“. Montag „Der Ring
652 2160 1876 2244 a. d. Whin Blossom (Harvey) erstes, Frhrn. v. Reinhardt's F.=H.
1872 2200 3093 2279 des Nibelungen“. IV. Abend: „Götterdämmerung“. (Siegfried: Herr
652 2214 1873 2280 Conradin zweites, Hrn. A. v. Oertzen's F.=St. Imm drittes. Nach
1878 2247 3092 2311 Grüning. Brünhilde: Frau Ellen Gulbranson. Alberich: Herr Fritz
651 2251 1879 2323 Kampf um einen Kopf herausgeritten, halbe Länge zurück das dritte
1873 2285 3077 2349 Friedrichs, als Gäste.) Anfang 7 Uhr. Dinstag II. Symphonie¬
660 2285 1864 2359 Pferd. Tot. Sieg 100 für 10 und Platz 74, 38, 98 für 20 Mk. —
1881 2325 2476 2381 Abend der Königlichen Kapelle. —
2476 2336 3078 2396 Königliches Schauspielhaus.
650 2330 1867 2403 Alpheda=Rennen. Preis 1500 Mk. Distance 1000 m. Für 2jährige
1881 2366 3082 2427 Montag: „Auf der Sonnenseite". (Heinrich Wulkow: Herr Emil
649 2361 1860 2435 und 3jährige Pferde. 17 Unterschriften. 14 Pferde im Rennen. Lt.
1879 2401 3087 2462 Thomas als Gast.) Montag „Auf der Sonnenseite“. (Herr Emil
656 2411 1867 2469 Gr. J. Westphalen's 2jähr. F.=H. Däumling v. Valauris a. d.
1873 2442 3073 2503 Thomas.) Dinstag „Auf der Sonnenseite". (Herr Emil Thomas.)
649 2443 1863 2515 Dulderin (Chaloner) erstes, Hrn. M. v. Lutz' 2jähr. F.=H. Pulsschlag
1876 2484 3077 2548 Mittwoch Zur Erinnerung an die erste Aufführung in Weimar vor
657 2487 1862 2554 † zweites, Mr. Neville's 2jähr. br. St. Varinas † zweites. Leicht mit
1873 2520 3077 2580 100 Jahren: „Wallenstein's Lager“. Zum 100. Male: „Die Piccolo¬
649 2520 1867 2598 drittehalb Längen gewonnen, totes Rennen um den zweiten Platz.
1878 2561 3076 2628 mini“. Donnerstag „Wallenstein's Tod“, Freitag „Auf der Sonnen¬
650 2561 1864 2632 Tot. Sieg 209 für 10 und Platz 96, 156 (Pulsschlag) 418
1880 2598 3087 2654 seite". (Herr Emil Thomas.) Sonnabend „Die Verschwörung des
656 2608 1870 2672 (Varinas) für 20 Mk. — Nickel=Handiiap. Preis 3000 Mk. Distance
1883 2638 3087 2681 Fiesco zu Genna“. Sonntag „Auf der Sonnenseite". (Herr Emil
652 2642 1866 2696 1400 m, Für 3jährige und ältere inländische Pferde. 13 Unter¬
1871 2677 2581 2745 Thomas“. Montag „Emilia Galotti“.
2634 2679 3079 2745 Neues Königliches
655 2683 1865 2743 schriften. 10 Pferde im Rennen. Hrn. I. Miller's 3jähr. F.=H.
1864 2721 3075 2779 Opern=Theater. Sonntag „1812“. Sonntag, 16. d. M., Ba¬
657 2718 1864 2774 Amateur I v. Kisber oder Gouverneur a. d. Angelica (Martin) erstes,
1876 2754 2067 2815 santasena.
641 2757 1862 2818 Gest. Mariahall's 3jähr. br. St. Ballmama zweites, Hrn. Rossé's
653 2796 1864 2867 3jähr. F.=St. Die Verlassene drittes. Sicher mit einer Länge ge¬
1944 2805 3078 2883 Im Metropol=Theater erzielt fortgesetzt die große Ausstattungs¬
642 2837 1859 2898 wonnen, ande#halb Längen zurück das dritte Pferd. Tot. Sieg 69
1869 2856 3073 2918 posse „Das Paradies der Frauen“ ausverkaufte Häuser. Die für den
645 2875 1865 2927 für 10 und P.  34, 29, 60 für 10 Mk. — Mönchsheimer Jagd¬
1876 2898 3074 2957 15. d. M. geplante Neuerung, die Ausgabe von Monats=Abonnements
643 2914 1550 2974 Rennen. Preis 2000 Mk. Distance 3000 m.
1560 2927 1858 2980 Internationales
1529 2933 1587 2974 10
1865 2926 3075 3012 für das Promenoire zum Preise von 15 Mk., hat sehr großen Anklang
654 2952 1858 3007 Herren=Reiten. Für 3zährige und ältere inländische Pferde. 11 Unter¬
1869 2964 2067 3033 gefunden.
2116 2985 3070 3039 Das heutige Programm des Berliner Symphonie¬
3074 3002 3139 3051 N
646 2989 1860 3048 schriften. 4 Pferde im Rennen. Mr. B.'s 4jähr. hbr. St. Lara v.
1869 3016 3077 3080 Orchesters im „Deutschen Hof“, Luckauerstr. 15, ist wieder reich¬
656 3037 1863 3108 Fulmen a. d. Mariolin (Mr. Rigley) erstes, Lt. v. Fritzsche's 3jähr.
3069 3035 3136 3090 D
1866 3055 3070 3106 haltig und sehr gewählt. Wir machen ein musikliebendes Publikum
650 3073 1854 3132 F.=St. Leuchtkugel (Lt. v. Bercken) zweites, Lt. Abery's 6jähr. F.=W.
3069 3078 3153 3140 11
1873 3093 3070 3149 hierauf besonders aufmerksam. — „Der Obersteiger“, die einstige Zug¬
656 3117 1853 3168 Plektron (Lt. Frhr. v. Fritsch) drittes. Im Kanter mit zwei Längen
3072 3117 3138 3172 10
1863 3130 3067 3185 operette des Linden=Theaters, geht mit Herrn Karl Schulz in der
3073 3155 3135 3201 po
657 3147 1858 3231 gewonnen, fünf Längen zurück das dritte Pferd. Tot. Sieg 14 für
1866 3179 3067 3232 Titelrolle im Central=Theater heute, Sonntag=Nachmittag, in
650 3186 1253 3264 10 und Platz 20, 20 für 20 Mk.
3073 3188 3140 3244 ha
1864 3208 3078 3286 Scene. Abends erlebt die „Geisha“ bei anhaltender Zugkraft ihre
3068 3237 3136 3284 L
1872 3244 2191 3311 182. Aufführung.
711 3244 1852 3318 Die Rennen zu Weißensee am heutigen Sonntag beginnen,
3076 3267 3145 3344 1
634 3284 1861 3353 worauf wir hiermit besonders aufmerksam machen, bereits um 2 Uhr.
3076 3310 3152 3360 Sch
1933 3304 3081 3377 „Der liebe Onkel“ hat im Concerthaus vor stets gefüllten
717 3325 1854 3401 Nennungen zu den einzelnen Concurrenzen, namentlich zu dem
3074 3331 3282 3400 horst vom
1868 3347 3066 3416 Häusern seine 25. Aufführung erlebt. Leider muss das überaus zug¬
697 3360 1861 3441 abreiten wie Amateurfahren, sind sehr befriedigend ausgefallen und
3069 3385 3310 3438 Wiesbaden,
1866 3400 3067 3452 kräftige Stück wegen anderweitiger contractlicher Verpflichtungen einer
647 3403 1382 3477 zassen scharf bestrittene Rennen erwarten.
3072 3412 3336 3479 Landw.=Bezir
1866 3438 3067 3485 anderen Novität Platz machen. Es findet demnach voraussichtlich heute
1862 3467 3063 3532 die letzte Sonntags=Aufführung statt. Auch das hochinteressante Pro¬
3075 3424 3338 3561 Raltie
1869 3503 3073 3566 gramm hat wieder künstlerische Bereicherungen erfahren. — In den
3080 3546 3335 3596 II Oldenburg
1869 3541 3063 3598 Deutschen Concerthallen, An der Spandauerbrücke, finden am
659 3540 1833 3625 Theater, Coneerte, Vergnügungen.
3075 3582 3336 3640 Landw.=Beziel
1868 3583 3069 3651 heutigen Sonntag die internationalen Concerte von 4 Uhr nachmittags
3113 3616 3324 3676 Prof. Fro
756 3615 1857 3685 Deutsches Theater. Ein neues Schauspiel in drei
1860 3633 3074 3677 an statt. In der Theaterabteilung tritt neuerdings unter andern her¬
3062 3658 3340 3718 Landw.=Bezirk
1862 3669 2839 3737 vorragenden Kräften auch der Salonhumorist Beyer auf.
641 3653 1862 3715 Acten von Arthur Schnitzler: „Das Vermächtnis“, hat gestern
3098 3698 3345 3755 Lubowski v#
652 3705 1859 3775 Abend bei der hiesigen Erstaufführung dem Wiener Antor, welcher
1931 3721 3061 3792 Im Wintergarten sind allabendlich alle Länder und Continente
3072 3721 3350 3796 Bezirk Hambu
632 3742 3341 3806 Persönlich anwesend war, eine erkleckliche Anzahl von Hervor=1 durch zahlreiche Fremde vertreten, denen von der Bühne herab I Landw.=Bezirk
3099 127 3168 182 S
3219 129 3328 190 echst
3114 169 3333 243 12—1 Uhr.
3106 244 3321 313 (Unberücksi¬
3103 297 3331 352 keine Abon
3110 331 3328 390 für Aufnal
3110 377 3325 428 erbeten; ni
3102 418 3304 464 Für die
3113 445 3311 520 gesandten
3163 523 3325 597 Br. 8.
3112 567 3310 629 Sie auf
3112 609 3326 672 ansioneiren
3115 657 3327 712 Zeitungen
3103 688 3317 745 Das ist d
3107 731 3328 783 Verworren!
3108 770 3330 836 vorhandene
3187 806 3327 859 keine
3095 802 3189 861 ja
3099 836 3211 909 es
3191 845 3329 901 einm
3107 879 3334 949 gemacht; vi
3108 916 3315 980 und nun,
3108 960 3325 1020 schwatzen S
3103 995 3324 1055 Richtung zu
3095 1037 3340 1095 und Sense
3107 1068 3341 1121 ihren An¬
3097 1103 3267 1162 Juden!
3100 1144 3304 1201 20 000 P
3090 1173 3217 1243 den
