3436 4480
671 266 731 320 e
200 242 1863 369 10. Das „rmaechtnis box 16/3
1541 851 1891 947 Bühne und Welt.
982 960 2558 1040 Hier tritt der entscheidende Wendepunkt ein: Engele wirkt vom Pfalzgrafen Jörgs Be¬
878 1004 2566 1088 freiung aus, und ihr Flehen und zärtliches Locken macht ihn seiner Sache untreu und sogar
866 1071 2567 1134 soweit abspenstig, daß er, dem Pfalzgrafen dienend, eine Botschaft an die Bauern übernimmt,
862 1126 2567 1167 die während er den Auftrag ausrichtet, von dem hinterlistigen Pfalzgrafen überfallen und zerstreut
871 1176 2570 1234 werden. Don seinen Freunden als Verräter an der guten Sache der Bauern gebrandmarkt, sucht Jörg,
861 1238 2571 1289 nach Cötung seines Feindes, die versprengten Bauern auf, wo ihn, den Verräter, der gesuchte Cod
870 1265 2564 1318 trifft. — Dies, verehrte Freundin, ist — so gut ich sie wiederzugeben vermochte — die Handlung
863 1312 2564 1376 des „deutschen Schauspiels“. Und nun werden Sie vielleicht, noch ehe Sie nach der Darstellung
871 1358 2565 1415 sich erkundigen, die Frage an mich richten: was ist denn ein „deutsches Schauspiel“? Und Sie
871 1413 2568 1470 werden sich diese Frage dahin beantworten, daß Sie sagen: Jedes Schauspiel, das „deutsch“ ge¬
874 1463 2575 1535 schrieben ist! Ganz recht — aber der Trugenhoffen ist eben nicht deutsch geschrieben, sondern
866 1514 2563 1565 mit einer an archaistischen Wendungen und Ausdrücken überreichen Sprache; ergo ist die Be¬
859 1562 2571 1621 zeichnung „deutsches Schauspiel“ ein ganz falsches Aushängeschild und wäre vielleicht nur dann
865 1614 2569 1667 berechtigt, wenn dies Stück ein Kulturbild aus dem 16. Jahrhundert böte oder sonst irgendwie
870 1670 2572 1726 historisch wäre. Jörg Trugenhoffen kann aber überall spielen und zu jeder Zeit, die einen
861 1708 2567 1775 kriegerischen Hintergrund bietet. Was die Handlung anbetrifft, so ist sie teilweis romantisch,
871 1762 2568 1822 teilweis opernhaft — ja, ich behaupte geradezu, daß es ein Opernstoff ist, der hier eine zufällig
865 1811 2566 1856 dramatische Bearbeitung gefunden hat. — Trotz alledem oder gerade deswegen bekundet Stratz
868 1855 2560 1904 auch in dieser Arbeit wieder einen feinen Sinn für das Poetische und Realistische — soweit
868 1904 2565 1966 letzeres Wahrheit und Natürlichkeit bedeutet — auch die Seenenführung zeigt meistens eine
873 1959 2555 2005 straffe, geschickte und sichere Hand. Aber die Figuren sind marklos, schemenhaft, nur in ver¬
867 2003 2570 2067 schwimmenden Umrissen gezeichnet: lange Zwiegespräche werden geführt, die um keinen Schritt
874 2048 2558 2095 die Handlung vorwärts bringen — ganz wie im Duett einer Oper. Die schön und sicher in¬
876 2085 2562 2159 seenierte Aufführung war in jedem Dunkte lobenswert. Matkowskv, Pohl, Molenar, Kraußneck,
865 2147 2560 2211 Ludwig, Arndt und Dollmer sowie Fräulein Lindner boten vorzügliche Leistungen. Wir hoffen
873 2198 2564 2241 Rudolf Stratz, den tüchtigen strebsamen Doeten, an dieser oder einer andern Stelle bald wieder
874 2242 2575 2297 begrüßen zu können, dann aber in einem Werke, das aus der lebendigen, warm pulsierenden
877 2289 2571 2341 Gegenwart schöpft, die auch ihm wie jedem andern echten Dichter allein die Kraft giebt, wahre,
870 2334 2568 2386 scharf umrissene, treu beobachtete Gestalten zu zeichnen, Gestalten, die Blut und Herz haben,
863 2375 2575 2456 keine Figuren, sondern Menschen, wie wir sie aus seinen andern Werken kennen und lieben
875 2435 2572 2488 gelernt haben! Und dann, verehrteste Freundin, werde ich Ihnen von einem vollen Erfolg zu
861 2490 2579 2558 berichten haben. — Es kann eben ein Dichter auch schwache Stunden haben; aber auch in diesen
867 2539 2570 2593 zeigt er, daß er wenigstens ein Dichter ist und trotz eines Fehlgriffes noch immer unser Lob und
875 2587 2570 2652 unsere Bewunderung verdient. Soviel von der einen Neuheit des Schauspielhauses, von der
874 2644 2571 2707 einen, die nicht gut war; nun zu der andern, die nicht neu ist und sich „Auf der Sonnenseite“
870 2680 2575 2740 nennt, trotzdem sie nichts von der Sonne derjenigen Poesie zeigt, die doch selbst die dürftigsten
861 2730 1823 2800 Scenen des eben besprochenen Stückes durchleuchtete.
1293 2773 2052 2852 „Man hört bisweilen — in karger Zahl —
1279 2829 1883 2893 Gescheidte Worte zum erstenmal,
1284 2866 2118 2947 Doch nie sind mir Dummheiten vorgekommen,
1284 2929 2119 2996 Die nicht schon ein andrer vorweggenommen.“
977 2968 2566 3031 Ich wette, gnädige Frau, Sie wissen nicht, von wem dies mokante Epigrämmchen stammt?
865 3023 2560 3099 Es ist eine rührende Aufrichtigkeit Oskar Blumenthals und steht in seinem soeben bei Ulax
864 3067 2565 3135 Simson erschienenen Bändchen Epigramme, das er unter dem Titel „Merkzettel“ ediert hat. Und
864 3133 2563 3195 wissen Sie, warum ich es Ihnen mitteile? — Ja, Sie haben es längst erraten, es könnte gleichsam
869 3179 2571 3241 als Motto seines neuen Bühnenwerkes gelten, das eine teilweis sehr lustige, teilweis entsetzlich
861 3230 2569 3292 blöde Dorstadtposse ist, die von dem unglaublich anspruchs= und kritiklosen Hoftheaterpublikum
863 3274 2558 3322 weidlich beklatscht und nur zum Schlusse bezischt wurde, vielleicht weil man von den Rössel¬
872 3318 2561 3384 „Dichtern“ denn doch ein wenig mehr Witz und Originalität erwartet hatte. Statt dessen bog
865 3360 2564 3442 die im ersten Akt flott und vielversprechend einsetzende Handlung, die im zweiten Akte schon
865 3404 2560 3481 bedeutend schaler und matter wurde, im dritten zu einer ganz trivialen, Kotzebneartigen Lösung
866 3470 2565 3526 um. Zwei junge Aristrokraten haben ihr Geld verjurt und verlieben sich in eine reiche junge
872 3520 2567 3580 Erbin — in der Notlage bewährt sich aber die Tüchtigkeit der beiden Barone, sie erringen Geld
865 3564 2568 3627 und Weib; der eine die bürgerliche Cöpfertochter, der andere die Komtesse. Die Lücken werden
864 3615 2572 3671 durch Possenzuthaten und durch die billigen Gegensätze von vornehm und gering ausgestopft;
858 3663 2579 3714 Sie sehen, es sind alles Huppen, wie sie seit Kotzebne zu Causenden über die deutschen Bühnen
