3436 4384
1386 204 1834 300 box 16/5
198 208 1370 326 10. Das Verndechtnis
1089 880 1489 972 Telephon 12.807.
544 1027 1292 1123 „OUOENVEN
384 1110 1467 1170 I. österr. beh. konz. Unternehmen für Zeitungs¬
580 1160 1269 1219 Ausschnitte und Bibliographie.
548 1215 1340 1285 Wien, I., Concordiaplatz 4.
786 1273 1103 1345 Vertretungen
376 1318 1468 1387 in Berlin, Brüssel, Budapest, Chicago, Cleveland, Christiania.
386 1368 1473 1422 Genf, Kopenhagen, London, Madrid, Mailand, Minneapolis.
373 1408 1471 1473 New-Vork, Paris, Rom, San Francisco, Stockholm, St. Peter.
782 1429 1078 1498 burg, Toronto.
724 1484 1122 1555 Guclienangabe ohne Gewähr.)
376 1538 772 1611 Ausschnitt aus:
778 1578 1584 1682 Borliner Zeitung am Mittag, Berli
591 1617 891 1712 11007.1911
385 1655 561 1713 vom:
492 1737 1348 1837 Schnitzler im Neuen Dolkstheater.
521 1817 1365 1893 „Das Vermächtnis“, Arthur Schnitz¬
467 1879 1358 1944 lers feinsinniges Drama von Liebe und Ego¬
477 1916 1362 1978 ismus kam gestern — nach langjähriger Pause
494 1977 560 2018 —
554 1972 1348 2015 im Neuen Volkstheater zur Aufführung.
478 2008 1361 2072 Schnitzler ist ein treffsicherer Typenzeichner,
468 2060 1358 2113 seine Menschen sind mit photographischer Treue
475 2096 1354 2156 dem Leben nachgebildet, so kommt es, daß auch
466 2146 1360 2207 bei den tränenseligsten Szenen dieses Stückes
466 2182 1357 2242 niemals eine fade Sentimentalität über das
468 2232 1356 2274 Ganze herrscht. Immer wieder verknüpfen die
473 2273 1343 2323 markanten Gestalten der beiden Männerrollen,
475 2317 1356 2375 der höchst korrekte und sehr egoistische Professor
476 2366 1353 2410 Losatti und sein nicht minder korrekter Schwie¬
475 2406 1339 2458 gersohn in spe Dr. Schmidt, die lyrisch=senti¬
479 2459 1355 2505 mentalen Szenen mit dem Leben, darin es ja
477 2488 1339 2538 keine Tragödie gibt, die nicht, anders beleuchtet,
479 2530 1340 2580 der Komödie ähnelt. Schnitzlers Stück ist so:
481 2554 1363 2630 Der junge Sohn des Professors Losatti wird
475 2616 1345 2680 sterbend ins Elternhaus gebracht; auf einem
476 2658 1355 2719 Spazierritt stürzte er vom Pferde. Vor dem
474 2699 1341 2750 Tode gesteht er seinen Eltern, daß er eine Ge¬
473 2744 1352 2800 liebte und Kind habe, die er beide seinen An¬
466 2794 1345 2844 verwandten anvertraut. In den zwei folgenden
469 2836 1343 2888 Akten wird nun dargestellt, wie die Bourgeois¬
476 2879 1351 2935 familie langsam das arme Mädel, das dem
465 2920 1351 2969 Toten mehr als Gelichte war, aus dem Hause
467 2972 1355 3021 grault und in den Tod treibt. So entpuppt
465 3006 1352 3069 es sich am Ende als ein Drama der Klassen¬
468 3052 1348 3109 unterschiede. Die Aufführung war zu tränen¬
478 3091 1351 3145 feucht. Unentwegt' heulten Männlein und
474 3144 1341 3199 Weiblein, und am #nde des ersten Aktes gab
469 3184 1354 3242 es gar eine richtige Tränensinfonie, darin
455 3226 1339 3279 sämtliche Darsteller des Stückes minutenlang
447 3276 1349 3337 ohn Aufhören schluchzten! — Robert Müller
469 3373 1363 3442 und Maximilian Sladek, die beiden Träger
469 3432 1063 3487 der führenden Männerrollen,
1081 3430 1374 3489 spielten die
466 3467 1375 3531 Egoisten mit großer Realistik. Ihnen ist der
477 3513 1361 3576 Erfolg des Abends zu danken. Die unglück¬
480 3559 1368 3608 selige Geliebte wurde von Zella Wagner mit
478 3598 1363 3664 warmer Herzlichkeit dargestellt. Unter den
477 3645 1358 3705 übrigen Mitwirkenden fielen mir Anneliese
472 3693 1363 3758 Wagners und Martha Angersteins
469 3736 1076 3792 treffende Charakterisierung auf.
1184 3735 1329 3805 K. E.
1929 1292 2698 1430 Dr. Max Goldschmidt
2068 1412 2568 1492 22 Bureau für
2058 1470 2569 1563 Zeitungsausschnitte
1870 1541 2185 1615 5e in N. 24
2430 1577 2740 1643 Telephon III. 3051.
2130 1668 2511 1760 Ausschnitt aus
1946 1741 2670 1864 Vossische Zeitung, Berlin
2207 1941 2555 2037 n1 10. 191.
2125 2099 2595 2160 Neues Volks=Theater.
1779 2140 2989 2209 Die Neue freie Volksbühne hat mit der Aufführung vor Arthur
1788 2179 2853 2251 chnitzlers Drama „Das Vermächtnis“ ihren Mitglieren
1745 2199 2938 2287 Kee vermittelt, das zwar manche der ost an¬
1756 2263 2949 2316 erkannten Vorzüge des Wiener Dichters aufweist, sich ader doch die
1748 2304 2942 2371 Bühne nicht dauernd erobern konnte, als es vor Jahren, auch in
1742 2351 2940 2411 Berlin, zuerst gegeben wurdé. Den Eindruck, den das Drama
1744 2385 2944 2443 damals hervorrief, hat es #eg am Moßtag Abend hinterlassen.
1745 2420 2940 2500 Die tiefste Wirkung bringt deryerste Akt Bsor mit seiner nerven¬
1746 2461 2947 2527 und herzzerreißenden Expositiorl. In den Lepen letzten Akten erwartet
1739 2498 2939 2551 der Zuschauer die eigentliche Ha#dlung, erhalt aber anstatt dessen nur eine
1733 2536 2944 2601 Reihe von gut beobachteten Fa#kenszenen, die nach der starken Tragik des
1733 2573 2940 2642 ersten Aktes mehr reinlich und quälend als erschütternd wirken.
1739 2619 2939 2678 Die Künstler des Neuen Volks-Theaters hatten sämtlich ihr Bestes
1729 2655 2938 2716 an die Durchführung ihrer Rollen gesetzt. So verlieh Robert
1740 2690 2930 2746 Müller dem selbstsüchtigen, aufgeblasenen Vater kräftige Zuge der
1730 2738 2935 2796 Wirklichkeit. Johannes Riemann erschütterte die Hörer in der
1739 2772 2940 2830 Sterbeszeue des ersten Aktes. Jella Wagner gab die unglückliche
1740 2805 2962 2882 Geliebte und verwaiste Mutter mit rührender Einfachheit. Annalise!
1749 2848 2941 2906 Wagners Eigenart in der Wiedergabe des um ihre Liebe be¬
1756 2901 2958 2955 raubten jungen Mädchens trat abermals in sympathischer Weise
1746 2941 2954 2984 hervor. Maximilian Sladek als Dr. Schmidt, Martha Anger¬
1745 2976 2947 3028 stein als Franziska, Hermann Pfanz=Brander, Hedwig Lorse,
1754 3014 2959 3081 Elisabeth Huch, alle fügten sich dank der ausgezeichneten Regie
1756 3063 2907 3116 Adolf Edgar Lichos dem Zusammenspiel trefflich ein. E. v. H.
