3392 4384
1375 237 1852 332 box 16/4
198 225 1234 342 10. Das Vernaechtnis
2188 624 2639 711 Telephon 12801.
1802 718 3028 808 Alex. Weigl’s Unternehmen für Zeitungs-Ausschnitte
664 764 1130 859 Telephon 12801.
2817 782 3035 855 Ausschnitt
2035 814 2754 937 „OBSERYER“
2857 842 3107 930 Nr. 74
296 855 1544 939 Alex. Weigl’s Unternehmen für Zeitungs-Ausschnitte
1701 908 3151 1005 I. österr. behördl. conc. Bureau für Zeitungsberichte u. Personalnachrichten
513 918 1520 1080 „OBSERNER“
1920 977 2929 1050 Wien, IX/1, Türkenstrasse 17.
1340 989 1590 1077 Nr. 75
2091 1047 2740 1134 — Filiale in Budapest: „Figyelö“-
183 1074 1622 1142 I. österr. behördl. conc. Bureau für Zeitungsberichte u. Personalnachrichten
1715 1100 3154 1184 Vertretungen in Berlin, Chicago, Genf, London, Newyork, Paris, Rom, Stockholm.
178 1128 1405 1227 Ne lOgVien. IX/1. Tünkenstrasse 17.
575 1191 1234 1270 — Filiale in Budapest: „Figyelö“ —
184 1249 1641 1334 Vertretungen in Berlin, Chicago, Genf, London, Newyork, Paris, Rom, Stockholm.
1635 1172 3184 1365 Jedrnschache fercee
184 1315 1922 1504 essehmt ms: Candentergeeche Un“e, vom¬'
1916 1407 2235 1504 1000
190 1530 1176 1636 von: □#7ges Kerticze
2246 1584 2799 1675 Württemberg.
2328 1650 3051 1725 Stuttgart, Samstag 17. Januar.
1960 1703 3082 1785 Gestorben: 16. Jan. zu Cannstatt Charles Terrot, 71 J.a.
1980 1754 3078 1831 9 [K. Wilhelmatheater.] In der 2. Vorstellung für
1918 1774 3075 1865 die Mitglieder des württ. Goethebundes wurde am
595 1812 1228 1899 Theater und Konzerte.
1915 1849 3090 1911 gestrigen Freitag zum erstenmale A. Schnitzlers dreiaktiges Schauspiel
390 1867 1556 1930 * Kgl. Wilhelmatheater. Die zweite Vorstellung für die
1914 1896 3079 1952 „Das Vermächtnis“ gegeben. Wenn das Werk die Zuschauer
307 1923 1546 1971 Mitglieder des Goethebundes brachte Das Vermächtnis“,
1918 1928 3076 2003 nicht gerade sondernlich ergriff, lag das in den natürlichen Ver¬
303 1950 1560 2011 Schauspiel in drei Akten von A. Schnitzler. Drei Akte und drei
1918 1968 3078 2040 hältnissen begründet. Der Dichter weiß in diesem Werke die
311 1996 1550 2045 Todesfälle, in jedem Akt ein Toter und Tränen genug. Wie in
1914 2012 3087 2093 Höhe nicht zu behaupten, die er in seinem tragischen Idyll
312 2041 1560 2091 „Liebelei“, so gibt auch hier der Verfasser ein Stück Wienerleben,
1908 2049 3073 2127 „Liebelei“ eingenommen, er führt uns in eine dumpfe und
311 2084 1550 2129 voll heller Lichter neben den tiefsten Schatten. Der lebensfrohe Dr.
1915 2099 3081 2157 schwüle Atmosfäre ein, in die des erschlaffenden und seinen!
304 2116 1550 2171 jun. Hugo Losatti tut einen unglücklichen Sturz vom Pferde. Es
1914 2135 3119 2234 lezten Halt verlierenden Willens, in der es einen Raum für
305 2156 1549 2207 bleibt ihm nur noch so viel Zeit übrig, um den Seinigen das Ge¬
1719 2164 1834 2230 Für
1847 2168 3073 2267 50 tragische Größe nicht mehr gibt. Ekel, vor dem Stück Dasein,
306 2185 1547 2245 ständnis abzulegen, daß er einen vierjährigen Sohn hinterläßt. Er
1834 2213 1917 2261 100
1913 2222 3107 2308 das sie umgibt, aber nicht im Kampf um ihre sittliche Existenz, Ir
312 2225 1546 2287 fleht sie an, daß sie diesen mitsamt dessen Mutter zu sich nehmen.
1826 2254 1912 2297 20
327 2269 1552 2321 Sie geben ihm das Versprechen und (Alfred Hugo Gerasch) stirbt.
1925 2264 3154 2353 fährt seine Heldin in den Tod. Toni Weber, ein Mädchen jus.
1831 2295 1883 2336 50
1744 2294 1828 2358 „
202 2289 283 2375 Für
296 2310 452 2371 Dem A
567 2309 1598 2385 #wollen zwar jetzt Bedenken kommen, weshalb dieser „#
1919 2308 3063 2377 aus dem Volk, ist samt ihrem Söhnchen von ihrem sterbenden
1745 2324 1900 2391 „ 100
312 2354 1534 2405 Sohn, der seine Eltern für gut und weitherzig genug hält, um ihnen
1918 2348 3061 2417 Geliebten den Eltern des leztern als treuestes Vermächtnis
3062 2350 3175 2416 das
301 2386 1590 2453 mit einer solchen Zumutung kommen zu können, ihnen nicht längstir
3076 2408 3173 2456 den
1913 2386 3061 2474 hinterlassen worden, und das Elternpaar schickt sich anfangs an,
1731 2405 1903 2462 Abonne:
311 2428 1613 2504 sein Vertrauen geschenkt hat, doch halten wir uns nicht damit auf, zus.
1909 2440 3066 2509 den Willen des Verstorbenen pietätvoll zu erfüllen. Allein die
1731 2459 1892 2523 Abonne
317 2474 1535 2522 denn es fesselt uns zu sehr, zu sehen, wie Schnitzler an den ver¬
1909 2469 3061 2556 bessere Regung hält bei den schwachen Leuten nicht an; solange
305 2498 1634 2552 schiedenen Gesellschaftstypen zeigt, auf welche Weise sie sich diesem das
1907 2515 3170 2598 das Enkelchen lebt, geht es leidlich; sobald aber der kleinesi dle
188 2547 1647 2603 Abe Fall gegenüber benehmen, hier im Erfassen und Wiedergeben der den
1909 2561 3174 2609 Franz die Augen geschlossen hat, beginnt das natürliche Em=sen¬
1724 2569 1891 2633 Inhalt:
195 2588 1531 2638 Ab einzelnen Charaktere sowohl, wie im Ausmalen von Gesamtstimmungen
3042 2599 3173 2659 ing")
1733 2620 1891 2675 blät
1897 2606 3181 2701 pfinden, dem Zwange der gesellschaftlichen Konvention zu pliche
294 2619 1527 2667 zeigt er sich auch als Meister und zieht uns derart in seinen Bann,
1747 2658 1894 2707 wodur
1903 2651 3176 2724 weichen. Einer nach dem andern fällt von der armen! Mit¬
282 2656 1643 2716 daß wir es im ersten Augenblick ganz übersehen, wie wir im Grunde) die
1738 2698 1880 2746 Leben
1904 2689 3047 2762 Toni ab, und wenn schließlich nur noch die Schwester des
1498 2715 1637 2768 en¬
197 2706 1503 2787 lul genommen hinerzangen werden, Arthur Schmhler übt den Trc,
1739 2732 1884 2792 theilur
1901 2732 3057 2812 Geliebten als die Einzige übrig bleibt, deren Treue sich bis über
1502 2758 1629 2807 #ng“)
262 2777 1501 2831 daß er unliebsame Personen Wahrheiten aussprechen läßt, die uns
1902 2779 3055 2860 den Tod hinaus bewährt, macht das den Eindruck, als erhalte
1501 2786 1626 2843 fliche
203 2799 1500 2865 N9 nun plötzlich falsch erscheinen, weil sie falsch angewendet werden,
1895 2817 3060 2891 der Dichter sie bei ihrer alten Gesinnung, nur um eine Persön¬
274 2850 1500 2906 und umgekehrt wieder macht er wahre Engel an Unschuld
1894 2861 3069 2948 lichkeit zu haben, die seiner Dichtung das tendenziöse Schluß¬
207 2877 260 2930 th
274 2890 1509 2952 und Reinheit aus Gestalten, die doch immerhin Menschen
1889 2899 3057 2989 wort sprechen kann. Der Eindruck des Schauspiels ist über¬
272 2929 888 2986 sind, wenn auch keine so
880 2922 1270 2986 schuldigen, wie s
1395 2934 1506 2983 den
1885 2948 3047 3036 wiegend unerfreulich in ethischer wie ästhetischer Beziehung.
260 2973 1506 3031 Augen der Gesellschaft erscheinen mögen. Er bleibt uns also nach
1881 2998 3035 3070 Wenn es nicht unter einem Mangel an Handlung leidet, so
265 3020 1504 3059 zwei Seiten hin die Wabrheit schuldig, trot der gerühmten Wahr¬
1885 3041 3047 3098 wird es in seiner künstlerischen Wirkung doch stark dadurch beein=
269 3041 1504 3105 hattigkeit des Naturalismus Nachdem nun die Eltern ihr Vermächt¬
266 3073 1507 3140 nis angetreten und die damit zusammenhängenden Opfer auf sich ge¬
1890 3083 3042 3153 trächtigt, daß auf der Bühne fast nur diejenigen Momente der
265 3122 1515 3185 nommen haben, stirbt das Kind. Die Toni Weber aber, seine Mutter
1889 3116 3044 3193 Handlung erscheinen, die sich in lyrischen Stimmungsgehalt
267 3167 1510 3223 (Emmy Remolt), jetzt noch bei sich zu behalten, widerstrebt ihnen.
1888 3155 3043 3238 umsezen lassen. Ueber die Aufführung kann durchgehends nur
267 3199 1504 3257 Toni jedoch, einsam und verzweifelt, gibt sich den Tod. Der Haupt¬
1881 3203 3059 3270 Gutes gesagt werden; der einzige Mangel, an dem sie litt,
264 3249 1514 3305 reiz des Ganzen liegt in seiner einheitlichen Stimmung und in der
1877 3253 3042 3330 war der, daß sie ein Werk, das so urwienerisch wie möglich
258 3281 1503 3328 Mannigsaltigkeit der einzelnen Figuren. Da ist das angehende Braut¬
1880 3296 3059 3368 ist, so ganz und gar unwienerisch erscheinen ließ. Frau Remoltl
260 3327 1514 3383 paar Dr. Schmidt (Hugo Jessen und Franziska (Dora Lux), das
1883 3322 3043 3411 markirte als Toni Weber wenigstens den süddeutschen Dialekt,
275 3361 1499 3410 den Weg von Herz zu Hergze nicht finden kann, weil er ein kalter
1883 3375 3044 3455 wie sie denn überhaupt die Rolle in jeder Weise gut durch¬
265 3404 1510 3458 Tugendprotz ist und sie noch nicht weiß, was Liebe heißt. Als sie
1879 3414 3031 3490 führte. Auch die übrigen Mitwirkenden verdienten Lob, so
266 3440 1495 3490 es aber erkennt, hat sie den richtigen Wertmesser gefunden und be¬
1879 3457 3043 3551 Frau Schurich als Frau Professor Losatti, Hr. Gerasch als
259 3471 1515 3531 kreit sich von der ihr drohenden Fessel. Dann das andere Paar, die
1874 3496 3043 3576 Huge Losatti, Frl. Lux als Francisca, Frl. Rossi als Emma
271 3526 810 3572 Eltern Losatti: er tadellos
837 3523 1510 3572 der Welt, ein Selbstsüchtling durch
1878 3537 3030 3625 Winter, Frl. Künniger als Agnes, Hr. Alsen als Gustav
268 3563 1496 3603 und durch, sie eine lieben zutmütige Frau, ohne tiefgebende Be¬
1871 3584 3032 3655 Brandes und Hr. Jessen in der unsympathischen Rolle des
264 3597 1497 3642 dürfnisse (Wilh. Schmidt=H## er und Amel. Schurich). In Agnes
1874 3633 3028 3702 Dr. Schmidt. Hr. Schmidt=Häßler konnte als Prof.
264 3635 1501 3699 (Martha Künniger) das junge harmlose Geschöpf, das zum erstenmal
269 3676 1493 3734 einen Blick in die Tiefen des Lebens tut und dadurch erschüttert wird;
1879 3662 3037 3744 Losatti nicht ganz der Versuchung widerstehen, einzelne Züge
270 3722 1497 3763 in Emma Winter (Alex. Rossi) die reife Frau voll Lebenserfahrung
1870 3703 3025 3787 seiner Rolle, die nur auf karakteristische Wirkung berechnet sind.
260 3755 1504 3815 und Güte; in Gustav Brander (Harry Alsen) der treue Freund; in
1880 3755 3060 3848 als spaßhaft erscheinen zu lasses, Regie und#irung warenel
263 3792 1504 3854 Lulu Irmgard Lesmann) der halbwüchsige Junge, dem die erste
1872 3801 2734 3881 wie stets bei Hrn. Meery aufgehoben.
261 3835 1507 3898 Ahnung vom Zusammenhang der Dinge kommt. Sie alle und noch
272 3875 1518 3942 einige mehr bilden die Umgebung, von der sich Toni Weber, diese;
267 3912 957 3960 neu aufgelegte Kameliendame, abhebt.
