3436 4256
1374 169 1856 272 box 16/2
183 175 1259 271 10. Das Vernaechtnis
672 333 1538 455 Burgtheater. #
296 403 1533 514 („Das Vermächtniß“, Schauspiel in 3 Akten von Arthur
399 484 1459 556 Schnitzler. Erstaufführung am 30. November 1898).
407 517 1528 592 Eine neue und gefährliche Kunst kommt jetzt auf
294 565 1530 641 unsere Bühnen. Seit Langem sind die alten Menschen und
292 635 1543 710 die alte Moral aus den modernen Dramen verschwunden,
296 671 1529 754 nicht mehr Charaktertypen und sittliche Eigenschaften stehen
294 739 1538 799 gegeneinander, sondern Individualitäten und Seelenkräfte.
299 788 1528 852 Und die Weltordnung, welche ehedem das Gleichgewicht des
294 834 1531 902 dramatischen Vorganges regulirte, ist — je nach der Größe
287 872 1539 958 des Spielraumes, den ein Stoff fordert — von der mecha¬
297 929 1537 992 nischen Wirkung der Gesellschaftszustände, von der Schwer¬
301 981 1534 1037 kraft und Trägheit der geistigen Disposition gewisser socia¬
305 1030 1541 1109 ler Gruppen, von den freien Gesetzen, die großen Individu¬
307 1083 1533 1135 alitäten innewohnen und von so manchem anderen Regula¬
302 1116 1542 1202 tiv abgelöst worden. Aber das Drama an sich ist geblieben;
296 1173 1548 1245 wenigstens als Postultat. Die Forderung der einheitlichen,
297 1221 1538 1293 nach bestimmten Gesetzen bis zu gewissen Höhepunkten ge¬
299 1273 1543 1337 führten (inneren oder äußeren) Handlung, die dann, ihren
301 1323 1537 1387 eigenen logischen Consequenzen folgend, sich dem nothwendi¬
300 1372 1537 1432 gen Abschluß zu entwickelt, ist noch nicht ernstlich ange¬
296 1419 1536 1482 tastet worden. Die Geschichte eines Kampfes war immer
296 1466 1533 1534 das Drama, des Kampfes einer Moral mit einer anderen,
292 1523 1548 1575 einer Individualität mit ihrem Schicksal oder mit ihrem
300 1567 1537 1624 Milien, eines Principes mit seinen natürlichen Widerständen;
281 1609 1537 1666 und der Kampf mußte regelrecht entwickelt, in seinen Haupt¬
284 1658 1525 1737 wendepunkten deutlich gezeigt, und zu seinem innerlich noth¬
297 1717 1530 1802 wendigen Abschluß — wenigstens in perspectivischen Aus¬
1530 1704 3353 1794 der bildschöne, stolze, starke, heitere junge Mensch, der Sohn etwas unbestimmten Mam
293 1750 872 1834 blicken — geführt werden.
2776 1757 3344 1823 edlen und feinen Tante, di
1533 1760 2773 1828 des Hauses, von allen geliebt und bewundert, überstrahlt
2774 1801 3346 1868 noch zu deren Tochter Agn
418 1811 1527 1883 Nun scheint auch diese Urform der dramatischen Struc¬
1537 1810 2777 1886 diese spärlichen Schatten mit der großen Freude, die er, der
2771 1856 3347 1910 einmal zu Hugos Schwe
306 1847 1536 1935 tur, die bisher unbestrittene Geltung hatte, langsam aufge¬
1534 1851 2771 1922 Liebling, der Familie bringt. Man wird fast besorgt um
2774 1898 3328 1972 ihres freien Denkens und
289 1910 1541 1965 löst zu werden. Die richtenden Linien verschieben und ver¬
1527 1919 2772 1998 ihn, so tadellos, so unfehlbar erscheint ei, nach allem, was
2780 1948 3348 2015 denen Herzens am nächsten
289 1950 1534 2035 wischen sich, Anheben und Ausklingen sind nicht desselben
1530 1961 2098 2035 von ihm gesprochen wird.
2771 2005 3347 2067 peinliche Stimmung um di
300 2006 1533 2082 Schicksals, das Ereigniß ist nichts mehr, die Stimmung alles.
1651 1989 2778 2075 Liebe, Liebe, nichts als Liebe und Verehrung um ihn;
2779 2045 3340 2118 Kind in diesem Bürgerhein
287 2051 1527 2122 Die Stimmung — die lyrischen Qualitäten sind es ja im¬
1537 2046 2766 2125 da muß das Schicksal einen schweren und plöglichen Schlag
2776 2095 3356 2179 cher sich alle die einzelnen
288 2103 1536 2174 mer, welche bestehende Kunstformen zuerst am wirksamsten
1527 2098 2764 2170 führen, um ihn zu treffen. Und ein Wagen rollt vor das
2773 2145 3349 2219 menen äußern. Frischer, fr#
291 2149 1527 2219 angreifen und aus den gewohnten Grenzen rücken. Der
1529 2162 2758 2218 Haus, und in ihm kommt der Tod gefahren. Den Hugo
2765 2198 3345 2266 diese fremde Güte, die nich
301 2202 1531 2280 werthvollen Subjectivität wird schließlich alles erlaubt, und
1527 2205 2768 2273 1 bringen sie, zum Sterben verletzt; er ist beim Ausreiten
2772 2243 3337 2315 immer unsicher nach ihren
303 2262 1529 2327 wenn uns einer nur köstliche Empfindungen wirksam mitzu¬
1543 2259 2765 2329 vom Pferd gefallen. Warum war er auch so jung und
2769 2281 3353 2378 doch verfehlt, bringt Besor
292 2299 1548 2389 theilen vermag, so fragen wir schon nicht mehr darnach, was
1539 2305 2772 2373 schön und geliebt? Man sieht nun die Familie die erst noch
295 2341 1246 2409 er uns im Uebrigen sagen wollte oder sollte.
2774 2337 3350 2414 dende, ohne jeden Grund
1550 2351 2775 2421 so heiter und glücklich war, trauern und düster und ver¬
2777 2395 3335 2461 berückend aus jeder Scene
418 2389 1539 2467 So wird, wenn noch einige Erfolge Strebenden den
1539 2407 2768 2475 grämt werden, und langsam zerfalen ohne diesen einzigen
2776 2444 3344 2513 das Kind, auf das sich die
299 2450 1544 2524 Weg zeigen und die Schauspieler, die ohnedies schon ihr
1539 2452 2772 2516 Menschen, der ihr Mittelpunkt war — ein schweres und
2774 2488 3346 2553 nen Vater mit Ungestüm w
292 2499 1541 2574 Spielen auf das Seelische wenden lernen, weiterhin zuhilfe
1541 2504 2774 2568 seltsames Familiendrama. Aber nein, bevor der junge Mann
2778 2543 3346 2622 seltsames Schicksal voll eig
291 2540 1528 2609 kommen, bald die selbstständige, vom Dramatischen losgelöste
1536 2556 2773 2616 stirbt, beichtet er seiner Mutter von seiner Geliebten und
2886 2596 3346 2655 Das Kind erlebt kein
303 2604 1532 2668 Stimmungsdichtung ein sicheres Reich in den Theatern
1547 2606 2776 2662 seinem Kind. Die Qualen des Menschen, der aus der
2779 2638 3340 2709 äußere Begründung, ohne
300 2648 1537 2719 haben; man wird mit großem Genuß auf den Bühnen
1535 2660 2764 2712 Welt geht und sein Liebstes ohne Schutz zurücklassen muß,
2782 2687 3323 2755 gestorben. Und was nun
309 2701 1534 2762 stille gute Novellen abspielen sehen, in denen nicht mehr
1541 2706 2767 2762 fallen dem Zuschauer mit aller erschütternden Wucht auf die
2775 2707 3347 2808 deutend und allzu selbstver
301 2749 1534 2803 Menschen und Schicksale, sondern der feinste und intensivste
1543 2750 2772 2810 Seele. Aber für die Hilflosen wird gesorgt; Hugos Mutter
295 2791 1540 2868 Ausdruck von Zuständen in mehr oder weniger willkür¬
2764 2794 3356 2866 Familie nun gar nichts an
1539 2798 2772 2865 ist edel und gut, und willigt ein, die Beiden in die Familie
2786 2844 3335 2912 Geliebte des todten Hugo,
291 2834 1544 2913 lichem Wechsel das eigentlich Wirkende sein und die Seele
1537 2842 2766 2913 aufzunehmen. Auch der Vater läßt sich überreden; und die
2768 2886 3324 2947 lich denkenden Elementen
296 2897 1537 2978 des Zuschauers mit dem Besten von der Seele des Dichters
1544 2895 2762 2955 Schwester lechzt mit ihrem vollen starken Herzen nur darnach,
303 2922 593 3009 füllen wird.
2772 2935 3349 3008 ganz angehören konnte, vol
1546 2946 2764 3010 alles um sich zu haben und zu behalten, was an das Le¬
2770 2984 3346 3057 herzige Frau, die den Hu#
407 2978 1536 3061 Nur so ist die tiefe Wirkung und der schöne Erfolg
1529 2988 2761 3061 ben dieses Einzigen erinnerte. Die Fremden, die Hugos Fa¬
2765 3025 3341 3104 glückliche Toni aufnehmen;
304 3040 1530 3092 zu erklären, die Schnitzlers Schauspiel „Das Ver¬
1544 3031 2773 3117 milie waren, neben und über seiner eigenen, werden in das
2775 3085 3328 3152 gen, die den Todten noch
290 3066 1542 3144 mächtniß“ gehabt hat. Das große dramatische Schicksal
1541 3089 2278 3161 Heim seiner Eltern aufgenommen.
2770 3126 3342 3203 fortgeliebt hat, die nun in
295 3145 1532 3207 ist da nicht mehr zu sehen; ergriffen hört man nur seinen
1649 3131 2769 3206 Was nun? Ein Conflict zwischen den neuen und den
2759 3182 3343 3257 verhaßte glücklichere Rivali
301 3171 1542 3243 Athem. Was geschieht, ist ohne zwingendes inneres Gesetz, ohne
1541 3169 2770 3251 alten Gliedern dieser Familie? Er ist absolut nicht vorbe¬
2768 3230 3336 3307 wahrscheinlich in den Tod.
289 3228 1534 3311 anschauliche Nothwendigkeit. Aber wenn das Ereigniß kommt
1540 3239 2762 3295 reitet und wäre ein ganz voraussetzungsloser Beginn des
2881 3280 3332 3346 Das würde nun,
305 3294 1531 3353 und vorüberzieht, in seine dunklen unfaßbaren Schatten ge¬
1537 3288 2774 3356 Dramas im zweiten Acte; denn Toni Weber die Geliebte
2769 3321 3344 3400 Persönlichkeit zeigt und ihr
297 3336 1542 3393 hüllt, dann fühlt man die mächtige Ergriffenheit, die kein
1535 3334 2775 3403 des Verstorbenen ist uns bisher in keiner Weise in ihrem
2776 3376 3329 3452 ganz passiv verhält, nicht
288 3375 781 3434 Urtheil mehr zuläßt,
806 3386 1531 3447 und jede solche Scene wird zu
1538 3386 2775 3453 persönlichen Wesen gezeigt worden. Sie ist blos ein Princip:
2762 3429 3338 3499 irgend eine Nachricht ein
294 3434 1531 3501 einem besonderen Drame. In unzählige Perspectiven, die oft
1535 3432 2775 3501 das der freien Liebe eines freien Mannes. Dennoch wäre
2767 3474 3338 3547 irgend einen gleichgiltigen
303 3469 1532 3549 weit auseinanderliegen verliert sich während des Vorganges
1539 3480 2764 3548 der Kampf dieses Princips mit den alten und feindseligen
2771 3521 3350 3589 der Stimmung dieses letzte
304 3528 1533 3613 schon der Blick. Alle Vorzüge und viele Fehler des Stückes
1540 3532 2766 3600 Begriffen, die in dieser streng bürgerlichen Familie noch mit
300 3576 545 3655 liegen da.
2777 3567 3345 3640 salsahnung und alle furcht
1542 3584 2764 3644 gespensterhafter Macht alles Leben in ihrem Bann halten
2770 3622 3311 3702 den Schwachen geschieht,
417 3615 1530 3687 Erst sieht man in eine gute und wohlgeordnete Wie¬
1540 3626 2765 3694 müssen, das einzig Dramatische, das sich nun entwickeln
2770 3671 3331 3741 glücklich werden. Wenn d
289 3671 1451 3738 ner Bürgerfamilie. Die Menschen sind so gut, so froh,
1523 3677 2760 3740 könnte. Aber es kommt nicht. Nie gewinnt dieses Weib sei
2768 3715 3344 3788 längst verschwunden ist, kon
290 3728 1538 3795 warm — es kann ihnen nichts Böses widerfahren. Nur die
1541 3726 2766 3798 es nun als Individualität oder als Verkörperung eines Prin¬
2768 3752 3344 3839 genreden der Zurückgebliebe
294 3769 1534 3844 Schwägerin der Hausfrau, eine Witwe, die noch nicht altert,
1529 3790 2766 3851 cipes, irgend eine wirkende Kraft, die sich anspannen, käm¬
2773 3801 3349 3878 bare Drama heraus. Die
294 3828 1534 3891 eine jener feinen Seelen, die tiefes Leid zu Erkennern
1529 3825 2762 3889 pfen und zerscheitern könnte, wie es im Drama verlangt
2763 3871 3335 3937 schleudert es dem ekelhaft
289 3880 1529 3936 macht, spricht von vergangenen schmerzvollen Tagen. Und die
1535 3871 2764 3939 wird. Sie leidet nur. Zu keiner der verschiedenen Personen
2763 3908 3347 3991 tigam, in einem großen A#
301 3922 1541 3989 sanfte zarte Tochter des Hauses soll einen mühselig empor¬
1535 3908 2760 3987 in der Familie hat sie ein ausgesprochenes Verhältniß.
2761 3953 3330 4034 sicht — eine Scene, die z
301 3967 1541 4044 gekommenen Arzt heirathen, einen gehässigen Moral=Plebejer
1528 3970 2761 4038 Nicht zu dem in weitschweifigen Phrasen Verurtheilslosigkeit
299 4014 3344 4091 mit dem sie keinerlei innere Verwandtschaft hat. Aber Hugo und Liberalität posirenden Papa, nicht zu der weichen und was das Stück an eigen
