3484 4256
1484 133 1946 235 box 16/2
288 143 1342 259 10. Das Vermaechtnis
1468 1197 2530 1270 fühlte. Hier galt es entweder so — oder so! Entweder
2534 1205 3425 1271 disputiren haben. Wenn wenigstens die süßt
385 1205 1462 1284 engelhafte Vorstadtherrlichkeit, die, statt zu arbeiten, sich
397 1259 2528 1318 aushalten läßt und die Frucht ihrer geschlechtlichen Liebe! hatte Toni Weber ein Recht, in der Familie Losa# als
2531 1255 3429 1316 herrlichkeit nur einige persönliche Züge aufweise
1467 1301 2534 1364 gleichwerthiges Glied behandelt zu werden, dann hatte
2539 1304 3432 1373 vielleicht gelänge es einem doch, für ihr Marty
396 1296 1479 1367 mit dem Schandmal der Vaterlosigkeit in die Welt
1469 1342 2530 1405 die Familie die Pflicht, alle Rücksichten auf die Gesell¬
2533 1343 3426 1422 Bischen Theilnahme aufzubringen. Aber auch
394 1359 1461 1415 setzt, in der man unehelichen Kindern noch immer
1479 1396 2525 1452 schaft über Bord zu werfen. Oder aber: es hatte die
2528 1387 3429 1471 farblos und unpersönlich, wie der Koöffizie
397 1391 1453 1473 Dornen der Mißachtung und Zurücksetzung auf
1482 1450 2514 1521 Gesellschaft mit ihrer instinktiven Scheu vor der Halb¬
2538 1440 3431 1499 Rechenexempeis. Sie weint über den T##
387 1446 1455 1498 den Weg zu streuen pflegt. Dafür aber werden die
1468 1484 2529 1540 welt Recht, dann war es ganz und gar überflüssig, uns
2524 1478 3435 1560 Geliebten, sie weint über den Tod ihres Kin
389 1494 1453 1558 Alten abgekanzelt und Alle, die ihre Schwäche theilen,
1470 1537 2521 1593 noch einmal zu sagen, daß die Bourgoisie verlogen ist
2527 1541 3439 1594 weint, als man ihr Kost und Wohnung kündigt,
386 1543 1455 1591 sich des öffentlichen Verkehrs mit einer Maitresse zu
1468 1585 2524 1665 und daß nur im Bezirke der Halbwelt die wahre Sitt¬
2531 1588 3426 1649 sie sich so voll Takt und Rücksicht in der Fam
390 1589 1455 1657 schämen. Darin liegt die tendenziöse Einseitigkeit der
1478 1635 1760 1707 lichkeit wohnt.
2529 1633 3425 1697 Liebyabers benommen hat, und sie weint, bevoz
391 1628 1464 1696 Schnitzler'schen Anklage. Ein ernster und gerechter
1554 1654 2519 1742 Man mag den Fall Toni Weber drehen und wenden,
2532 1684 3428 1744 Wasser geht. Ein einziges Mal bäumt sich die
390 1682 1451 1741 Sittenschilderer wird offen bekennen, was ihm schwarz
1466 1702 2530 1781 wie man will; es spricht eine importirte Moral aus
2531 1728 3426 1798 Engelhoftigkeit in ihr auf: „Hab' ich ihn denn
395 1730 1455 1780 oder weiß erscheint, da und dort. Schnitzler aber drückt
1466 1776 2519 1832 seiner Behandlung und Nutzanwendung zu uns. Schnitzler
2537 1782 3440 1838 geliebt, als ihn eine Andere geliebt hätte? Hab
386 1777 1453 1833 sich an beiden feindlichen Gewalten verstohlen vorbei
1475 1815 2536 1888 gilt heute im Deutschen Reiche als der ernsteste Wiener
2528 1816 3413 1884 weniger glücklich gemacht, als eine Andere?“
398 1831 1457 1888 und läßt in dem Augenblick, wo der Widerstreit der
1465 1873 2526 1915 Sittenschilderer, und deshalb muß man vor Allem fest¬
2530 1872 3415 1932 man ihr verbietet, sich mit der Tochter des
387 1873 1457 1939 beiden Parteien nach einer endgiltigen Entscheidung
1473 1911 2530 1980 stellen, daß das moralische Gefühl, aus dem heraus er
2525 1906 3439 1988 vergleichen, jammert sie: „Ja, warum denn 9#
377 1920 1454 1975 heischt, den Stein des Anstoßes in der schönen blauen
1473 1963 2526 2026 seine Probleme gestaltet, nicht de# inserige ist. Seine
2538 1960 3420 2031 vielleicht etwes Schlechteres als sie?“ Das
389 1970 1459 2027 Donau verschwinden, um die Lebenden in's Unrecht zu
1471 2013 2527 2073 Quelle ist nicht in Wien, sondern in Paris zu suchen.
2538 2004 3424 2073 Aus dem Leben gegriffen ist nur eine einzige
395 2011 1460 2081 setzen. Das ist ein erbärmlich unaufrichtiger Eskamoteur¬
1467 2050 2534 2118 Indeß Moral hin, Moral her. Kein künstlerisch fühlender
2533 2058 3436 2133 das Oberhaupt der Familie, ein liberaler Wo
382 2062 1460 2120 kniff. Wer für die freie Liebe eintritt, muß auch den
1478 2112 2531 2175 Mensch wird von einem Kunstwerke eine unmittelbar
2537 2104 3428 2167 digkeitsheld voll Pose und Phrase. Aber auch
379 2103 1462 2169 Muth haben, sie bis in ihre letzten Folgen hinein
1469 2146 3428 2220 moralisirende Wirkung verlangen. Im Gegentheile, es auf tendenziösem Boden, da er neben einem r#
396 2161 1458 2219 energisch zu vertheidigen. Wer da beschönigt, wird zum
1471 2193 2524 2262 soll im Sinne Richard Wagner's nur „durch Veredlung
2530 2196 3426 2259 Bösewicht allein die bürgerliche Moral zu vertr
388 2187 1458 2270 Fälscher und verräth damit nur, daß sie nicht zu ver¬
1473 2249 2521 2317 des Geschmackes auf die Hebung der Sitten wirken“. Je
2538 2250 3424 2310 So schrumpft die ganze Arbeit Schnitzler's zu e
391 2251 1463 2310 theidigen ist. Was soll es heißen, wenn Schnitzler
1465 2296 2526 2357 mehr es dem Künstler gelingt, seine Ideen und
2540 2295 3422 2345 fruchtbaren Tendenzmacherei zusammen. Wenn
399 2296 1459 2356 hinterher, nachdem er die gekränkte Vorstadtherrlichkeit
1476 2338 2532 2401 Empfindungen in Anschauung umzusetzen, desto tieser
2535 2338 3388 2394 Wahl zwischen Schnitzler und Dumas habe,
391 2345 1471 2414 auf bequeme Weise aus dem Wege geräumt hat, der
1469 2384 2530 2432 wird auch die ethische Wirkung auf den Empfangenden
2537 2391 3432 2460 ich offen gestehen, daß ich nicht einen Augenbli
393 2384 1457 2459 Tochter des Hauses Worte in den Mund legt, wie:
1477 2436 2528 2497 sein. Hat nun Schnitzler seine Ideen und Empfindungen
2538 2440 3428 2493 mich für Dumas zu entscheiden. Der täuscht in
392 2443 1467 2497 „Was einen Menschen so glücklich macht, kann nicht die
1465 2486 2524 2541 in dramatische Anschaulichkeit umgesetzt? Mit Nichten.
2549 2485 3418 2541 stens keine Talmi=Wiener vor, d# weiß ich de
394 2484 1463 2546 Sünde sein!“ Hier handelt es sich doch gar nicht mehr
1473 2525 2526 2588 Nicht einmal von einem gut gemachten Theaterstücke kann
2533 2519 3407 2596 ich habe es mit Franzosen zu thun und kann
400 2532 1459 2591 um die Sünde oder das Glück. Wer weiß denn übrigens
1466 2577 2522 2641 man reden, geschweige denn von einem Drama. Dispute,
2531 2579 3398 2644 bekümmert um jeden tieferen poetischen Sinn,
399 2576 1461 2634 ob der junge Losatti wirklich so glücklich war in seinem
1473 2631 2524 2681 nichts als Dispute füllen die drei Akte, und wenn der
401 2627 1457 2683 Verhältniß zu Toni Weber. Er konnte eben so gut das
2540 2628 3399 2692 Fähigkeit, gefällig=anregende Konversation zu
2187 2651 2235 2706 7
2541 2667 3357 2748 immerhin ein Bischen künstlerisch erfreuen.
1478 2673 2526 2729 Zufall nicht ein gar so pünktlicher Schnitter wäre,
394 2669 1458 2740 Verhältniß nur deshalb fortgesponnen haben, weil er
406 2721 2531 2795 sich durch die lebendige Folge dazu moralisch verpflichtet würden die Leute schon im zweiten Akte nichts mehr zu
