3392 4352
1367 115 1765 207 —
952 188 1803 260 fattarens. Det andra, egendomliga stye¬
955 236 1808 322 ket, Lifsledsagarinnan, är ett ut¬
951 291 1805 362 brott af författarens bitterhet och kvin¬
942 326 1810 408 noförakt; det tredje, hvarefter samlingen
956 394 1814 453 erhällit sitt namn, är det första uttrycket
944 432 1804 501 för den grundäskädning, som nu fätt sitt
963 501 1804 546 genombrott i hans nista arbete, hvari
961 539 1809 578 värklighet och blott zken barockt och
942 591 1802 645 hemlighetsfullt glida öfver i hvarandra.
955 636 1797 689 Den gröna kakadun utspelas ome¬
956 678 1806 745 delbart före den stora franska revolutio¬
956 728 1805 774 nen i Paris, där — efter författarens egen¬
950 776 1810 838 domliga hugskott — pa en krog skäde¬
956 828 1803 878 spelare, läjda af värden, uppföra upp¬
959 876 1814 937 ronsscener för blaserade aristokrater, tills
956 919 1806 974 skämtet blir allvar, redan innan man rätt
960 964 1805 1005 vet om det stycket illustrerar sä att
949 1009 1807 1066 säga Kirkegaards aforism Det hände
946 1063 1804 1102 pä en teater, att det tog eld i kulisserna.
944 1092 1798 1152 Pajas kom för att underrätta publiken där¬
956 1150 1804 1202 om. Man trodde, att det var ett skämt
948 1195 1796 1252 och appläderade. Han upprepade det:
959 1252 1801 1299 man jublade ännu mera. Sà misstänker
953 1295 1801 1359 jag att världen kommer att gä under an¬
946 1338 1802 1394 der allmänt jubel frän kvickhufvudenas
947 1398 1800 1441 sida: de tro, att det hela är ett skämt.
968 1432 1809 1499 Nu följde af Schnitzler en bok med ti¬
949 1485 1800 1538 tein Bunddans, en ny serie dialoger,
946 1532 1806 1590 hvari sexuella förhallanden behandlas
945 1583 1805 1635 med öfverlägsen kvickhet, ungefär som
947 1633 1805 1687 1 den franska litteraturen af fru Marni
954 1674 1799 1749 eller Lavedan. Denna bok fins emeller¬
951 1728 1801 1789 tid icke i bokhandeln, i det författaren
946 1778 1801 1834 blott skänkt den i nägra fá exemplar till
940 1820 1796 1884 sina vänner, dä han, som han i företalet
937 1871 1798 1949 säger, abt han icke vill utsätta sig för
944 1921 1798 1994 de missförständ, dumhet och illvilja otvif¬
946 1979 1577 2030 velaktigt skulle sätta i svang.
971 2021 1790 2066 Och sà har 1901 utkommit detta märk¬
935 2067 1794 2112 liga skädespel Beatrices s1öja, som
934 2113 1794 2173 trots ofullkomligheterna i handlingens
941 2172 1791 2222 motivering är det fylligaste uttrycket för
928 2210 1794 2263 Schnitzlers lifsäskädning, sädan den au
935 2257 1799 2317 utbildat sig. Högst betecknande är det,
928 2304 1784 2363 att handlingen försiggär i Bologna dagar¬
928 2351 1793 2412 ne strax före Cesar Borgias ankomst
928 2401 1793 2447 framför murarne med en mäktig här, mot
933 2457 1802 2504 hvilken intet försvar med stadens svaga
928 2498 1793 2552 krafter tjänar nägot till, sä att alla in¬
941 2547 1689 2611 se, att allmän nedsabling förestär.
968 2596 1790 2655 Ungefär som Renan i Abbedissan af
925 2645 1795 2699 Jourre“ har Schnitzler drömt em huru ett
935 2684 1786 2753 sädant förutvetande om omedelbart före¬
941 2737 1790 2791 stäende död och undergäng skulle värka
921 2790 1782 2848 pä sinnena, särskilt pä de erotiska kän¬
929 2838 1789 2891 slorna, sädana dessa under renässancen
928 2884 1787 2953 formade sig, och har besvarat detta spors¬
940 2935 1795 2987 mäl med virtuositet. Men i styckets me¬
941 2981 1796 3038 delpunkt stär en ung kvinna, ett sexton
935 3031 1789 3078 ärs barn, hvilken syres som ett slags typ
938 3072 1798 3126 skola symbolisera kvinnans väsen öfver
937 3129 1788 3180 hufvud, trofast till sinnet, trolos i tankar
932 3174 1786 3222 och drömmar, handlande och underka¬
941 3220 1788 3273 stande sig rent mekamiskt, innerst inne
937 3263 1780 3321 uban akuld. Fullständigt är hennes vä¬
926 3306 1797 3370 sen icke tolkat. Hon, som en hei del
935 3363 1781 3435 andra kvinnor i stycket, älskar dess huf¬
950 3409 1797 3460 vadperson, en alltfor modärn gestalt för
948 3459 1789 3513 renässanstiden, dessvärre till yrke förfat¬
935 3514 1807 3573 tare och geni, utan att vi läsare äro 1
931 3554 1793 3626 ständ att beundra honom sä, som det for¬
923 3608 1809 3654 dras af oss. Där gömmes i honom för myo¬
921 3645 1792 3722 ken gammal romantik, men otvifvelaktigt
923 3699 1789 3766 jen god del af Schnitzlers eget väsen. I
915 3748 1791 3795 beundran för honom har dock författaren
933 3780 1792 3865 mest uttryckt hünförelse för konsten som
942 3846 1783 3897 det enda i förgängligheten fortlefvande.
973 3886 1805 3943 1 stycket áro den svarta och den röda
938 3930 1791 4015 träden Schnitzlers författarskap hopflä¬
929 3988 1781 4043 tade: kvinnors skönhet och konstens
942 4013 1793 4090 prakt göna lifvet rikt; lyckans dyrköpthet
919 4071 1790 4126 och flyktighet gör lifvet tungt; ovissheten
923 4128 1795 4212 om dödens närhet, gör lifvet till en saga.
