3392 4320
1096 271 1587 371 box 39/4
273 293 979 387 Birthday
761 1344 2089 1397 die menschlichen Schwächen noch menschlicher geworden. Es
759 1411 1830 1458 seien einige seiner letzten Werke herausgenommen.
844 1446 2092 1482 Der früher geschriebenen hübschen Novelle „Casanovas Heim¬
770 1489 2096 1537 fahrt“ hat er eine andere Wendung in der Komödie „Casanova
762 1539 2091 1594 in Spa“ gegeben. Den Inhalt kann man sich ja ungefähr schon
767 1580 2092 1632 nach dem Titel denken, aber darauf kommt es gar nicht an:
763 1621 2083 1663 das Ganze ist ein Feuerwerk glänzenden Spottes und glänzen¬
760 1665 2095 1708 der Satire, pikant, mit den gewagtesten Situationen, und doch
769 1724 2083 1766 gleitet Schnitzler über das Bedenkliche so leicht und elegant
777 1754 2098 1809 hinweg, daß nur der Humor haften bleibt. Und mit derselben
765 1810 2096 1856 Meisterhand ist leicht hingeworfen. „Die Komödie der Ver¬
766 1838 2017 1882 führung“ — derselbe Stoff wie in „Liebelei“ und „Anatol“
773 1898 2087 1944 und der Hauptheld ist wieder ein anderer Casanova, und das
778 1929 2094 1977 Milien ist Wien und dessen detadente Gesellschaft, und wenn
774 1974 2092 2025 die Komödie schließlich auch als Tragödie endet, so hilft über
774 2016 2102 2068 das Komisch=Schlüpfrige wie über das Traurige der Humor
770 2056 1614 2108 und die Verve der Geschehnisse hinweg.
858 2091 2098 2158 In seinen letzten Novellen schlägt Schnitzler teilweise einen
765 2138 2092 2186 neuen Weg ein. Es ist erklärlich, daß die Psychoanalyse Freuds
765 2184 2098 2234 an dessen Wohnsitz Wien die aft wie die Laienwelt noch
770 2229 2093 2283 mehr interessiert als anderswo, und daß auf diesem Gebiete
766 2270 2098 2324 dem Arzt Schnitzler bald der Dichter Schnitzler folgte. „Fräu¬
775 2316 2103 2375 lein Else“ war schon in diesem Fahrwasser gesegelt, von
770 2373 2083 2426 neuem nahm er es nun in der Novelle „Die Frau des Rich¬
769 2411 2089 2457 ters“ auf, einer tragikomischen Novelle, voll tiefem Hohn und
781 2456 2099 2506 Spott, natürlich nicht über die psychoanalytische Wissenschaft,
775 2509 2095 2547 aber über all den Schwindel, die Erbärmlichkeit, die Feigheit,
778 2533 2096 2584 die bei diesen Krankheiten zutage treten. Das Buch verfolgt
773 2577 2098 2631 noch einen zweiten Zweck: der Politiker Schnitzler legt sein
769 2636 2101 2682 Bekenntnis und Verhältnis zur alten Zeit und zur neuen ab,
773 2670 2096 2722 das darauf hinausläuft, daß er weder das Frühere in Grund
778 2705 2091 2756 und Boden verdammen, noch in der Neuerung nur Sonnenschein
776 2753 2102 2805 und eitel Glück sehen kann. Mit seiner „Traumnovelle“ geht
779 2794 2099 2851 er auf ein verwandtes Gebiet der beiden ebengenannten, und
767 2836 2098 2892 man bewundert in ihr wieder die Phantasie des Dichters wie
773 2892 2109 2936 das große Wissen und Können des Arztes. Und alle diese Werke
1579 2925 2117 3006 möge der auch weiter
773 2931 1514 3004 verraten den jungen Schnitzler
773 2979 975 3048 schaffen!
1861 3084 1958 3147 *)
930 3084 1870 3185 „Magie der Weltgeschichte“
1017 3171 1856 3240 Von Alcibiades bis Lovis Corinth
853 3229 2096 3312 Wer über die Brille allgemeiner Urbanität hinaus zu
777 3312 2100 3355 schauen vermag, denkt tosmisch. Wir wissen heute, daß es ein
781 3326 2103 3390 Fehler ist, die Entwicklung des Menschengeschlechtes als rein
774 3369 2100 3436 tellurisch bedingt zu betrachten. Wußten wir es noch nicht, so
767 3415 2103 3481 wissen wir es durch dieses Buch. Es fahndet nach überirdischen,
768 3469 2099 3518 kosmischen Gesetzen und Regeln für das Weltgeschehen. Gesetze
773 3512 2119 3576 sind ein kausaler, Regeln ein destriptiver Begriff. Die Erde ist
846 3574 2111 3660 *) Erschienen in R Voigtländers Verlag in Leipzig; Verfasser ist ungenannt.
2108 184 2199 254 —.—
