3436 4352
1799 204 2229 302 —
1157 312 1605 402 box 39/4
298 315 994 428 tBirthdar
776 1382 2118 1432 die menschlichen Schwächen noch menschlicher geworden. Es
781 1439 1849 1485 seien einige seiner letzten Werke herausgenommen.
863 1488 2094 1529 Der früher geschriebenen hübschen Novelle „Casanovas Heim¬
788 1529 2098 1576 fahrt“ hat er eine andere Wendung in der Komödie „Casanova
783 1574 2108 1634 in Spa“ gegeben. Den Inhalt kann man sich ja ungefähr schon
784 1621 2108 1667 nach dem Titel denken, aber darauf kommt es gar nicht an:
781 1665 2105 1706 das Ganze ist ein Feuerwerk glänzenden Spottes und glänzen¬
782 1706 2102 1749 der Satire, pikant, mit den gewagtesten Situationen, und doch
778 1772 2112 1805 gleitet Schnitzler über das Bedenkliche so leicht und elegant
782 1795 2114 1850 hinweg, daß nur der Humor haften bleibt. Und mit derselben
786 1838 2100 1886 Meisterhand ist leicht hingeworfen: „Die Komödie der Ver¬
777 1885 2014 1937 führung“ — derselbe Stoff wie in „Liebelei“ und „Anatol“
778 1922 2100 1968 und der Hauptheld ist wieder ein anderer Casanova, und das
778 1965 2100 2018 Milien ist Wien und dessen detadente Gesellschaft, und wenn
789 2020 2108 2064 die Komödie schließlich auch als Tragödie endet, so hilft über
785 2063 2104 2116 das Komisch=Schlüpfrige wie über das Traurige der Humor
784 2107 1619 2158 und die Verve der Geschehnisse hinweg.
865 2123 2116 2196 In seinen letzten Novellen schlägt Schnitzler teilweise einen
780 2176 2112 2237 neuen Weg ein. Es ist erklärlich, daß die Psychoanalyse Freuds
787 2232 2103 2284 an dessen Wohnsitz Wien die aft wie die Laienwelt noch
786 2277 2103 2321 mehr interessiert als anderswo, und daß auf diesem Gebiete
772 2311 2115 2358 dem Arzt Schnitzler bald der Dichter Schnitzler folgte. „Fräu¬
784 2363 2113 2419 lein Else“ war schon in diesem Fahrwasser gesegelt, von
788 2394 2109 2452 neuem nahm er es nun in der Novelle „Die Frau des Rich¬
777 2447 2119 2501 #ters“ auf, einer tragikomischen Novelle, voll tiefem Hohn und
789 2480 2118 2539 Spott, natürlich nicht über die psychoanalytische Wissenschaft,
789 2525 2112 2575 aber über all den Schwindel, die Erbärmlichkeit, die Feigheit,
790 2579 2107 2641 die bei diesen Krankheiten zutage treten. Das Buch verfolgt
779 2621 2114 2668 noch einen zweiten Zweck: der Politiker Schnitz er legt sein
782 2658 2109 2704 Bekenntnis und Verhältnis zur alten Zeit und zur neuen ab,
777 2700 2111 2752 das darauf hinausläuft, daß er weder das Frühere in Grund
780 2740 2107 2802 und Boden verdammen, noch in der Neuerung nur Sonnenschein
789 2798 2110 2845 und eitel Glück sehen kann. Mit seiner „Traumnovelle“ geht
781 2839 2117 2891 er auf ein verwandtes Gebiet der beiden ebengenannten, und
789 2893 2115 2940 man bewundert in ihr wieder die Phantasie des Dichters wie
785 2916 2109 2978 das große Wissen und Können des Arztes. Und alle diese Werte
784 2970 2128 3035 verraten den jungen Schnitzler — möge der auch weiter
787 3022 996 3086 schaffen!
1862 3117 1972 3171 6*)
945 3120 1878 3219 „Magie der Weltgeschichte“
1035 3217 1886 3285 Von Aleibiades bis Lovis Corinth
867 3283 2111 3339 Wer über die Brille allgemeiner Urbanität hinaus zu
776 3345 2102 3380 schauen vermag, denkt kosmisch. Wir wissen heute, daß es ein
793 3370 2121 3429 Jehler ist, die Entwicklung des Menschengeschlechtes als rein
781 3413 2105 3476 tellurisch bedingt zu betrachten. Wußten wir es noch nicht, so
790 3465 2115 3521 wissen wir es durch dieses Buch. Es fahndet nach überirdischen,
779 3502 2111 3552 kosmischen Gesetzen und Regeln für das Weltgeschehen. Gesetze
789 3542 2125 3614 sind ein kausaler, Regeln ein destriptiver Begriff. Die Erde ist
856 3634 2123 3700 *) Erschienen in R Voigtländers Verlag in Leipzig; Verfasser ist ungenannt.
