3392 4320
235 283 949 375 ShBrihday
1108 259 1541 345 box 39/4
1984 537 2637 611 Dr. Max Goldschmidt
1998 611 2630 687 Büro für Zeitungsausschnitte
2359 683 2798 742 Teleion: Norden 3051
1811 687 2097 755 BERLIN N4
1734 821 2819 891 Die Literarische Velt. Berlin.d.
2375 876 2774 957 20. Mai 27
2133 1015 2801 1067 Das war das süße Mädel ...
2092 1071 2828 1137 (Zu Arthur Schhilzlers GarGeburtslag.)
2067 1126 2885 1170 Der Refrain eines Schlagerliedes um 1900
2033 1164 2894 1210 summt noch einmal durch unsere Ohren;
2029 1191 2881 1257 aus einer Opereite von Ieinrich Reinhardt
2034 1239 2880 1293 (auch aus Preßburg; aber von anderer Linic),
2029 1286 2896 1328 die eine neue, peinliche Acra der Gattung ein¬
2058 1324 2887 1360 eitete. Ihr Titel Das süße Mädel“ hatte lite¬
2456 1349 2888 1400 n
2032 1343 2439 1400 Farisetnaw
2028 1390 2893 1436 der lieben, leichtlebigen und selbstlosen Frenn¬
2039 1427 2897 1475 din seiner Wiener Junggesellen war im leizten
2034 1467 2601 1528 Dezennium populär geworden.
2171 2782 2753 2858 Jugendbildnis Arthur Schnilzlers
2031 2835 2875 2889 (Mit Erlaubnis des Amalthea-Verlags, Wien, aus
2018 2885 2878 2932 dem Buche: Josef Körner, Arthur Schnitzlers
2264 2922 2649 2983 Gestallen-Probleme.)
2062 2970 2879 3030 Zuerst ist diese in seinen Werken, besonders
2025 3023 2888 3080 den Dramen, oft abgewandelle Figur in der
2032 3076 2890 3114 „Liebelei“ erschienen (1894 enlstanden, 1895 auf¬
2027 3106 2891 3159 geführt). Schnitzler halle „das Vorstadlmädel
2015 3148 2891 3201 burgtheaterfähig gemacht“ wie Karl Kraus in
2021 3182 2887 3224 seiner Satire der „demolierten Literatur“ schon
2029 3224 2890 3279 sagle. Josef Körner hal in seinem Schnitzler-Buch
2577 3261 2707 3308 Pialine
2250 3259 2345 3312 ering,
2759 3259 2879 3308 „Lie-
2027 3299 2882 3339 belei“ durch die späleren Bücher verfolgt, das
2026 3335 2887 3382 sentimentale „süße Mädel“, das Adolf Bartels der
2021 3372 2877 3425 Wiener Maitressenwirtschaft“ zuzählt, in vielen
2024 3418 2886 3455 Werken Schnilzlers variiert wiedergefunden. Als
2017 3448 2888 3508 Vorgängerinnen die Ninelle des „Märchen“ und
2019 3499 2875 3544 die Marie im „Sterben“; als Nachfolgerinnen
2019 3534 2885 3586 (neben den Dirnehen und Dirnen des „Reigen“)
2018 3577 2885 3619 Toni Weber im „Vermächtnis“, die Beatrice im
2030 3614 2884 3647 „Schleier“, Kalharina und besonders Marie im
2032 3644 2887 3704 „Ruf des Lebens“, Anna Rosner und weniger
2018 3699 2878 3740 Amy im „Weg ins Freie“, Elisabeth im „Jungen
2018 3727 2864 3766 Medardus“, Katharina im „Doktor Gräsler“
2023 3766 2874 3816 aber auch Marie im „Neuen Lied“ und Elise im
2020 3807 2886 3857 „Mörder“ Den ersten Erfolg halle jedenfalls
2025 3844 2879 3880 Christine aus der Galerie der „kleinen, süßen.
2021 3884 2871 3935 blonden Köpferl“, von denen es im „Weg““
2025 3924 2874 3975 später hieß: „Solche Sachen dürfen nicht länger
2025 3961 2426 4006 dauern als ein Jahr.“
2055 3988 2879 4046 Deshalb ist es vielleicht von Interesse, den
2020 4039 2870 4083 ersten Einfall zum Schauspiele „Liebelei“ zu
2017 4077 2875 4129 lesen, das ursprünglich als Volksstück in Bildern
2010 4118 2843 4167 gedacht war. Die Skizze wurde einmal faksimi
