3392 4256
1921 176 2139 268 ——
1049 264 1511 375 box 39//4
192 283 895 404 BöthBirthdar
455 516 2885 727 eitungs-Informationsdienst
2540 688 2748 787 Nerue
875 706 2398 816 für aktuelle und wissenschaftliche Fragen
488 706 761 800 K. uirion:
2424 740 2851 827 Zeilenhonerar 10 Pfg.
430 770 818 852 BERLIN SW. 68,
887 778 2382 882 Inr Biian siam danhsrmmsnmmammsn
2432 815 2838 874 Mindesthonorar 1,50
463 822 794 885 Ritterstraße 52
2453 859 2831 921 Abonnements nach
417 858 833 932 Die Correspondenz ist
2451 898 2833 970 besonderer Verein¬
436 912 830 984 als Manuskript ge¬
888 902 2408 1003 Metropel Verlags-Gesellschaft
2556 940 2729 1002 barung.
546 957 719 1006 druckt.
2503 974 2795 1047 Fernsprecher:
424 974 830 1051 Erfüllungsort: Berlin
1318 975 1926 1078 E. Matthes & Hinzler
466 1029 802 1086 Postscheckkonto:
2471 1017 2810 1088 Dönhoff 2878
494 1074 776 1119 Berlin 39936
1825 1037 2447 1143 Ritter-Straße 52 L
868 1052 1454 1158 BERLIN SW. 68
2012 1319 2773 1423 Berlin, den 11. Mai 1927:
952 1428 2175 1539 Artur Schnitzler 65 Jahre alt.
1010 1519 1753 1591 Gedenkblatt zum 15. Mai
797 1538 2308 1637 munenummm i #nin e# ihmnmmmmmeemm i dmn ehn in de un gu den gen uin un d de ucdn de um mte men A
624 1635 2877 1750 Es ist ein tragisches Schicksal, dass auch die IJungen alt verden. Wür von der
464 1730 2909 1795 älteren Generation sind imer noch gewöhnt, Schnitzler und seinen Kreis zu der 1jungen
473 1798 2918 1885 Wiener Schule“ zu rechnen und sind heute doch recht erstaunt, zu hören, dass Schnitzler
480 1820 2705 1937 65 Jahre alt geworden ist, also doch wirklich die erste Jugend abgestreift hatt
604 1879 2888 1979 Die Wiener und unter ihnen besonders Sohnitzler bilden in der-Literatur eine ganz
483 1927 2985 2027 besondere Klasse für sich. Mediziner von Beruf, wie schon sein Vater, wandte er sich früh¬
480 1993 2868 2076 zeitig der Literatur zu. Es war die grosse Zeit der literarischen Revolution der 80er
478 2033 2904 2154 und 90er Jahre, die Zeit des Ujüngsten Deutschland“, als Schnitzler in Vien zuerst von
479 2101 2948 2206 Schlenther die Büihne nit seinen dramatischen Snenen Anatoln geöffnet wurde; zur selben
476 2166 2450 2261 Zeit etwa wie Gerhare Hauptmann in Berlin durch Brahm entdeckt vurde
612 2198 2856 2296 Man hat für den Kreis um Sehitzler um die Jahrhundertvende den Ausdruck pfin de
480 2290 2869 2373 siecle“ geprägt und ihm damit das Schild einer gewissen Dekadence angehängt. Man hat
488 2327 2845 2416 gerade Schnitzler viel gelästert vegen der unbektimerten, ja man möchte sagen naiven
474 2416 2835 2465 Erotik seiner Schrift. Vas aber z.B., Vedekind mit beissender Satyre und Hohn heraus¬
477 2480 2857 2530 sprudelt, das sagt Schnitzler mit einer solchen echt wienerischen Grazie und Liebens¬
495 2479 2897 2586 würdigkeit, dass man keineswegs das Gefühl des Anstössigen hat, Ja selbst der vielge¬
497 2588 2911 2638 schmähte VReigen“ , der allerdings fir die Hihne absolut ungeeignet ist, (Leider ist er
491 2641 2936 2703 Ja eine Zeitlang in Deutschland aufgeführt worden und zuar meist von Leuten, die auf die
492 2644 2994 2752 niederen Instinkte der Denschen rechnetenldieser Reigen ist mit soviel geistreichen Spott,
486 2752 2915 2817 mit einer solchen echt vienerischen Leichtblütigkeit geschrieben, dass er trotz der ge¬
489 2777 2942 2857 vagtesten Szenen beim Lesen keinesvegs verletzend wirkt. Eine Lektüre für Kinder ist er
500 2868 2846 2933 allerdings nicht. — Als echter Mener schöpft Schnitzler nirgends wärklich-tief,
497 2875 2953 2981 wo er Probleme stellt, gleitet er weist mit seiner glücklichen Phäakermatur darüber hin.
482 2950 2273 3023 Das schvermitige Grübeln des Norddeutschen ist nicht sein Fal1.
592 2998 2848 3090 Aber gerade darum lieben vir Schnitzler; denn er, der sich überall so völlig na¬
499 3065 2872 3177 türlich gibt, ist doch imner noch ein VJunger“ geblieben trotz seiner 65 Jahre. M.P.
980 3157 1671 3268 m. Scheimat Kempner +
1246 3251 1747 3294 —--
941 3231 1233 3335 —
1048 3216 1741 3320 ###unmnnnunnananannnummnn
1381 3299 1431 3340 7
677 3251 2915 3369 Mitten aus seinem unermidlichen Schaffen ist wieder einer unserer bedeutendsten
489 3327 2955 3445 Virtschaft ler dahingegangen. Als Jurist und Anvalt begann er seine Tätigkeit und steilte
496 3382 2895 3494 sein grosses Vissen und Können ausschliesslich in den Dienst von Handel und Industrie,
481 3434 2955 3570 Er galt als eine der grössten Kapazitäten auf dem Gebicte des Akt enrechts, und niemand
486 3541 2158 3627 verstand es so gut vie er , Generalversammlungen zu leiten.
671 3560 2913 3680 Das Kalisyndikat verdankt ihm grössten Teils sein Bestehen und so manche Aktien¬
496 3640 2915 3740 gesellschaft hat er in den Zeiten der schwersten Mirtschaftskrise durch seinen nie ver¬
496 3736 1734 3801 sagenden Rat vor dem Zus amnenbruch bewahrt.
689 3732 2926 3856 Gerade jetzt befand er sich auf der Rickreise aus den Vereinigten Straten, vo er
483 3799 2908 3913 Studien über anerikanische Virtschaftsverhältnisse gemacht hatte, um diese Erfahrungen
494 3879 2573 3976 unserer heimischen notleidenden Volkswirtschaft zu Nutze machen zu können.
678 3903 2832 4007 Leider sollte es hierzu nicht mehr komen. Auf der Heinreisc erlag Geheinrat
487 3974 2366 4071 Kempner im Hotel VEuropäischer Hof“ in Amsterdam cinem Herrschlag.
653 4020 2893 4126 Sein Tod reisst eine grosse Lüicke in unser Virtschaffsleben, die mar scher zu
503 4121 1023 4203 füllen sein vird
