3436 4320
1105 301 1574 402 box 39/4
253 307 960 413 SthBirthdan
195 3227 1817 3327 nen neuen Weg ein. Es ist erklärlich, folgt noch einen zweiten Zweck: der Politiker
925 3291 1824 3370 Schnitzler legt sein Bekenntnie und Verhältnis zur
202 3312 906 3384 ychoanalyse Freuds, an dessen Wohn¬
935 3342 1829 3412 giten Zeit und zur neuen ab. das darauf hinaus¬
208 3352 906 3419 die Wissenschaft wie die Lajenwelt noch
932 3388 1830 3462 läuft, daß er weder das Frühere in Grund und
206 3405 902 3486 essiert ist als anderswe, und daß auf
931 3446 1821 3502 Boden verdammen, noch in der Neuerung nur
207 3456 919 3532 biete dem Arzt Schnitzler bald der
939 3487 1824 3554 Sonnenschein und eitel Glück sehen kann. Mit
211 3508 910 3577 hnitzler folgte. „Fräulein Else“ war
938 3539 1824 3611 seiner „Traumnovelle“ geht er auf ein ver¬
209 3550 905 3627 diesem Fahrwasser gesegelt, von neuem
926 3598 1826 3652 wandtes Gebiet der beiden ebengenannten, und
222 3600 918 3669 s nun in der Novelle „Die Frau des
932 3633 1822 3703 man bewundert in ihr wieder die Phantasie des
203 3647 920 3733 Auf, einer tragikomischen Novelle, voll
931 3684 1827 3749 Dichters wie das große Wissen und Können des
207 3690 917 3776 n und Spott, natürlich nicht über die
927 3734 1825 3811 Arztes. Und alle diese Werke verraten den
211 3748 917 3819 htische Wissenschaft, aber über den
937 3775 1836 3860 jungen Schnitzler — möge der auch weiler
223 3789 919 3859 die Erbärmlichkeit, die Feigheit, die bei
214 3843 1119 3918 nkheiten zutage treten. Das Buch ver= schaffen!
1783 1164 2313 1313 ien
2286 1211 2737 1319 Senl
1830 1504 2733 1595 dieser Kunst hielten, werden bald nicht mehr die
1845 1581 2745 1642 Letzten sein. Hat auch das, was heute geschrieben
1840 1629 2742 1695 wird, noch nicht die Klarheit und Vollendung der
1834 1681 2746 1750 Kunst dieser beiden Genannten erreicht, so ist es
1844 1733 2738 1804 duch immerhin sehr beachtenswert und für die Zu¬
1833 1787 2747 1873 kunft vielversprechend. Bereits anerkanntere
1836 1860 2744 1917 moderne Lyriker, wie Hermann Hesse. der
1843 1892 2755 1978 etwas spröde, besonders schwer zugängliche
1844 1955 2754 2032 Oskar Loerke, der wahrhaft dionysische
1847 2022 2743 2073 Naturphilosoph Theodor Daubler oder
1848 2067 2742 2129 Alfred Mombert seien nur namentlich ge¬
1851 2110 2749 2186 nannt, heute gilt es, der noch jüngeren, inzwischen
1851 2169 2753 2251 herangewachsenen Generation durch einen Hin¬
1856 2223 2269 2307 weis behilflich zu sein.
1881 2264 2752 2354 Der Ernstesten einer, mit aufopferungsvoller
1843 2345 2759 2411 Hingabe an seine Mission, ist Erwin Dorow,
1848 2387 2754 2456 sehr jenseitig und naturverbunden, voll tiefer Ehr¬
1850 2433 2750 2504 furcht vor den Wundern, die selbst in den ge¬
1845 2466 2759 2554 ringsten Dingen der Schöpfung und in den
1841 2530 2756 2609 kleinsten Wesen der Kreatur ihm die Herrlichkeit
1850 2577 2746 2641 unvergänglicher Werte offenbart. Hier ist ein
1843 2633 2755 2691 Mensch am Werk, der mit tönender Stimme die
1845 2686 2762 2752 Schönheit geistiger Güter predigt, der aufrecht
1840 2732 2754 2801 geht durch die Anfeindungen und Hindernisse
1847 2780 2761 2852 dieser Welt. Den Forderungen der Stunde ist da
1833 2832 2754 2892 weit gefügiger Walter Gutkelch, der Typ
1849 2880 2757 2941 eines betriebsamen Literaturdichters, dem aber
1840 2939 2756 3003 auch Gedichte von außerordentlicher Kraft und
1851 2968 2754 3043 Geschlossenheit gelangen. Zeugnis davon legt
1846 3027 2753 3080 wieder seine neue Buchpublikation „Zwei
1846 3082 2748 3143 Zyklen“ ab, ein schmales Gedichtbändchen, das
1849 3137 2753 3197 besonders in seinem zweiten, „Ecce Mater“ über¬
1847 3165 2765 3236 schriebenen Abschnitt bemerkenswert ist, in dem.
1846 3220 2750 3291 seit langer Zeit zum ersten Male wieder Zeugnis
1841 3272 2750 3324 abgeleat wird für die Mutter, ein schlichtes und
1843 3313 2752 3401 aufrichtiges Bekenntnis zur keuschen Mutterliebe,
1842 3370 2744 3447 in unserer Zeit der Familienauflösung besonders
1905 3453 2751 3545 Eine sehr verinnerliche Lyrik schreibt der junge
1852 3536 2750 3600 Wolf Bierotte, mit einer schönen Beherr¬
1851 3581 2759 3657 schung der Form. Rauschende Wortsymphonien
1852 3646 2754 3698 sind die Verse von Willi R. Fehse, einem der
1851 3679 2749 3747 Begabtesten von allen. Aus überschwenglicher
1853 3730 2758 3804 Seele schreibt hier einer mit sehnsüchtiger Feder
1853 3778 2754 3834 Hymnen der Demut und geistigen Läuterung.
1843 3828 2759 3903 Glasklar dagegen die Gedichtschreibung David
