<?xml version="1.0" encoding="UTF-8" standalone="yes"?>
<PcGts xmlns="http://schema.primaresearch.org/PAGE/gts/pagecontent/2013-07-15" xmlns:xsi="http://www.w3.org/2001/XMLSchema-instance" xsi:schemaLocation="http://schema.primaresearch.org/PAGE/gts/pagecontent/2013-07-15 http://schema.primaresearch.org/PAGE/gts/pagecontent/2013-07-15/pagecontent.xsd">
    <Metadata>
        <Creator>prov=University of Rostock/Institute of Mathematics/CITlab/Gundram Leifert/gundram.leifert@uni-rostock.de:name=ONB_Newseye_GT_M1+(htr_id=10810)::::v=2.4.2
prov=University of Rostock/Institute of Mathematics/CITlab/Tobias Gruening/tobias.gruening@uni-rostock.de:name=de.uros.citlab.module.baseline2polygon.B2PSeamMultiOriented:v=2.4.2
prov=University of Rostock/Institute of Mathematics/CITlab/Tobias Gruening/tobias.gruening@uni-rostock.de:name=/mnt/transkribus/LA/DEA/URO/LA_news_onb_att.pb:de.uros.citlab.segmentation.CITlab_LA_ML:v=2.4.2
Transkribus</Creator>
        <Created>2019-10-07T15:15:51.719+02:00</Created>
        <LastChange>2019-10-09T03:09:06.911+02:00</LastChange>
        <TranskribusMetadata docId="224216" pageId="9515068" pageNr="6" tsid="16620024" status="IN_PROGRESS" userId="40391" imgUrl="https://files.transkribus.eu/Get?id=ZXWGMGLBDFEBMIGHBLVSQYKC&amp;fileType=view" xmlUrl="https://files.transkribus.eu/Get?id=JFSEYLJDTDDDKHFWYSOVWZFS" imageId="6203302"/>
    </Metadata>
    <Page imageFilename="224216_0006.jpeg" imageWidth="3344" imageHeight="4352">
        <ReadingOrder>
            <OrderedGroup id="ro_1711443603589" caption="Regions reading order">
                <RegionRefIndexed index="0" regionRef="r1"/>
            </OrderedGroup>
        </ReadingOrder>
        <TextRegion orientation="0.0" id="r1" custom="readingOrder {index:0;}">
            <Coords points="245,348 245,3667 2377,3667 2377,348"/>
            <TextLine id="r1l1" custom="readingOrder {index:0;}">
                <Coords points="482,379 553,380 566,374 606,379 623,368 647,380 660,378 673,374 673,324 642,316 621,332 601,332 574,316 548,314 510,332 481,321"/>
                <Baseline points="491,372 520,371 549,371 578,370 607,369 636,369 665,370"/>
                <TextEquiv>
                    <Unicode>hlet</Unicode>
                </TextEquiv>
            </TextLine>
            <TextLine id="r1l2" custom="readingOrder {index:1;}">
                <Coords points="1447,358 1544,389 1601,391 1662,366 1683,383 1736,373 1794,396 1824,372 1858,388 1915,355 1915,326 1882,331 1860,312 1793,330 1696,316 1654,348 1595,329 1571,342 1485,308 1448,314"/>
                <Baseline points="1455,370 1480,370 1505,371 1530,371 1555,372 1580,372 1605,372 1630,373 1655,373 1681,374 1706,374 1731,374 1756,374 1781,374 1806,374 1831,374 1856,373 1881,373 1907,372"/>
                <TextEquiv>
                    <Unicode>box 36/6</Unicode>
                </TextEquiv>
            </TextLine>
            <TextLine id="r1l3" custom="readingOrder {index:2;}">
                <Coords points="236,398 1317,419 1317,352 1213,321 851,314 705,380 536,374 442,324 236,337"/>
                <Baseline points="245,385 298,387 351,388 404,389 457,389 510,390 563,390 617,390 670,391 723,391 776,391 829,390 882,390 935,390 989,390 1042,390 1095,389 1148,389 1201,389 1254,389 1308,388"/>
                <TextEquiv>
                    <Unicode>Pannl offorints</Unicode>
                </TextEquiv>
            </TextLine>
            <TextLine id="r1l4" custom="readingOrder {index:3;}">
                <Coords points="1052,1361 2375,1369 2323,1308 2104,1300 1828,1339 1592,1298 1052,1324"/>
                <Baseline points="1060,1352 1125,1354 1190,1357 1255,1358 1321,1359 1386,1361 1451,1362 1517,1363 1582,1363 1647,1364 1713,1364 1778,1365 1843,1365 1908,1365 1974,1365 2039,1365 2104,1366 2170,1366 2235,1366 2300,1366 2366,1367"/>
                <TextEquiv>
                    <Unicode>der Eindrücke auf die Bühne. Im „Grünen Kakadu“ spielen</Unicode>
                </TextEquiv>
            </TextLine>
            <TextLine id="r1l5" custom="readingOrder {index:4;}">
                <Coords points="1044,1408 2380,1413 2380,1367 1045,1356"/>
                <Baseline points="1052,1404 1118,1404 1184,1405 1250,1406 1316,1407 1382,1408 1448,1408 1514,1409 1580,1410 1646,1411 1712,1412 1778,1412 1844,1413 1910,1414 1976,1415 2042,1415 2108,1416 2174,1416 2240,1417 2306,1417 2372,1417"/>
                <TextEquiv>
                    <Unicode>Komödianten vor ihrem Publikum, aber nicht auf einer Bühne,</Unicode>
                </TextEquiv>
            </TextLine>
            <TextLine id="r1l6" custom="readingOrder {index:5;}">
                <Coords points="1057,1470 2378,1475 2378,1431 2271,1420 1057,1418"/>
                <Baseline points="1066,1451 1131,1452 1196,1454 1261,1456 1326,1457 1391,1458 1456,1459 1522,1460 1587,1461 1652,1462 1717,1463 1782,1463 1847,1464 1912,1464 1978,1464 2043,1464 2108,1464 2173,1465 2238,1464 2303,1464 2369,1464"/>
                <TextEquiv>
                    <Unicode>sondern zur Steigerung des Eindrucks der Wirklichkeit mitten</Unicode>
                </TextEquiv>
            </TextLine>
            <TextLine id="r1l7" custom="readingOrder {index:6;}">
                <Coords points="1050,1511 2378,1515 2330,1469 1051,1472"/>
                <Baseline points="1058,1502 1123,1504 1189,1505 1254,1507 1320,1508 1385,1509 1451,1511 1516,1511 1582,1512 1647,1513 1713,1514 1779,1514 1844,1515 1910,1515 1975,1515 2041,1515 2106,1515 2172,1515 2237,1514 2303,1513 2369,1512"/>
                <TextEquiv>
                    <Unicode>unter ihren Zuschauern in einer Kneipe. Sie spielen aber nicht</Unicode>
                </TextEquiv>
            </TextLine>
            <TextLine id="r1l8" custom="readingOrder {index:7;}">
                <Coords points="1047,1561 2304,1579 2384,1520 1048,1511"/>
                <Baseline points="1055,1553 1124,1554 1193,1555 1263,1556 1332,1557 1402,1558 1471,1558 1540,1559 1610,1560 1679,1560 1749,1561 1818,1561 1888,1561 1957,1562 2026,1562 2096,1562 2165,1562 2235,1562 2304,1562 2374,1562"/>
                <TextEquiv>
                    <Unicode>bloß, ihr Spiel wird Wirklichkeit und ein Mord wird nicht nur</Unicode>
                </TextEquiv>
            </TextLine>
            <TextLine id="r1l9" custom="readingOrder {index:8;}">
                <Coords points="1040,1601 2384,1617 2282,1566 1040,1558"/>
                <Baseline points="1049,1605 1115,1605 1181,1605 1247,1604 1314,1604 1380,1605 1446,1605 1513,1605 1579,1606 1645,1606 1712,1607 1778,1608 1844,1608 1910,1609 1977,1610 2043,1610 2109,1611 2176,1611 2242,1612 2308,1612 2375,1612"/>
                <TextEquiv>
                    <Unicode>gemimt, sondern tatsächlich verübt. Soweit war Shakespeare</Unicode>
                </TextEquiv>
            </TextLine>
            <TextLine id="r1l10" custom="readingOrder {index:9;}">
                <Coords points="1043,1646 2383,1665 2363,1613 1044,1616"/>
                <Baseline points="1051,1655 1117,1654 1183,1654 1249,1654 1315,1654 1381,1655 1447,1655 1514,1655 1580,1655 1646,1656 1712,1656 1778,1656 1844,1657 1910,1657 1977,1657 2043,1657 2109,1658 2175,1658 2241,1658 2307,1658 2374,1657"/>
                <TextEquiv>
                    <Unicode>nicht gegangen, wenn er die Bühne auf die Bühne brachte. Tieck</Unicode>
                </TextEquiv>
            </TextLine>
            <TextLine id="r1l11" custom="readingOrder {index:10;}">
                <Coords points="1035,1702 2250,1726 2384,1713 2384,1665 1035,1684"/>
                <Baseline points="1043,1704 1109,1703 1176,1702 1242,1702 1309,1701 1376,1702 1442,1702 1509,1702 1576,1703 1642,1704 1709,1704 1776,1705 1842,1706 1909,1707 1976,1707 2042,1708 2109,1708 2176,1708 2242,1708 2309,1707 2376,1707"/>
                <TextEquiv>
                    <Unicode>und, seine romantischen Genossen hatten nach dem Vorgang des</Unicode>
                </TextEquiv>
            </TextLine>
            <TextLine id="r1l12" custom="readingOrder {index:11;}">
                <Coords points="1049,1750 2276,1776 2380,1745 2280,1709 1050,1713"/>
                <Baseline points="1058,1749 1123,1750 1189,1750 1254,1751 1320,1751 1386,1752 1451,1752 1517,1753 1583,1753 1648,1754 1714,1754 1780,1755 1845,1755 1911,1756 1977,1756 2042,1757 2108,1757 2174,1758 2239,1758 2305,1759 2371,1760"/>
                <TextEquiv>
                    <Unicode>Aristophanes, Shakespeares, des romanischen Dramas tatsäch¬</Unicode>
                </TextEquiv>
            </TextLine>
            <TextLine id="r1l13" custom="readingOrder {index:12;}">
                <Coords points="1050,1798 2378,1813 2320,1765 1051,1761"/>
                <Baseline points="1059,1799 1124,1799 1190,1799 1255,1799 1321,1800 1386,1800 1452,1801 1517,1801 1583,1802 1648,1803 1714,1803 1780,1804 1845,1805 1911,1806 1976,1806 2042,1807 2107,1807 2173,1808 2238,1808 2304,1808 2370,1809"/>
                <TextEquiv>
                    <Unicode>lich fast alle Möglichkeiten ausgeschöpft, die Bühne und den</Unicode>
                </TextEquiv>
            </TextLine>
            <TextLine id="r1l14" custom="readingOrder {index:13;}">
                <Coords points="1038,1858 2381,1858 2296,1812 1039,1815"/>
                <Baseline points="1047,1848 1113,1848 1179,1849 1245,1850 1312,1850 1378,1851 1444,1852 1510,1852 1577,1853 1643,1853 1709,1854 1775,1854 1842,1855 1908,1855 1974,1855 2040,1856 2107,1856 2173,1855 2239,1855 2305,1855 2372,1854"/>
                <TextEquiv>
                    <Unicode>Schauspieler bei geschlossenem und offenem Vorhang, den Zu¬</Unicode>
                </TextEquiv>
            </TextLine>
            <TextLine id="r1l15" custom="readingOrder {index:14;}">
                <Coords points="1045,1911 2219,1922 2376,1911 2377,1873 1046,1861"/>
                <Baseline points="1054,1901 1119,1900 1185,1900 1251,1899 1316,1899 1382,1900 1448,1900 1513,1900 1579,1901 1645,1902 1711,1903 1776,1903 1842,1904 1908,1905 1973,1905 2039,1906 2105,1906 2170,1906 2236,1906 2302,1906 2368,1905"/>
                <TextEquiv>
                    <Unicode>schauer, aber auch den Dichter, ja den Bühnenmaschinisten in</Unicode>
                </TextEquiv>
            </TextLine>
            <TextLine id="r1l16" custom="readingOrder {index:15;}">
                <Coords points="1038,1954 2374,1958 2374,1919 2299,1909 1038,1912"/>
                <Baseline points="1046,1946 1112,1946 1178,1946 1244,1946 1310,1947 1376,1947 1442,1948 1508,1948 1574,1949 1640,1949 1706,1950 1772,1951 1838,1951 1904,1952 1970,1953 2036,1953 2102,1954 2168,1954 2234,1954 2300,1954 2366,1954"/>
                <TextEquiv>
                    <Unicode>tollem Wirbel und in dauerndem Wechsel von Bühnentäuschung</Unicode>
                </TextEquiv>
            </TextLine>
            <TextLine id="r1l17" custom="readingOrder {index:16;}">
                <Coords points="1044,1995 2271,2020 2385,2014 2386,1971 1045,1963"/>
                <Baseline points="1053,1997 1119,1996 1185,1996 1251,1996 1317,1997 1384,1997 1450,1997 1516,1998 1582,1998 1648,1999 1715,2000 1781,2000 1847,2001 1913,2002 1979,2002 2046,2003 2112,2003 2178,2003 2244,2003 2310,2003 2377,2002"/>
                <TextEquiv>
                    <Unicode>und Gefühl der prosaischen Wirklichkeit vorzuführen. Schnitzlers</Unicode>
                </TextEquiv>
            </TextLine>
            <TextLine id="r1l18" custom="readingOrder {index:17;}">
                <Coords points="1047,2046 2367,2058 2355,2010 1048,2006"/>
                <Baseline points="1055,2049 1120,2048 1185,2048 1250,2047 1315,2047 1381,2047 1446,2048 1511,2048 1576,2048 1641,2049 1707,2049 1772,2050 1837,2050 1902,2051 1967,2051 2033,2052 2098,2052 2163,2052 2228,2052 2293,2051 2359,2051"/>
                <TextEquiv>
                    <Unicode>Burleske „Zum großen Wurstel“, ist eine Studie nach roman¬</Unicode>
                </TextEquiv>
            </TextLine>
            <TextLine id="r1l19" custom="readingOrder {index:18;}">
                <Coords points="1045,2091 2372,2095 2285,2054 1045,2061"/>
                <Baseline points="1053,2096 1118,2095 1184,2094 1249,2093 1315,2093 1380,2094 1446,2094 1511,2095 1577,2095 1642,2096 1708,2097 1774,2098 1839,2099 1905,2099 1970,2100 2036,2100 2101,2100 2167,2100 2232,2099 2298,2098 2364,2097"/>
                <TextEquiv>
                    <Unicode>tischen Mustern, die das romantische Urbild solcher Scherze, Tiecks</Unicode>
                </TextEquiv>
            </TextLine>
            <TextLine id="r1l20" custom="readingOrder {index:19;}">
                <Coords points="1040,2149 2368,2152 2368,2109 1041,2109"/>
                <Baseline points="1048,2145 1113,2144 1179,2143 1244,2143 1310,2143 1375,2143 1441,2143 1506,2144 1572,2145 1637,2146 1703,2147 1769,2148 1834,2149 1900,2150 1965,2151 2031,2153 2096,2153 2162,2154 2227,2155 2293,2155 2359,2155"/>
                <TextEquiv>
                    <Unicode>„Gestiefelten Kater“, noch durch diesen oder jenen Griff überholt.</Unicode>
                </TextEquiv>
            </TextLine>
            <TextLine id="r1l21" custom="readingOrder {index:20;}">
                <Coords points="1041,2198 2278,2215 2372,2205 2373,2170 1042,2161"/>
                <Baseline points="1049,2189 1114,2189 1180,2190 1246,2191 1311,2192 1377,2193 1443,2194 1508,2195 1574,2195 1640,2196 1706,2197 1771,2198 1837,2199 1903,2200 1968,2201 2034,2202 2100,2202 2165,2203 2231,2204 2297,2204 2363,2205"/>
                <TextEquiv>
                    <Unicode>Wieder bietet Wien, und zwar der Wiener Prater, brauchbalen</Unicode>
                </TextEquiv>
            </TextLine>
            <TextLine id="r1l22" custom="readingOrder {index:21;}">
                <Coords points="1032,2247 2380,2246 2333,2207 1032,2215"/>
                <Baseline points="1041,2238 1107,2239 1174,2240 1240,2241 1307,2242 1373,2243 1440,2244 1506,2244 1573,2245 1639,2246 1706,2247 1772,2247 1839,2248 1905,2249 1972,2249 2038,2249 2105,2250 2171,2250 2238,2250 2304,2249 2371,2249"/>
                <TextEquiv>
                    <Unicode>Stoff. An gleicher Stelle hatte einst Tieck Züge seines eigenen</Unicode>
                </TextEquiv>
            </TextLine>
            <TextLine id="r1l23" custom="readingOrder {index:22;}">
                <Coords points="1045,2290 2325,2314 2375,2306 2376,2259 1045,2255"/>
                <Baseline points="1053,2285 1118,2286 1184,2287 1250,2288 1315,2289 1381,2290 1447,2291 1512,2292 1578,2293 1644,2293 1710,2294 1775,2295 1841,2296 1907,2296 1972,2297 2038,2298 2104,2298 2169,2299 2235,2299 2301,2300 2367,2300"/>
                <TextEquiv>
                    <Unicode>Schaffens wiedergefunden in dem Spiel des Wiener Wurstels.</Unicode>
                </TextEquiv>
            </TextLine>
            <TextLine id="r1l24" custom="readingOrder {index:23;}">
                <Coords points="1135,2349 2369,2351 2369,2312 2294,2304 1135,2304"/>
                <Baseline points="1144,2337 1204,2338 1265,2338 1326,2339 1387,2340 1448,2340 1509,2341 1569,2342 1630,2343 1691,2343 1752,2344 1813,2345 1874,2346 1935,2346 1995,2347 2056,2347 2117,2348 2178,2348 2239,2349 2300,2349 2361,2349"/>
                <TextEquiv>
                    <Unicode>Romantische Ironie, Spiel mit der Wirklichkeit, Schweben</Unicode>
                </TextEquiv>
            </TextLine>
            <TextLine id="r1l25" custom="readingOrder {index:24;}">
                <Coords points="1038,2404 2374,2405 2287,2352 1039,2348"/>
                <Baseline points="1046,2387 1115,2387 1184,2387 1254,2387 1323,2387 1393,2388 1462,2389 1531,2389 1601,2390 1670,2391 1740,2392 1809,2393 1879,2394 1948,2394 2017,2395 2087,2396 2156,2396 2226,2397 2295,2397 2365,2397"/>
                <TextEquiv>
                    <Unicode>und Gaukeln über den Dingen, bewußtes Verzichten auf ein sitt¬</Unicode>
                </TextEquiv>
            </TextLine>
            <TextLine id="r1l26" custom="readingOrder {index:25;}">
                <Coords points="1035,2436 1893,2464 2378,2431 2378,2399 1035,2398"/>
                <Baseline points="1043,2438 1109,2438 1175,2437 1241,2437 1308,2437 1374,2437 1440,2438 1507,2438 1573,2439 1639,2440 1706,2441 1772,2442 1838,2442 1904,2443 1971,2444 2037,2445 2103,2445 2170,2446 2236,2446 2302,2446 2369,2446"/>
                <TextEquiv>
                    <Unicode>lich wertendes Wort: all das ist der allerjüngsten deutschen Dich¬</Unicode>
                </TextEquiv>
            </TextLine>
            <TextLine id="r1l27" custom="readingOrder {index:26;}">
                <Coords points="1044,2505 2318,2512 2377,2472 1044,2450"/>
                <Baseline points="1053,2489 1118,2488 1184,2487 1250,2487 1316,2487 1382,2487 1447,2487 1513,2488 1579,2489 1645,2489 1711,2490 1776,2491 1842,2492 1908,2493 1974,2493 2040,2494 2105,2494 2171,2494 2237,2494 2303,2494 2369,2493"/>
                <TextEquiv>
                    <Unicode>tung fremd geworden. Sie sucht ein grundverschiedenes Verhält¬</Unicode>
                </TextEquiv>
            </TextLine>
            <TextLine id="r1l28" custom="readingOrder {index:27;}">
                <Coords points="1045,2543 2379,2555 2379,2510 2243,2500 1045,2504"/>
                <Baseline points="1053,2537 1118,2537 1184,2537 1250,2537 1316,2537 1382,2537 1448,2538 1514,2538 1580,2539 1646,2540 1712,2541 1777,2541 1843,2542 1909,2542 1975,2543 2041,2543 2107,2543 2173,2544 2239,2543 2305,2543 2371,2543"/>
                <TextEquiv>
                    <Unicode>nis zur Welt. So enthüllt sich die gesamte Leistung Schnitzlers</Unicode>
                </TextEquiv>
            </TextLine>
            <TextLine id="r1l29" custom="readingOrder {index:28;}">
                <Coords points="1042,2600 2377,2587 2355,2554 1043,2541"/>
                <Baseline points="1051,2587 1116,2587 1182,2587 1248,2586 1314,2587 1380,2587 1446,2587 1512,2588 1578,2588 1644,2589 1710,2590 1775,2590 1841,2591 1907,2591 1973,2592 2039,2592 2105,2592 2171,2592 2237,2591 2303,2590 2369,2589"/>
                <TextEquiv>
                    <Unicode>heute als der Inbegriff der Wünsche die einer romantisch gewen¬</Unicode>
                </TextEquiv>
            </TextLine>
            <TextLine id="r1l30" custom="readingOrder {index:29;}">
                <Coords points="1035,2635 2368,2646 2368,2607 2271,2598 1035,2600"/>
                <Baseline points="1043,2634 1108,2633 1174,2633 1240,2634 1306,2634 1372,2634 1438,2635 1503,2636 1569,2636 1635,2637 1701,2637 1767,2638 1833,2639 1899,2639 1964,2640 2030,2640 2096,2640 2162,2641 2228,2640 2294,2640 2360,2639"/>
                <TextEquiv>
                    <Unicode>deten Eindruckskunst eigneten, der Kunst, die um 1900 durch un¬</Unicode>
                </TextEquiv>
            </TextLine>
            <TextLine id="r1l31" custom="readingOrder {index:30;}">
                <Coords points="1041,2689 2364,2693 2324,2649 1042,2648"/>
                <Baseline points="1049,2684 1114,2684 1179,2683 1244,2683 1310,2683 1375,2683 1440,2684 1506,2684 1571,2685 1636,2686 1702,2686 1767,2687 1832,2688 1897,2688 1963,2689 2028,2690 2093,2690 2159,2691 2224,2691 2289,2692 2355,2692"/>
                <TextEquiv>
                    <Unicode>gefähr zwei Jahrzehnte herrschte. Mir indes erschiene es als</Unicode>
                </TextEquiv>
            </TextLine>
            <TextLine id="r1l32" custom="readingOrder {index:31;}">
                <Coords points="1043,2734 2372,2745 2347,2699 2012,2687 1043,2702"/>
                <Baseline points="1052,2735 1117,2734 1183,2733 1248,2733 1314,2733 1379,2732 1445,2733 1510,2733 1576,2733 1641,2734 1707,2734 1773,2735 1838,2735 1904,2736 1969,2737 2035,2738 2100,2739 2166,2739 2231,2740 2297,2741 2363,2742"/>
                <TextEquiv>
                    <Unicode>schwerer Irrtum, diese Kunst ohne weiteres für völlig überwunden</Unicode>
                </TextEquiv>
            </TextLine>
            <TextLine id="r1l33" custom="readingOrder {index:32;}">
                <Coords points="1029,2796 2120,2808 2340,2800 2369,2759 1029,2761"/>
                <Baseline points="1038,2783 1104,2782 1170,2782 1236,2782 1302,2782 1368,2782 1434,2783 1500,2783 1566,2784 1632,2785 1699,2786 1765,2787 1831,2788 1897,2789 1963,2790 2029,2791 2095,2791 2161,2792 2227,2792 2293,2791 2360,2791"/>
                <TextEquiv>
                    <Unicode>zu erklären. Sie ist zu stark und zu reich, als daß sie durch die</Unicode>
                </TextEquiv>
            </TextLine>
            <TextLine id="r1l34" custom="readingOrder {index:33;}">
                <Coords points="1028,2830 2374,2840 2347,2794 1028,2797"/>
                <Baseline points="1036,2832 1102,2832 1169,2832 1235,2832 1302,2832 1368,2832 1435,2833 1501,2834 1568,2835 1634,2835 1701,2836 1767,2837 1834,2838 1900,2839 1967,2839 2033,2839 2100,2840 2166,2839 2233,2839 2299,2838 2366,2837"/>
                <TextEquiv>
                    <Unicode>verheißungsvollsten Ansätze einer gegensätzlichen Kunst ganz in</Unicode>
                </TextEquiv>
            </TextLine>
            <TextLine id="r1l35" custom="readingOrder {index:34;}">
                <Coords points="1039,2877 2378,2886 2239,2845 1039,2832"/>
                <Baseline points="1048,2879 1114,2879 1180,2880 1246,2880 1312,2880 1378,2881 1444,2881 1510,2882 1576,2883 1642,2883 1708,2884 1774,2885 1840,2886 1906,2886 1972,2887 2038,2887 2104,2888 2170,2888 2236,2888 2302,2888 2369,2888"/>
                <TextEquiv>
                    <Unicode>den Schatten gestellt würde. Es hieße sich ärmer machen, als man</Unicode>
                </TextEquiv>
            </TextLine>
            <TextLine id="r1l36" custom="readingOrder {index:35;}">
                <Coords points="1029,2926 2367,2940 2367,2892 1029,2897"/>
                <Baseline points="1037,2929 1103,2929 1169,2929 1235,2929 1301,2929 1367,2930 1433,2930 1499,2931 1565,2931 1631,2932 1697,2933 1763,2933 1829,2934 1895,2934 1961,2935 2027,2935 2093,2935 2159,2935 2225,2935 2291,2934 2358,2933"/>
                <TextEquiv>
                    <Unicode>ist, wenn alles, was vor kurzem noch voller und ungebrochener</Unicode>
                </TextEquiv>
            </TextLine>
            <TextLine id="r1l37" custom="readingOrder {index:36;}">
                <Coords points="1037,2983 2373,2973 2299,2939 1037,2941"/>
                <Baseline points="1046,2977 1115,2977 1184,2977 1254,2977 1323,2978 1393,2978 1462,2978 1531,2978 1601,2979 1670,2979 1740,2979 1809,2979 1879,2980 1948,2980 2017,2981 2087,2981 2156,2982 2226,2983 2295,2984 2365,2984"/>
                <TextEquiv>
                    <Unicode>Ausdruck des Zeitgefühls war, bloß deshalb unserem Bewußtsein</Unicode>
                </TextEquiv>
            </TextLine>
            <TextLine id="r1l38" custom="readingOrder {index:37;}">
                <Coords points="1038,3030 2376,3052 2376,3012 2304,2992 1039,2990"/>
                <Baseline points="1047,3020 1113,3022 1179,3024 1245,3025 1311,3026 1377,3028 1443,3029 1509,3030 1575,3031 1641,3031 1707,3032 1773,3032 1839,3033 1905,3033 1971,3034 2037,3034 2103,3034 2169,3034 2235,3035 2301,3035 2368,3035"/>
                <TextEquiv>
                    <Unicode>entschwinden sollte, weil ein neues Zeitgefühl sich ankündigt.</Unicode>
                </TextEquiv>
            </TextLine>
            <TextLine id="r1l39" custom="readingOrder {index:38;}">
                <Coords points="1027,3077 1533,3112 2249,3106 2385,3067 1027,3035"/>
                <Baseline points="1036,3068 1103,3070 1170,3071 1237,3073 1304,3074 1371,3075 1438,3077 1505,3078 1572,3079 1639,3080 1706,3081 1773,3081 1840,3082 1907,3082 1974,3082 2041,3082 2108,3082 2175,3081 2242,3081 2309,3080 2376,3079"/>
                <TextEquiv>
                    <Unicode>Nur wer der Mode nachläuft, kann gegen das Echte von gestern</Unicode>
                </TextEquiv>
            </TextLine>
            <TextLine id="r1l40" custom="readingOrder {index:39;}">
                <Coords points="1037,3130 1099,3138 1115,3123 1228,3143 1275,3131 1301,3144 1322,3135 1355,3155 1407,3133 1439,3138 1439,3108 1367,3082 1330,3095 1244,3077 1098,3093 1036,3078"/>
                <Baseline points="1045,3129 1070,3128 1096,3128 1122,3127 1147,3127 1173,3126 1199,3126 1225,3126 1250,3126 1276,3126 1302,3126 1328,3126 1353,3126 1379,3126 1405,3127 1431,3127"/>
                <TextEquiv>
                    <Unicode>so undankbar sein.</Unicode>
                </TextEquiv>
            </TextLine>
            <TextLine id="r1l41" custom="readingOrder {index:40;}">
                <Coords points="1041,3683 1051,3683 1070,3669 1079,3676 1083,3672 1090,3674 1098,3668 1103,3672 1113,3670 1116,3600 1099,3596 1077,3605 1069,3601 1062,3608 1043,3609"/>
                <Baseline points="1050,3654 1078,3654 1106,3656"/>
                <TextEquiv>
                    <Unicode>220</Unicode>
                </TextEquiv>
            </TextLine>
            <TextEquiv>
                <Unicode>hlet
box 36/6
Pannl offorints
der Eindrücke auf die Bühne. Im „Grünen Kakadu“ spielen
Komödianten vor ihrem Publikum, aber nicht auf einer Bühne,
sondern zur Steigerung des Eindrucks der Wirklichkeit mitten
unter ihren Zuschauern in einer Kneipe. Sie spielen aber nicht
bloß, ihr Spiel wird Wirklichkeit und ein Mord wird nicht nur
gemimt, sondern tatsächlich verübt. Soweit war Shakespeare
nicht gegangen, wenn er die Bühne auf die Bühne brachte. Tieck
und, seine romantischen Genossen hatten nach dem Vorgang des
Aristophanes, Shakespeares, des romanischen Dramas tatsäch¬
lich fast alle Möglichkeiten ausgeschöpft, die Bühne und den
Schauspieler bei geschlossenem und offenem Vorhang, den Zu¬
schauer, aber auch den Dichter, ja den Bühnenmaschinisten in
tollem Wirbel und in dauerndem Wechsel von Bühnentäuschung
und Gefühl der prosaischen Wirklichkeit vorzuführen. Schnitzlers
Burleske „Zum großen Wurstel“, ist eine Studie nach roman¬
tischen Mustern, die das romantische Urbild solcher Scherze, Tiecks
„Gestiefelten Kater“, noch durch diesen oder jenen Griff überholt.
Wieder bietet Wien, und zwar der Wiener Prater, brauchbalen
Stoff. An gleicher Stelle hatte einst Tieck Züge seines eigenen
Schaffens wiedergefunden in dem Spiel des Wiener Wurstels.
Romantische Ironie, Spiel mit der Wirklichkeit, Schweben
und Gaukeln über den Dingen, bewußtes Verzichten auf ein sitt¬
lich wertendes Wort: all das ist der allerjüngsten deutschen Dich¬
tung fremd geworden. Sie sucht ein grundverschiedenes Verhält¬
nis zur Welt. So enthüllt sich die gesamte Leistung Schnitzlers
heute als der Inbegriff der Wünsche die einer romantisch gewen¬
deten Eindruckskunst eigneten, der Kunst, die um 1900 durch un¬
gefähr zwei Jahrzehnte herrschte. Mir indes erschiene es als
schwerer Irrtum, diese Kunst ohne weiteres für völlig überwunden
zu erklären. Sie ist zu stark und zu reich, als daß sie durch die
verheißungsvollsten Ansätze einer gegensätzlichen Kunst ganz in
den Schatten gestellt würde. Es hieße sich ärmer machen, als man
ist, wenn alles, was vor kurzem noch voller und ungebrochener
Ausdruck des Zeitgefühls war, bloß deshalb unserem Bewußtsein
entschwinden sollte, weil ein neues Zeitgefühl sich ankündigt.
Nur wer der Mode nachläuft, kann gegen das Echte von gestern
so undankbar sein.
220</Unicode>
            </TextEquiv>
        </TextRegion>
    </Page>
</PcGts>
