3392 4320
1488 298 1964 387 box 36/6
282 304 1332 402 Panphlets Offorints
875 1112 2203 1202 sei's künstlerischer, sei's menschlicher Art, steht bei ihm stets im
873 1194 2197 1245 Hintergrund. Noch wenn er sich selbst wiederholt, will er nicht
864 1247 2209 1295 einen Erfolg ausbeuten, den er errungen hat. Er gilt mit Recht
871 1294 2199 1344 für einen der Dichter, die das „süße Mädel“ entdeckten und mehr¬
883 1337 2203 1393 fach verwerteten. Doch über den Typus des süßen Mädels, der
872 1396 2203 1448 seine stehenden Worte, Gebärden, Wünsche hat, macht er sich selber
871 1438 2221 1500 lustig. Schon seine Novelle „Sterben“ und sein Schauspiel
874 1490 2204 1548 „Liebelei“, Dichtungen seiner Frühzeit, leihen dem süßen Mädel
872 1545 2204 1597 seelische Erlebnisse von eigenem Ton und legen ungewöhnliche
874 1590 2210 1650 Vorgänge weiblichen Gefühlslebens dar wie seine neueren
875 1636 2215 1695 reiferen, psochologisch (man könnte auch sagen: psychiatrisch) ver¬
867 1685 1602 1749 tieften Erzählungen von Frauen.
960 1729 2202 1792 Den scharfen Beobachter bewähren nicht bloß seine Frauen¬
878 1778 2208 1840 gestalten. Seine Menschen sind gesehen mit dem Auge des Arztes,
874 1838 2204 1890 dem der Zusammenhang körperlicher Zustände und seelischer Vor¬
871 1884 2200 1934 gänge sich leichter eröffnet. Schon konnte ein Vertreter neuer
866 1926 2211 1969 Psychoanalyse und Schüler Sigmund Freuds in einem umfäng¬
874 1975 2209 2024 lichen Buch die Menschen Schnitzlers und ihr Erleben wie eine
876 2023 2216 2085 Bestätigung jüngster wissenschaftlicher Seelenerforschung hin¬
870 2080 1076 2144 nehmen.
973 2127 2203 2186 Fraglich mag bleiben, ob überhaupt die Fähigkeit, Menschen
869 2172 2211 2228 nach den Gesetzen der Psychoanalyse erleben zu lassen, für die
875 2220 2218 2272 künstlerische Kraft eines Dichters spricht. In dem Zeitalter, das
880 2277 2203 2331 Schnitzler auftreten und sich weiterentwickeln sah, war eine Be¬
873 2319 2206 2367 obachtergabe wie seine entschieden ein künstlerischer Vorzug. Die
868 2373 2215 2433 Eindruckskunst, die heute von der Ausdruckskunst abgelöst werden
871 2430 2209 2487 soll, wurzelt in dem Bedürfnis des Künstlers, die Umwelt zu be¬
879 2479 2042 2532 schauen und ihr Abbild im Kunstwerk erstehen zu lassen.
960 2525 2218 2577 Als Schnitzler anfing, begann der Naturalismus, der ja
878 2564 2205 2624 gleichfalls auf Beobachtung sich gründet, einer vielfach anders ge¬
877 2624 2217 2676 arteten Eindruckskunst Raum zu machen. Schnitzler hatte schon
878 2668 2210 2728 in seinen Erstlingen nur noch wenig vom Naturalismus Zolas
879 2731 2224 2772 an sich. Er bahnte sogar als einer der ersten den Weg einer Ein¬
882 2764 2212 2831 druckskunst, die tiefer als Zola in die Seele des Menschen hinab¬
877 2819 2207 2872 steigt und minder eifrig als Zola zu den Dingen Stellung nimmt.
875 2860 2205 2921 Zola war ein Kämpfer, Schnitzler betrachtet kühlen Herzens das
877 2907 2218 2963 Spiel der Seele. Die jähe Glut, die aus Zolas Menschen schlägt,
881 2967 2211 3023 ist bei Schnitzler nicht zu verspüren. Sie ließe ja kaum zu, den
869 3005 2211 3060 Augenblick, in dem gegensätzliche Stimmungen in der Seele auf¬
871 3059 2210 3122 einandertreffen, so rein und so sicher zu spiegeln, wie Schnitzler
882 3110 2210 3161 das vermag. Reben Schnitzler hat Zola etwas Theatralisches,
877 3156 2220 3203 hat er verfestigte Gebärden. Das Lockere und Gaukelnde des
869 3220 2211 3270 Spiels und Widerspiels der Gefühle und Wünsche kann Schnitz¬
875 3251 2213 3316 ler unvergleichlich festhalten. Die Widersprüche, die im Menschen
877 3307 2206 3360 stecken, das Hin und Her seiner inneren Vorgänge, das scheinbar
876 3353 2214 3429 Unbegreifliche seiner Entschlüsse: all das enthüllt sich unter
2073 3435 2204 3499 217
