3392 4320
1452 323 1914 411 box 36/6
243 327 1306 419 PamphletsOfforints
993 1285 2046 1419 Der Zwinger
825 1409 2176 1524 Dresdner Zeitschrift für Theater und Kunst
833 1545 1850 1622 2. Jahrg. Dresden, den 1. Juni 1918
1968 1555 2171 1628 Heft 6
1930 1597 2174 1671 —
834 1663 2175 1737 Inhalt: Oskar Walzel, Arthur Schnitzler — Margarete
937 1720 2165 1788 Sachse, Der Reiter im Bamberger Dom — Hans Lebede,
933 1767 2166 1831 Von Richard Wagners Arbeitsweise und seinem Verhältnis zu
931 1815 2164 1887 seinen Stoffen Rudolf Holzer, Girardi — Otto Schmid,
934 1868 2177 1922 Luigi Bassi — Hans Fredersdorff, Begeisterungen — Mein
918 1918 2168 1962 erstes Auftreten: 14. Theodor Becker, 15. Alfred Meyer,
930 1963 1600 2033 16. Dr. Waldemar Staegemann
818 2115 1288 2222 Oskar Walzel
974 2236 1536 2344 Arthur Schnitzler
922 2361 2158 2427 Wohlwollende mahnen mich immer wieder, daß ich Her¬
818 2435 2160 2490 mann Bahr und Arthur Schnitzler überschätze. Sie meinen wohl,
816 2478 2155 2538 alte Wiener Kameradschaft verdecke mir die Schwächen zweier
832 2520 1466 2587 gleichaltriger Jugendgenossen.
916 2578 2162 2618 Ich gebe zu, daß sich mir mit den beiden Namen eine Menge
821 2634 2153 2693 von Jugenderinnerung verknüpft, die allmählich verklärt wird,
826 2682 2157 2741 wie alles, was unwiderbringlich in der Vergangenheit liegt. Nur
813 2728 2148 2770 glaube keiner, daß mich enge freundschaftliche Verbindung früh be¬
822 2770 2161 2821 stochen habe. Gerade weil ich die Anfänge Bahrs und Schnitzlers
826 2821 2150 2877 aus der Nähe betrachten konnte, nahm ich sie zweifelsfroher hin
811 2883 2150 2938 und mit stärkerer Reigung, mich nicht blenden zu lassen, als wenn
819 2923 2154 2975 ich sie sofort aus verschönernder Ferne erblickt hätte. Es ist wohl
817 2965 2157 3013 nicht bloß Eigenheit des Wieners, dem Nachbar scharf auf die
822 3023 2147 3073 Finger zu gucken und seinen Worten noch mehr Bedenken ent¬
813 3073 2148 3138 gegenzusetzen als den Aeußerungen einer Persönlichkeit, die
812 3115 1956 3178 anderswo sich Anerkennung und Ansehen erworben hat.
912 3167 2153 3233 Wer die geistige und künstlerische Entwicklung des jüngsten
815 3205 2141 3281 Menschenalters ergründen will und dabei auf Hermann Bahrs
816 3255 2153 3325 Fingerzeige verzichtet, scheint mir recht schlecht beraten zu sein.
818 3310 2146 3368 Denn kaum dürfte ein zweiter diese Entwicklung gleich lebhaft in
807 3363 2138 3431 sich miterlebt haben und ihres Sinnes sich so früh bewußt ge¬
797 3403 2161 3467 worden sein wie Bahr. Sehr ernste und sehr strenge norddeutsche
