3392 4384
1305 300 1367 359 U
1055 296 1177 360 ede
214 297 1510 395 27. Eink und
518 1112 1482 1220 Zeitung: Berliner Volkszeitung
522 1242 1010 1336 Adresse: Berlin
1155 1296 1367 1387 Aber
527 1356 743 1440 Datum:
802 1455 1303 1561 Lessingtheater.
609 1553 1607 1640 „Fink und Fliederbusch“ von Arthur Schnitzler.
494 1605 1656 1677 Fliederbusch, der begabte Jüngling, schreibt im demokratischen Blatt
429 1651 1657 1715 Artikel; er schreibt sie auch im reaktionären, aber unter dem Namen
442 1704 1643 1759 Fin. Während Freytags Schmock mal so, mal so schkeiben kann,
436 1753 1641 1806 it es dem Schnitzlerschen Jüngling gegeben, immer anders zu können.
439 1796 1643 1847 Dies ist eins von seinen Talenten. Er hat noch andere. Und er
439 1833 1649 1891 wird, das weiß man schon am Anfang, Karriere machen. Der erste
436 1874 1653 1918 Akt spielt in der demokratischen Redaktion und schließt mit der Ver¬
443 1920 1656 1971 lesung eines geharnischten Artikels, in dem Fliederbusch dem Fink,
446 1969 1657 2025 der im reaktionären Organ Staatsautorität über Volksrecht gestellt
437 2005 1086 2067 hat, gehörig seine Meinung sagt.
491 2053 1653 2109 Im zweiten Akt sieht man dann, daß Fink und Fliederbusch eine
437 2097 1652 2144 Person sind. Man fühlt sich bei den Eleganten von Fliederbuschs
433 2135 1652 2193 Artikel gegen Fink sehr getroffen, und statt einer Entgegnung, wer¬
446 2179 1654 2230 den schärfere Mittel sichtbar. Fink wird klargemacht, daß er sich mit
437 2227 1656 2265 Fliederbusch duellieren muß. Warum nicht? Dieser Zweikampf kann
438 2270 1658 2317 doch nur ein Einkampf sein. Links soll gegen Rechts kämpfen, oder
432 2310 1653 2368 umgekehrt. Fliederbusch hat noch nie eine Pistole in der Hand gehabt,
444 2354 1655 2391 nimmt aber die schwersten Bedingungen an. Wäre die Logik unerbitt¬
443 2392 1656 2440 lich, dann müßte er sich selbst erschießen. Denn einer ist sicherlich
439 2444 1650 2497 zu viel auf der Welt: Fink oder Fliederbusch? Wer, das wird man
431 2486 1259 2544 im letzten Akt ohne Ueberraschung erfahren.
498 2524 1665 2585 Letzter Akt: Duell im Wiener Prater. Die in Fliederbusch nur
432 2579 1657 2624 Fink sehen, und er selbst sind zur Stelle. Dann kommen die an¬
438 2613 1656 2667 deren Sekundanten und sagen zu Fink: „Guten Morgen, Herr
437 2651 1658 2700 Fliederbusch!“ Die Gegenseite protestiert. Bis Fink und Flieder¬
446 2695 1658 2745 busch sich in ein= und derselben Eigenschaft vorstellt. Nun müßte er
440 2738 1662 2783 ausgestrichen sein, für beide Teile. Allein, es kommt zu einer tollen
446 2780 1658 2825 Anktion: die linke Seite kämpft bis 1200 Kronen mit der rechten.
446 2822 1658 2870 Schließlich kriegt ihn doch die konservativ=vornehme Gruppe, nicht
434 2871 1663 2911 ohne seine Ueberzeugung akzeptiert zu haben, die etwa so lautet:
436 2903 1661 2954 „Mir ist meine Gesinnung nicht feil. Ich muß mir das Recht vor¬
443 2944 1660 2997 behalten, jeden Tag zu denken und zu schreiben, was ich will! Auf
447 2980 1661 3040 eine Ueberzeugung kann ich mich nicht festlegen! . ..“ Ein Ueber¬
436 3021 1653 3093 zeugungstreuer fragt freilich, ob damit die Sache erledigt wäre; ihm
445 3079 1662 3137 antwortet Fliederbusch, daß er nicht auf die Welt gekommen ist, um
433 3117 1227 3164 etwas zu erledigen. Dazu sind andere da.
496 3142 1665 3196 Diese „Anderen“ sind diesmal die Ausflucht des Dichters Arthur
444 3201 1657 3246 Schnitzler. Denn hier wäre schon etwas zu erledigen, eine Idee, die
446 3230 1662 3288 phantastischen Spielraum läßt, aus dem Karikaturenbezirk in höhere
445 3287 1660 3341 Sphären zu rücken gewesen. Es ist ja kein Zufall, daß seit Freytag
436 3321 1652 3369 kein ernsthafteres Journalistenstück der deutschen Bühne gegeben
444 3360 1662 3415 wurde. Jeder, der den Gegenstand betrachtet, mag, wie Schnitzler
439 3384 1685 3468 wohl auch, die Empfindung haben, daß der Kampf gegen sich selbst,
1663 286 2118 380 box 33/3
1650 1428 2897 1505 der hier parodistisch von Fink gegen Fliederbusch ausgefochten wird,
1669 1497 2881 1542 eher einen Tragödienstoff gibt. Bei Schnitzler ist es eine Komödie!
1669 1514 2880 1589 geworden — aber leider eine Komödie der Worte. Die Menschen
1667 1560 2885 1629 oberflächeln sich durch drei Akte, sind so geistreich, wie man es vom
1662 1610 2883 1668 Milieu und vom Dichter fordern darf, aber jede tiefere Regung geht
1678 1657 2877 1708 unter im Redelärm um ein Etwas, das einem Nichts sehr ähnlich
1674 1703 2884 1758 sieht. Das Stück hätte früher für Schnitzler dort begonnen, wo es
1665 1739 2888 1802 heute endigt: bei Fliederbuschens heiterem Geständnis, daß er sich
1674 1779 2889 1836 auf keine bestimmte Ueberzeugung festlegen lasse, weil er morgen
1661 1814 2889 1880 vielleicht eine andere, gegenteilige besitzen wird. Es ist seit langem
1667 1875 2888 1924 bei Arthur Schnitzler immer wieder ein anderer Paracelsus, der da
1677 1914 2884 1971 sagt: „Wir spielen immer, wer es weiß, ist klug.“ Zu viel resignie¬
1667 1949 2882 2002 render Verstand, der uns diesmal im Komödienkleid geboten wird!
1714 1985 2886 2062 Viktor Barnowskys Regie hat die Gefahren des Spiels um
1676 2037 2886 2093 einen ernsthafteren Gegenstand erkannt und Nachdenklichkeiten durch
1674 2068 2891 2132 scharfe Komödienlinien verwischt. Um die Hauptfigur stellt er eine
1670 2109 2890 2173 Reihe famoser Typen — allerfeinste Kleinarbeit, die alles Lob verdient.
1666 2168 2895 2212 Die Hauptfigur ist Albert Bassermann, Fink und Fliederbusch
1676 2202 2888 2269 im schnellen Wechsel und lächelnder Sieger am Ende. Schnitzler läßt
1681 2237 2883 2296 den Jüngling aus dem Wiener Ghetto kommen, aus der Grenadier¬
1677 2270 2889 2348 straße etwa. Von dorther kommt Bassermanns Fliederbusch nicht
1680 2331 2881 2384 und hat nichts vom heißhungrigen Emporkömmling, vom Kind armer
1670 2373 2895 2426 Eltern. Er spielt die Figur etwas ins absichtsvoll=dümmliche, um dann
1672 2425 2879 2469 das pfiffig=überlegene stärker sehen lassen zu können. War er nicht
1678 2456 2885 2518 von Schnitzler, so war er doch, wenn auch mit einer störenden Fülle
1681 2512 2880 2551 von „Nuancen“, der gelungene Kerl, der so sympathischer
1686 2540 2892 2590 erscheint als er ist. Vielleicht hat Bassermann einen kleinen
1680 2581 2879 2634 Theaterskandal besiegt, dessen Zeichen hörbar wurden. Neben dieser
1675 2626 2887 2682 Figur stand als vortreffliche Zeichnung der Redakteur Füllmann
1682 2680 2889 2728 von Adolf Edgar Licho. An überdeutlichen Namen hat Schnitzler
1672 2708 2886 2764 diesmal nicht gespart: ein Chefredakteur, der Leuchter heißt, wird
1676 2758 2887 2803 von Karl Wallauer prächtig hingestellt, die nachlässige Gegen¬
1682 2789 2884 2855 seite, Satan, gibt Max Landa mit wienerischer Gutmütigkeit. Eine
1678 2833 2894 2899 erfüllte, unrastige Reporterseele lätzt Kurt Götz in allen Reizen
1685 2876 2890 2943 sehen, Emil Lind ist als Abendstern von einer milde leuchtenden
1681 2921 2896 2975 Komik. Ferdinand Bonn hat als Graf Niederhof und unter Bar¬
1679 2974 2895 3023 nowskys Regie die notwendige sympathische Zurückhaltung, und aus
1672 3002 2891 3051 dem Kreis der beiden seltsamen Redaktionen treten wirksam noch
1688 3049 2893 3105 hervor Hans Felix und Heinrich Schroth. In dieser
1673 3110 2882 3146 Komödie, ein Männerstück wie „Professor Bernhardi“
1678 3114 2888 3194 gibt es eine Frauengestalt, die von Ilka Grüning so echt gegeben
1677 3159 2890 3244 wird, als hatte sie seit Jahren in der Nähe der hier konterfeiten
1685 3218 2327 3281 Wiener Wohltätigkeitsfürstin gelebt.
1719 3273 2881 3322 Der Beifall blieb schon nach den beiden ersten Akten nicht ohne
1674 3310 2891 3362 Widerspruch; am Ende lieferten sich die beiden Parteien einen längeren
1674 3352 2888 3430 Kampf, bis man sich zuletzt in Hervorrufen für Bassermann einigte.
2653 3395 2842 3456 M. Sch.
