3392 4320
1718 209 2179 306 box 33/2
253 214 1600 328 27. Fink und Frjederbuscn
951 1292 1233 1440 24 00
334 1230 582 1447 G.e
520 1443 1202 1568 EOHEMIA, PRAG
1330 1551 3320 1649 guten Einfall und will aus ihm ein Sinnbildl gehorene Journalist ist. Von der wirklichen
429 1560 989 1655 Schnitzlers Komödle:
1344 1606 3308 1686 aller jener Skrupellosigkeit machen, die sich in Tragik dieses Berufes, an dessen Auswuchse
660 1635 1318 1726 „Iink und Fliederbusch“.
1331 1637 3317 1748 der Zeitung breit macht. Schmock, der auch Schnitzlers Satire versagt, rührt diese Komödie
407 1691 1304 1793 Zur Erstaufführung im Neuen deutschen
1328 1687 3306 1795 rechts und links schreiben konnte, hatte noch nicht. In seinem Romane von der „Rasenden
731 1753 976 1819 Theater.
1326 1731 3311 1822 die liebenswürdige Sentimentalität der Selbst=Rotationsmaschine“ hat Winder an den Kon¬
1342 1791 3317 1887 qual; sein Enkel Fliederbusch zeigt nur eine ab=flikt im Herzen des Tagesschreibers gerührt,
428 1796 1345 1880 Schnitzler setzt die Moraltrompete an.
1339 1828 3307 1922 stoßende Gemeinheit, wenn er morgen als Fink der im Zwiespalt seines Wesens mit seinem
355 1831 1341 1923 Trara, trara: zwei Akte gegen die Journaille.
1343 1879 3304 1967 gegen sich selbst konservativ polemisiert. Das Berufe wurzelt. Schnitzlers Komödie geht mit
360 1894 1358 1972 „Siehe Karl Kraus. Aber der heiße Athem des
1343 1907 3303 2013 scheint aber Schnitzler zu imponieren und er billigem Lachen daran vorüber und muß darum
350 1917 2317 2037 Hasses, der aus jeder Zeile zwischen den roten schickt diesem talentvollen Bürschel, das ja
2297 1966 2529 2051 versagen.
355 1976 2322 2073 Umschlägen der Fackel spricht, fehlt. Schnitzler zweifellos auch im Leben Karriere zu machen
2383 2021 3293 2097 Mit charmanter Liebenswürdigkeit suchte
354 2020 2315 2123 findet Wohlgefallen an dem von ihm geschaffe=spflegt, als dens ex machina einen wirklichen
2302 2061 3306 2139 Herr Feher den Erfolg seines Fliederbusch
347 2064 3304 2132 nen Jüngling Fink=Fliederbusch. Die Satire Grafen zu Hilfe, der, auf dem gleichen Boden glaubhaft zu machen; aber der Widerspruch,
353 2119 3299 2197 artet in Sympathie aus. Die Fanfare verrauscht stehend, ihm einen unmoralischen Halt gibt. zwischen der Hilflosigkeit, in der die Rolle
348 2147 3296 2277 und am Schlusse bläst Schnitzler lieblich die Diese Pointe ist an und für sich als tiefere Be- splätschert und ihrer kuhnen Geste läßt sich nicht
345 2199 3294 2326 Schalmei zu einer Idylle journalistischer Ge=deutung nicht übel. Sie sinkt aber tief, sobald überbrücken. Wurmser hat durch die Kraft
345 2242 763 2316 sinnungslosigkeit.
1306 2271 3295 2349 der Dichter sie mit dem Gewichte seiner eigenen seiner Komik den nervösen Politiker als Ge¬
422 2301 3295 2415 So mußte es kommen. Schnitzler war ein Meinung belastet. Schnitzler schrieb ein Ten=Isinnungsturner mit beweglicher Lebendigkeit
329 2347 3285 2466 großer Dichter und weil er es war, ist er es denzstück, balanzierte durmn auf dem Drahtseil ausgestattet. Das übrige Personal der beiden
333 2390 3283 2453 auch. Aber seine Kunst entstammt dem ange= der Polemik und fiel schließlich hopfüber in den Redaktionen sind Schablonen, um deren farbige
338 2434 3287 2540 schwemmten Boden, auf dem nur eine Abart Sumpf, den er vermeiden wollte. Mit schlech= Ausfüllung sich die Herren Bogyansky,
338 2471 3280 2539 Wiener Bürgertums wuchert. Kein Dichter ten Witzen und schäbigen Spüssen sucht er sich[Zeisler. Volker, Bauer, Hofer,
340 2522 3279 2588 kann — darin gleicht er dem Antäus der Sage auf dem Seite zu halten; aber: das Publikum [Reinhardt, Wilhelm, Romanovsky
410 2568 3282 2685 die Kraft bodenständigen Volkstums ent. lacht nicht nur, wenn eine Katze über die Bühne nicht ohne gute Einfälle, aber sonst ohne Glück
330 2603 3282 2739 behren. Schnitzler entzog sich immer mehr dem läuft, auch wenn eine Fürstin den P. T. Flie=bemühten. Herr Huttig als Graf Niederhof
338 2650 3269 2773 Licht und der Luft, die seine Dichtung blühen derbusch mit „junger Held“ anredei aber besag= und Herr Koch auf dem Abstiege vom Aristo.
326 2694 3275 2756 lassen, und müht sich seit längster Zeit krampfester Fliederbusch in „Gottes Hand steht — vom kraten zum Anarchisten waren gut gesehene
329 2738 3266 2861 haft, dem tauben Acker tragische Früchte zu ent= 1. Juli“. So sehen jetzt bei Schnitzler die Akt=[Typen. Auch Fürstinnen von 37 Jahren sind
325 2784 1599 2854 locken. Im verengten Ausblicke verwirren sich schlüsse aus.
2267 2821 3268 2889 nicht so schön wie Frau Breda, vielleicht spie¬
335 2831 1337 2915 ihm die Begriffe künstlerischer Ethik. Seine
1382 2851 3270 2947 Dazwischen Langweile. Die Leute habenlen sie aber besser Theater. Die Spielleitung
327 2865 3269 2930 erotischen Probleme werden zu Zoten; hier nicht nur die Leitartikel, die sie vorlesen, aus=ließ die Dinge gehn, wie sie liefen. Bleibt nur
331 2910 3273 3036 wollte er ein soziales, ein menschliches Schicksal wendig gelernt, — auch die, die sie auswendig die Frage, warum solche Stücke gespielt werden
329 2957 3260 3039 gestalten: unter seinen Händen bildete sich ihm einander ins Gesicht sagen, klingen wie vorge=müssen. Im Publikum wurde gezischt, weil die
326 2994 3268 3063 ein peinliches Zerrbild zum Ideal. Fliederbusch lesen. Ein Papierdeutsch, das eine schlimmere Klaque wieder einmal lärmend provozierte.
317 3047 1581 3134 ist ein tüchtiger Junge aus der Leopoldstadt, Sünde ist,
1559 3094 3257 3177 als alle Lumpereien eines hoff. Sonst wäre man auch dazu zu teilnamslos ge¬
325 3090 2453 3173 wo sie am östlichsten ist. Der Dichter hat einen nungsvollen Lausbuben, d# nach Schnitzler der wesen.
2898 3150 3225 3240 Panl Kisch.
