3392 4352
244 219 428 310 27
1660 211 2158 300 box 33/3
426 231 1578 313 Enkund jederbugen
929 1175 1131 1264 .311197
712 1247 1228 1340 Der Tag, Berlin
2922 1311 3139 1398 BL
444 1320 896 1385 teidigt und gehatten
1189 1317 2885 1411 Aan
555 1367 816 1426 Sr
2287 1380 3204 1440 es nicht, diesen Eindruck zu verwischen. Er ver¬
1371 1387 2277 1448 Ansicht volle Gegenliebe, und so entsteht der Spaß,
2298 1430 3215 1477 suchte es mit einer niedlichen Mischung von
1379 1438 2272 1488 daß Herr Fliederbusch mit sich selbst zweikämpfen
706 1429 1090 1524 Schnißlers-
2284 1462 3202 1519 Trottelei, Verschmitztheit und ehrlicher Jungen¬
1381 1476 2276 1532 soll. Es muß gesagt werden, daß alle drei Akte
2300 1501 3211 1554 haftigkeit und brachte so auch vieles wirksam und
1386 1521 2276 1570 der Komödie von diesem Spaß zehren, auf diesen
523 1508 1286 1611 „Fini und Znederbusch.
2286 1521 3210 1592 belustigend heraus, aber schließlich blieb die
1382 1561 2286 1605 Spaß zugeschnitten sind, der denn auch endlich,
2295 1574 3210 1636 Figur do chnur ein Witz Arthur Schnitzlers. Frei¬
1386 1597 2283 1647 kurz vor Toresschluß, zum Austrag kommt. Und
489 1588 1333 1660 (Erstaufführung im Lessing=Theater.)
2292 1616 3210 1674 lich fehlte ihm vielleicht die naive Unverschämt¬
1384 1627 2290 1687 hier reichen sich endlich Satyre und Groteske, die
487 1649 1366 1715 Man muß diese gestern mit freundlichstem Bei¬
2287 1663 3216 1726 heit der Jugend... Alle übrigen Gestalten kom¬
1387 1666 2284 1724 bis dahin einander ziemlich feindselig gegenüber¬
532 1693 1367 1755 aufgenommene Komödie, um sich im guten mit
2294 1710 3209 1759 men über den episodistischen Charakter nicht hin¬
1387 1702 2277 1765 standen, versöhnlich die Hand. Fliederbusch, als
536 1732 1365 1790 auseinanderzesetzen, ganz von der leichten
2305 1736 3206 1787 aus. Sie fanden ausnahmslos die rechten Dar¬
1377 1750 2280 1805 Fink entlarbt, muß nicht etwa den Blamierten
478 1771 1361 1834 Site nehmen. Als ein loses Spiel mit Worten,
2303 1782 3214 1840 steller; besonders erheiternd war Kurt Götz in
1390 1790 2286 1846 spielen, sondern darf voll Genugtuung sehen, wie
2295 1826 3215 1872 der mit fest zugreifender Komik wiedergegebenen
485 1810 1373 1885 Gedanken und Späßchen, die schließlich in den
1389 1827 2286 1885 die „Gegenwart“ und die „Elegante Zeit“ sich mit
2308 1857 3209 1906 Rolle des Allesmachers Kajetan, sehr fein und
455 1854 1377 1912 kinge und grü dlich vorbereiteten Hauptspaß mün¬
1385 1877 2286 1935 Honorarüberbietungen um seine Mitarbeiterschaft
2299 1909 3203 1953 liebenswürig Ferdinand Bonn als Graf Nieder¬
467 1894 1374 1965 en. Hat der meist höher strebende Arthur Schnitz¬
1393 1905 2284 1959 reißen, während er würdevoll seine vielseitige
2307 1934 3202 1989 hof, neben beiden die Herren Schroth, Wallauer,
463 1931 1374 2010 der diesmal wirklich nichts Bedeutenderes gewollt?
1382 1960 2286 2005 Kraft einem dritten, neuen Unternehmen weiht.
2309 1969 3213 2025 Landa, Licho und Sternberg in hervortretenderen
458 1966 1378 2057 Nicht etwa gar ein Journalistenlustspiel, eine Art
1432 1981 2286 2049 Es ist — fast möchte man sagen: leider! — nicht
2311 2023 3210 2070 Aufgaben. Ilka Grüning hatte wieder als einzige
458 2010 1369 2070 modernenGegenstücks zuFreytags „Journalisten“
1380 2022 2289 2085 zu verkennen, daß Schnitzler sich emsigst bemüht
2307 2052 3209 2103 Vertreterin der holden Weiblichkeit durch das
464 2052 1379 2120 oder ein satyrisches Gemälde des modernen Zei¬
1387 2064 2281 2134 hat, aus dem Gesinnungskünstler Fliederbusch
2294 2094 3214 2151 Vielmännerstück zu wandeln und benutzte freudig
465 2092 1376 2166 tungsbetriebes im großen Stil? Wie dem auch
1397 2107 2290 2163 eine vertiefte und nicht nur spaßhafte Gestalt zu
2297 2135 3223 2196 die Gelegenheit, einmal scharmant aussehen und
461 2150 1376 2200 sei, abzurechnen haben wir nur mit einer leicht
1398 2157 2290 2200 machen, einen außergewöhnlichen Kerl, der von
2301 2170 3211 2227 mit gemütlicher Pornehmheit weanerisch plau¬
1401 2196 2300 2236 Augenblickseindrücken so heftig beeinflußt wird,
460 2175 1375 2243 wiegenden Komödie, in der es kaum Menschen,
2746 2216 3155 2283 Julius Keller.
2300 2216 2643 2285 schen zu dürfen.
465 2215 1378 2277 sondern nur mehr oder minder unterhaltsame Trä¬
1394 2220 2293 2273 daß er sich mit etlicher Ehrlichkeit heute gegen
463 2252 1379 2308 ger witziger Schnitzlerscher Einfälle, untermischt
1392 2259 2292 2316 seine Meinung von gestern zu entrüsten vermag,
1388 2294 2299 2347 aber trotz der zur Erreichung dieses schwierigen
460 2297 1378 2351 mit allerlei Ernsthaftigkeiten, und eine breit ge¬
2298 2280 3211 2374 I Im Luisen=Theater wurde eine Neuein¬
1398 2334 2283 2394 Zieles verwendeten Monologe des genial=einfäl¬
464 2333 1382 2404 haltene Zustandsschilderei gibt, zu deren Kenn¬
1395 2374 2303 2434 tigen jungen Mannes wird aus ihm keine son¬
467 2374 1378 2449 zeichnung das Berliner Possenwort gelten dürfte:
1398 2422 2295 2481 derlich angenehme Figur, vor allem aber — kein
475 2415 1376 2495 „Da stannt der Laie, und der Fachmann wundert
1400 2462 1615 2524 Meusch.
471 2466 588 2537 sich.“
1434 2477 2301 2547 Und das wahrhaft Merschliche ist auch allen
500 2472 1392 2552 Halten wir uns lediglich an den Hauptspaß. Er
1394 2522 2307 2583 anderen Figuren fremd, die sich um den frag¬
474 2538 1383 2601 wächst aus der Figur des Journalisten Flieder¬
1394 2572 2313 2627 würdigen Helden scharen. Einige, wie der Aller¬
469 2584 1386 2631 busch, der — kann schreiben rechts, kann schreiben
1399 2608 2314 2669 weltsschreiber Kajetan, sehr drollig (wenn auch
476 2629 1382 2678 links, kann schreiben nach allen Seiten. Herr
1409 2646 2308 2705 nicht ohne beklemmend wirkende Bühnen¬
471 2655 1377 2710 Fliederbusch zeigt uns so recht, was aus Freytags
1411 2690 2308 2745 Vorbilder), typisch für die Zunft der Tages¬
470 2702 1383 2752 armseligem Schmok hätte werden können, wenn
1414 2720 2303 2784 schriftsteller keine. Der echte Schnitzler kündet
467 2750 1391 2795 ihm die Konrad Bolzens nicht mit ehrenwerterer
1406 2754 2319 2832 sich in dem fein gezeichneten Aristokraten, Sports¬
477 2775 1399 2826 Ausübung ihres Berufes ins Handwerk pfuschten.
1405 2805 2309 2862 mann und Politiker Grafen Gisbert Niederhof,
481 2820 1390 2868 Fliederbusch schreibt in dem ultra=reaktionären
1414 2834 2315 2902 der besonders in einer freilich sehr ausführlichen
479 2860 1385 2925 Wochenblatt: „Die elegante Zeit“ stürmisch nach
1417 2875 2310 2940 Auseinandersetzung mit Herrn Fliederbusch mit
473 2897 1389 2958 rechts und alsbald in der Tageszeitung „Die
1413 2922 2316 2990 jovialem Zynismus die Nichtigkeit aller Fragen
479 2935 1388 2992 Gegenwart“ mit gleicher Leidenschaft nach links.
1409 2959 2318 3034 und Dinge, um die die Menschen dieser Welt sich
475 2980 1390 3028 Es greift seine eigenen Artikel aufs heftigste an
1408 3009 1947 3079 zu streiten pflegen, darlegt.
480 3021 1390 3073 und beschimpft den pfeudonymen Fink so wutvoll,
1443 3024 2326 3099 Ohne einen Fliederbusch=Fink von Schauspie¬
486 3057 1400 3117 daß die schneidigen Redaktionsherren der „Elegan¬
1402 3097 2326 3141 lers Gnaden kann es dem Stück leicht übel er¬
489 3094 1400 3147 ten Zeit“ nur einen Austrag dieses Zwistes zwi¬
1403 3120 2316 3173 gehen. Gestern kämpfte Bassermann für die
489 3135 1397 3198 schen Fink und Fliederbusch mit den Waffen für
1408 3168 2316 3216 Rolle, die eben wirklich nur eine Rolle ist.
492 3178 1391 3223 möglich halten. iSe finden bei den kaum minder
483 3189 2331 3300 schneidigen Herren von der „Gegenwart“ mit ihrer] Auch seiner Kunst der Gestaltungskraft gelang:
