3392 4352
206 208 363 307 27
1100 208 1214 283 de
690 236 773 285 UI
1674 214 2144 308 box 33/3
369 225 1521 323 Einknd Prieebuscn
383 1067 1440 1167 Zeitung: Tägliche Rundschau "
792 1130 1235 1206 Morgen-Ausgabe
387 1158 870 1263 Adyesse: Berlin
390 1298 611 1377 Datum:
918 1296 1257 1398 8 NZ.1977
1859 1362 2178 1460 S
1587 1440 2815 1510 den's doch gar nicht gibt, fordert den Fliederbusch, den's
2892 1451 3310 1509 Fink=Fliederbusch n
1601 1494 3315 1556 ebenfalls nicht gibt? Fink=Fliedrbusch lacht sich in drei recht ein Dümmling in kurzen
521 1442 1451 1574 Hus dem Kunstleben.
1605 1533 2802 1599 langen Monologen darüber selber fast zu Tode . .. fast, denn
2807 1543 3322 1601 Monokel und weißen Ga
1596 1581 2802 1624 noch muß er ja doch am Leben bleiben, um einer pikanten
2805 1583 3328 1647 habit, im 3. ein schellen
795 1571 1197 1661 Lessing-Theater.
1605 1618 2794 1678 Fürstin den Hof zu machen und mit dem Grafen Niederhof
2812 1629 3269 1689 Den Schnitzlerschen
506 1630 1471 1724 „Fink und Fliederbusch“, Komödie in 3 Akten
1655 1667 2799 1728 der einzig wahren und echten Gestalt dieser traurigen
2819 1663 3308 1728 Mäntelchen nach dem
757 1690 1233 1756 von Arihür Schnitzler.
1599 1699 2798 1760 Komödie — besagtes Gespräch von den verschiedenen Ueber¬
2813 1710 3319 1772 einem dummen Jungen,
457 1719 1592 1797 Man denkt natürlich doch an die „Jophalisten“. Das
1606 1745 2797 1810 zeugungen zu haben. Dann aber kommt das Duell. Im
2811 1754 3314 1813 feixt und dessen zerbroch
368 1783 1589 1855 hat die Kritik in Wien und Frankfurt X. M., wo diese
1602 1796 2799 1856 Prater, in einem Prater, den die Phantasie eines Herrn
2804 1802 3320 1856 stalt doch alle Jugend le
375 1838 1585 1889 Komödie gleichzeitig die Uraufführung erlebte, auch schon
1605 1835 2800 1896 Michael Rachlis zu einer Urlandschaft des Paradieses werden
2818 1840 3318 1904 nimmt ihr dadurch den I#
372 1882 1584 1935 getan. Trotzdem es nicht hübsch ist. Aber Fheaterzettel und
1596 1883 2761 1933 läßt, was vielleicht die Komik der Situation erhöhen sollte..
2807 1885 3313 1944 lichkeit. Um ihn herum
374 1910 1594 1985 erstes Bühnenbild sind mächtiger als alle guten Vorsätze. Der
1593 1918 2799 1984 Doch nein, dieses Duell kommt nicht. Denn weder ist der Fink
2805 1930 3317 1987 oder weniger abgeschma
376 1965 1586 2011 Erfolg? O Freytag hoch in Ehren ... und für Schnitzler
1597 1963 2807 2020 noch ist der Fliederbusch da. Nur Fint=Fliederbusch. Und
2811 1974 3319 2027 Schmock des Herrn Göt
369 2011 1585 2054 bleibt nicht viel übrig. Ich weiß: das Publikum, das sich
1593 2008 3320 2061 der kann sich doch schließlich nicht selbst tot schießen. „Gegen= hätte sich Schnitzler, hätt
374 2048 1580 2096 prächtig amüsierte, protestiert. Es jubelte. Pfeifen und
1607 2056 3327 2101 wart“ und „Elegante Zeit“ sind wütend, Fink=Fliederbusch] Amüsant immerhin einzel
383 2086 1596 2152 Zischen kam nicht dagegen auf. Im Gegenteil, es verstärkte
1602 2089 2808 2155 dagegen gar nicht. Denn er macht nun die Karriere, die ihm
2818 2101 3331 2159 tion der „Gegenwart": L
379 2134 1593 2187 das Amüsement dieses Publikums, das wie am Kurfürsten¬
1598 2141 2804 2194 schon längst prophezeit war. Die Chefredakteure beider
2800 2146 3325 2199 Theaterkritiker, Walla
379 2178 1582 2230 damm bei der Versteigerung Kaufmann — an die eine possen¬
1594 2177 2806 2244 Blätter überbieten sich schnell, um sich diesen jungen Mann
2811 2184 3323 2251 auch im Kern echtester
376 2222 1588 2281 hafte Schlußszene gemahnte — wollüstig erschauernd eine neue
1605 2232 2804 2279 zu sichern, die Fürstin — Gott weiß, wie sie dazukommt —
2816 2229 3320 2285 Bonn und der zum li
380 2266 1592 2326 „Sensation“ witterte. Die aber, welche Schnitzler lieben, ver¬
1591 2250 2800 2328 fragt sehr neckisch, was hier denn versteigert wird, und zu
2807 2275 3313 2332 Baron des Herrn Scht
375 2312 1587 2372 hüllten klagend ihr Haupt, vielmehr sie schlüpften eilends in
1590 2315 2798 2374 guter Letzt gewinnt ihn der Herr Graf, der gar keine Ueber¬
2800 2322 3327 2389 Max Landa als Leod
380 2356 1588 2414 den Mantel, schlugen sich den Kragen hoch und gingen.
1602 2353 2804 2410 zeugung hat, für sein neues Blatt, weil es ihn amüsiert, daß
2810 2356 3333 2422 „Eleganten Zeit“, und ein
379 2401 1578 2473 Draußen regnete es. Das rechte Wetter just zum Abschied¬
1599 2402 2790 2473 jemand — zwei Ueberzeugungen hat. Schluß! Beifall,
2811 2398 3330 2460 der als Egon, sein Soh
375 2437 599 2499 nehmen?
1606 2432 2059 2505 Zischen, Hausschlüssel.
2804 2445 3325 2512 Ilka Grüning: ihr gle
2811 2484 3315 2546 weibel ist oder eine 2
471 2473 1587 2542 Also in der „Gegenwart", einer demokratischen Tages¬
1678 2484 2797 2559 Das ist in drei langen Akten erzählt, die nicht von
2802 2530 3336 2592 Die Regie führte Bar#
368 2525 1583 2591 zeitung, veröffentlicht ein gewisser Fliederbusch, der annoch
1593 2536 2805 2600 Schnitzler sein dürften, wenn sie nicht hier und da witzig
371 2579 1583 2633 Parlamentsberichterstatter ist, jedoch die Kündigung schon in
1594 2572 3323 2626 wären. Aber dieser Witz geht diesmal auf den Krücken von diesmal das Komische dure
373 2618 1583 2674 der Tasche hat, ein fixer, junger Mensch, einen Angriff gegen
2804 2621 3331 2695 erzwingen. Wie Schnitzl
1601 2619 2800 2686 langen Monologen und Dialogen, die ganz unschnitzlerisch
377 2675 1476 2721 einen Aussatz in der Wochenschrift „Die elegante Zeit“.
1480 2661 1592 2717 Bei
1596 2666 2791 2728 sind. Ich will nicht noch einmal an Freytag denken. Ich will
376 2706 1580 2772 Schnitzler heißt sie übrigens „Welt“. Das Zartgefühl des
1605 2715 2798 2763 auch nicht an „Oaha“, Wedekinds Satire der Satire, denken.
381 2748 1265 2808 Herrn Barnowsky machte daraus eine „Zeit“
1596 2746 2797 2804 Das würde viel zu weit führen. Aber ich denke an den
374 2773 1586 2858 bei! Es handelt sich um eine Parlamentsrede eines Grafen
1590 2801 2798 2844 Schnitzler des „Einsamen Wegs“ und werde traurig. Ist das
367 2830 1592 2895 Niederhof. Der Witz ist nun der, daß der Artikel in der
1599 2840 2810 2919 der Zweck einer Komödie? Nun ja, die Idee! Sie ist an sich
375 2879 1594 2936 „Eleganten Zeit“ ebenfalls von Fliederbusch stammt. Nur
1602 2890 2804 2952 nett. Daß der Franzose Tristan Vernard sie gleichzeitig
380 2923 1575 2981 schreibt er dort unter dem Namen Fink. Es greift also
1599 2928 2818 2989 hatte, spricht nicht dagegen. Aber was nutzt eine Idee, die
381 2968 1589 3027 Fliederdusch den Fink an, d. h. es greift sich jemand selbst an.
1602 2971 2812 3016 Idee bleibt? Und dadurch, daß man so viel krauses Beiwerk
365 3011 426 3056 O
424 3012 1585 3061 pfui — sagt Schnitzler — über die Skrupellosigkeit der
1593 3013 2805 3074 dazugibt, das diese Idee fast erstickt und ihr nichts übrig läßt
368 3060 1580 3113 Journalisten! Und benutzt diesen „Fall“, um sich im 3. Akt
1589 3064 2806 3107 als fortwährend krampfhaft nach Luft zu ringen, wird sie auch
374 3100 1591 3160 in einem kleinen Sonderkolleg des näheran über die leider
1600 3104 2808 3150 nicht schöner. O, Sternheim macht Schule. Selbst in Wien.
361 3142 1588 3196 recht schwankende Auffassung von Ueberzeugung und Ueber¬
1583 3145 2800 3202 Man versucht sich am Grotesken. Der Schatten Bürger
368 3184 1585 3245 zeugung zu verbreiten, was seinem Stücke keineswegs zu
1595 3192 2811 3248 Schippels geistert über die Bühne. Liebelei'n sind abgetan.
366 3224 1578 3276 Rutz und Frommen geschieht . .. das wieder nebenbei! Wir
1592 3230 2802 3277 Jetzt hat das „bürgerliche Heldenleben“ das Wort, und da
373 3274 1581 3321 wollen erst wie Schnitzler selbst den Witz (Witz? Wer lacht
1595 3277 2805 3321 dies Heldenleben schon so ziemlich abgegrast, mußte diesmal
368 3306 1581 3381 da?) zu Tode hetzen. Denn dieser Fink der „Eleganten
1589 3320 2795 3374 die Presse herhalten. Und der Bürger Zuschauer, der morgen
370 3361 1585 3414 Zeit“, frisch funkelnd im feudalen Pseudofirniß dieses Blätt¬
1594 3360 2810 3414 die Zeitung in die Hand nimmt, frohlockt: denn er weiß jetzt,
375 3381 1591 3450 chens, fordert nun den Fliederbusch. Auf Pistolen. Drei¬
1586 3410 2803 3482 ahal, wie's gemacht wird. Das hat mit seinem Singen der
370 3456 1951 3505 maliger Kugelwechsel, dreißig Schritte Distanz. Wie? Fink, Schnitzler gelan!
2517 4124 2568 4181 —
