3392 4320
1755 161 2214 260 box 33/4
315 173 1616 279 27. Einkund Fliederbusch
1871 373 2902 456 preisprofungssteite wurden
1564 422 2893 504 eres Samstag hier fortgesetzt. Es nahmen daran teil von
1739 473 2889 540 österreichischer Seite der Präsident des Gemeinsamen
1601 508 1721 557 der
1736 513 2894 574 Ernährungsausschusses Gen#ralmajor Landwehr, mehrere
1583 541 1731 593 denen
1739 556 2906 624 Großindustrielle und Großgundbesitzer, der Sekretär der
1587 581 1729 637 sin¬
643 575 876 670 ## 18
1742 599 2896 679 Wiener Handelskammer Dr. Wrabetz und andere. Am
1598 621 1725 676 mich
1579 655 1730 716 Bahr¬
1746 643 2890 722 Sonntag wurde das Resultat der Verhandlungen ratifiziert.
1600 706 1735 762 zur
650 676 1222 775 Hales Vicner Jeurel Wien
1602 762 1732 829 #len
1598 819 1660 877 ke
1878 762 2745 890 Tagesneuigkeiten.
1609 854 1714 909 icht,
306 801 1571 922 Mie Stücke angenommen werden.
1893 837 2932 932 Fink und Fliederbusch oder Funder und Benedikt.!
1594 891 1735 947 inze
1741 910 2904 980 Die Arbeiter=Zeitung hat sich mit der letzten Kundgebung
1614 937 1722 983 keit
314 919 1575 1003 (Dfrektären, die sich Stücke vorlesen lassen. — Herrn Jarno's Grund¬
1652 974 1728 1020 die
1748 964 2900 1026 Wilsons ausführlich befaßt und die „A. Z. am Abend“ die
447 980 1569 1028 Wie Hofrat v. Millenkovich das neue Werk von Halbe
1620 1013 1726 1066 und
1247 1021 1580 1079 Der Schlager in
1746 1007 2912 1089 zwar auch ein sozialdemokratisches, aber doch ein anderes und
1180 1024 1251 1074 —
320 1028 1183 1106 frwarb. — Direktor Wallner und seine Autoren.
1612 1054 1729 1103 #n zu
494 1067 1385 1119 der Eisenbahn. — Hugo Thimig's Telegramme.)
1752 1077 2895 1136 von anderen Redakteuren geleitetes Blatt ist, hat das auch
1605 1093 1724 1140 inten
566 1105 1319 1172 Ociginalbericht des „Neuen Wiener Journals“.
1749 1099 2895 1179 getan. Es sind auf diese Weise in zwei verschiedenen Blättern,
1612 1130 1730 1178 sonst
1613 1165 1735 1224 heint.
1744 1151 2892 1223 die ein und derselben Sache dienen, zwei verschiedene Artikel
414 1148 1579 1235 Wie wird ein Stück angenommen? Das ist eine Frage,
1750 1197 2898 1282 entstanden, die auch ein und derselben Sache dienen, nämlich
315 1205 1584 1279 die junge Dramatiker ebenso beschäftigt wie die alten. Auch da
1742 1245 2903 1336 der Beschleunigung des Friedens. Da nun verschiedene Menschen
1603 1250 1703 1324 sar.
317 1262 1583 1323 wird zuweilen mit „Technik“ und Tricks gearbeitet. Am leichtesten
1751 1296 2906 1381 ein und dieselbe Sache aus verschiedenen Gesichtspunkten zu be¬
308 1304 1583 1356 bewegt man einen Bühnenleiter zur Annahme, wenn man ihm
1765 1359 2897 1419 trachten pflegen, sind beide Artikel verschiedenartig ausgefallen,
319 1350 1584 1422 sein Stück vorliest. Es gibt hier einen Direktor, der sich gern die
1760 1389 2909 1464 insofern als der in der Arbeiter=Zeitung das an der Wilsonschen
329 1390 1578 1471 Werke, die für sein Theater in Betracht kommen, von seinem
1751 1447 2915 1510 Kundgebung hervorgehoben und er lärt hat, was man für
327 1469 1577 1513 Dramaturgen vorlesen läßt. Er behauptet, daß er da einen
1763 1501 2916 1567 den Frieden brauchen kann, der in der „A. Z. am Abend“ aber
324 1493 1584 1570 unmittelbaren Eindruck gewinnt. Der Dramaturg erklärt nun:
1759 1544 2899 1614 die Mängel der Kundgebung zu beleuchten und darzutun
325 1546 1593 1605 „Wenn ich will, lese ich ein Stück auf Annehmen“ vor, wenn
1601 1565 1763 1628 zaret
1754 1582 2914 1659 suchte, daß sie in denselben Fehler verfällt, den
323 1591 1580 1663 ich will auf „Ablehnen“. Das Schicksal der Stücke liegt also in
1620 1609 1756 1676 ster
1770 1639 2909 1711 der Vierverband den deutschen Friedenskundgebungen nachsagt.]
327 1636 1595 1702 seiner Stimme. Er kann laut lesen, er kann aber auch über
1637 1662 1747 1714 von
1762 1679 2916 1747 Während es dem einen Artikler darum zu tun war, den Weg
840 1694 1590 1756 Dagegen gibt es wieder andere
324 1697 781 1762 Pointen hinweghusten
1636 1709 1746 1771 noch
1763 1727 2916 1819 zu zeigen, der von uns zu Wilson führt, schien es dem anderen
336 1746 1591 1796 Direktoren, die sich absolut kein Stück vorlesen lassen. Zu diesen
1621 1747 1748 1826 hneten
1761 1769 2912 1849 nicht minder wichtig, den Weg zu zeigen, auf dem Wilson zu
332 1786 1585 1852 gehört unter anderen Herr Jarno. Er hat dieses Prinzip erst seit ein
1650 1803 1743 1862 die
1760 1816 2909 1901 uns gelangen könnte. Den einen interessierte im Augenblick
323 1833 1589 1900 paar Jahren. In früheren Zeiten huldigte er diesem Grundsatz nicht.
1618 1846 1757 1915 sst —
1774 1863 2916 1945 vor allem die Idee des Ausbaues des Völkerrechtes und das
328 1878 1591 1959 Einige Autoren brachten ihm ihre Werke persönlich zu Gehör.
1639 1900 1749 1966 ihrer
1775 1918 2907 2005 historische Verhältnis Amerikas zu dieser Idee, der andere
334 1928 1586 1992 Und er fiel — dabei herein. Denn in zwei Fällen lasen ihm
1622 1953 1749 2005 Inter¬
1774 1959 2906 2047 aber, der für ein Abendblatt schreibt, das geschichtlichen Per¬
334 1968 1586 2035 Dichter so gut ihre Werke vor, daß er entzückt war. Und aus der
1621 1998 1753 2053 efteten
1776 2023 2911 2100 spektiven nicht viel Raum bietet und bloß ungeduldig nach der
342 2022 1586 2082 Begeisterung heraus, nahm er die Stücke sofort an. Als er dann
1649 2044 1748 2104 und
1772 2069 2913 2142 Friedenstaube ausspäht, begnügt sich, seinem Unmut darüber
333 2085 1593 2144 später selbst las, war der Eindruck weniger günstig. Man darf
1620 2087 1748 2153 Hernis
1773 2124 2913 2187 Ausdruck zu geben, daß weder die Zentralmächte noch die
341 2139 1493 2191 beim Theater nicht zu impulsiv sein, sonst zahlt man drauf.
1618 2146 1762 2198 as an
1766 2161 2920 2238 Ententepolitiker mit konkreten Angeboten, in denen von Belgien,
450 2159 1594 2237 Hofrat Millenkovich zieht es ebenfalls vor, sich selbst der
1620 2186 1766 2251 gshaft
1780 2216 2913 2287 Elsaß=Lothringen und ähnlichen Dingen die Rede ist, heraus¬
342 2220 1590 2275 mühevollen Lektüre der eingereichten Werke zu unterziehen. Nur
1620 2238 1754 2293 itzhaft
1775 2261 2910 2337 rücken wollen. Da sitzt aber schon die „Reichspost“=Spinne
330 2241 1597 2319 vor kurzem, als er in München weilte, wich er von seinen Grund¬
1656 2283 1754 2339 jede
1764 2306 2923 2379 auf der Lauer nach einer guten Gelegenheit, ihre
334 2290 1600 2376 sätzen ab. Es gab da einen sehr netten Künstlerabend mit herr¬
1619 2327 1763 2401 besteht
1780 2353 2920 2425 altbewährte Verleumdungstechnik zu üben. Hat ihn schon!
335 2350 1595 2413 lichem Münchener Bräu und noch ziemlich echtem Champagner
1677 2378 1768 2435 ihr
1779 2400 2923 2474 Zwei sozialdemokratische Redakteure, von denen der eine in
340 2403 1595 2462 und Max Halbe las gegen sechs Uhr morgens seine neueste drama¬
1621 2427 1769 2484 gestens
1774 2447 2921 2522 diesem Augenblick sein Augenmerk mehr auf die höheren Dinge
343 2449 1598 2514 tische Dichtung: „Schloß Zeitvorbei“ vor. Und der Direktor des
1623 2473 1761 2533 halte,
1784 2502 2917 2570 richtet, während der andere gerade Appetit auf „sachliche Vor¬
338 2509 1323 2572 Burgtheaters nahm sie — einen Monat später an.
1622 2523 1763 2582 sängig
1775 2564 2923 2616 schläge“ hat — welcher Zwiespalt der Weltanschauungen und Ge¬
464 2533 1601 2611 Direktor Wallner liebt es, wenn die Autoren ihm ihre
1626 2564 1760 2640 einzu¬
1784 2592 2928 2666 sinnungen klafft da in ein und derselben Seele! Denn zwei
338 2581 1595 2668 Werke selbst vortragen. Er hat da den unmittelbaren Kontakt,
1640 2615 1767 2673 ster
1775 2642 2937 2717 sozialdemokratische Artikler sollten doch grundsätzlich zusammen
344 2639 1599 2704 kann sofort Vorschläge machen und so weiter. Er hat nämlich
1626 2665 1777 2730 Litung
1772 2681 2945 2753 nur eine Seele haben und gewissermaßen eine Zweieinigkeit
333 2688 1596 2753 immer ein paar gute Ideen. Artur Schuitzler rezitierte seine
1622 2693 1772 2771 t ein¬
1783 2744 2942 2806 vorstellen, bei der die Meinungen nicht nur im Wesen gleich¬
327 2739 1605 2806 Komödie „Fink und Fliederbusch“. Der Dichter liest geradezu be¬
1629 2753 1766 2817 sie be¬
1783 2788 2930 2866 gerichtet, sondern völlig zusammengewachsen sind wie siamesische
349 2791 1597 2858 sechend. Mit bewundernswerter Natürlichkeit bringt er jede Figur.
1633 2815 1765 2862 in die
1785 2851 2935 2914 Zwillinge. So wenigstens will es die „Reichspost“ und sie will
346 2832 1603 2896 Er pointiert so ausgezeichnet, daß man herzhaft lachen muß.
1661 2858 1765 2915 ins¬
1781 2871 2937 2959 es nur zu dem Zwecke, um gelegentlich sagen zu können:
345 2882 1604 2954 Roda Roda steht ihm fast würdig zur Seite.) Auch Franz Molnar
1636 2898 1768 2963 äimen¬
1788 2919 2938 3005 „Aha — Fink und Fliederbusch! So ein gesinnungsloser Bursche,
347 2939 1192 3005 beherrscht die Kunst des Vorlesens trefflich.
1637 2946 1769 3009 dessen
1785 2974 2940 3058 der morgens von Geselchtem spricht und abends von Knödeln
461 2992 1603 3042 Dann gibt es einen Dichter, der erklärt: „Wenn ich
1642 3003 1777 3057 äßlich
1838 3013 2928 3095 also morgens nach links und abends nach rechts schreibt.“
346 3028 1611 3113 einem Direktor selbst mein Stück vorlese, kann er nicht resüsieren.
1640 3048 1768 3108 plizei¬
1786 3063 2927 3148 Bei der „Reichspost“ ist das offenbar nicht der Fall, denn
352 3085 1602 3139 Denn meiner Rezitationskunst kann keiner widerstehen. Ich sugge¬
1637 3094 1765 3161 Unter¬
1783 3120 2926 3189 da braucht man wohl nur die sibyllinischen Bücher der
353 3108 1610 3184 riere ihm auch mein schwächstes Werk — ich reiche deshalb auch
1638 3142 1781 3208 sofort
1785 3179 2936 3243 Weisheit des Thomas von Aquino nachzuschlagen und hat
347 3181 732 3252 nie ein Stück ein.“
1789 3213 2933 3290 gleich auf jedes Ereignis den einzig zuverlässigen Reim. In
467 3206 1619 3280 Direktor Geyer liest am liebsten selbst, die meisten Direktoren
1784 3252 2931 3339 dieser Küche gibt es wohl nur Knödeln. Deswegen steht auch
341 3265 1615 3343 lesen am liebsten — gar nicht. Einer von den Herren hat die
1787 3311 2919 3377 vermutlich in der „Reichspost“ und dem „Osservatore Romano“
347 3312 1617 3373 löbliche Gewohnheit, seine Gattin als Vorleserin zu beschäftigen.
1635 3307 1778 3400 beiten
1789 3361 2940 3428 immer wörtlich genau dasselbe. Es soll zwar vorgekommen
350 3360 1617 3448 Ein anderer erledigt alle Stücke in der Eisenbahn. Wenn er nach
1645 3382 1779 3442 ligten
1785 3412 2935 3478 sein, daß das römische Organ des Papstes leidenschaftlich füt
361 3412 1622 3471 Berlin reist, nimmt er ein Dutzend Schwänke mit, auf einer
1677 3429 1784 3486 ein¬
1786 3450 2936 3516 den Frieden eintrat, während das Wiener Blatt des Papstes
363 3454 1619 3524 Reise nach Budapest refüsiert er gewöhnlich vier bis fünf Werke.
1640 3475 1775 3532 t das
1789 3499 2931 3577 in allen Tonarten die Kriegsposaune tutete, genau so wie die
355 3501 1619 3583 Einmal hat er allerdings in der Eisenbahn buchstäblich sein —
1655 3521 1782 3593 tracht,
1790 3565 2936 3631 völlig romfreie „N. Fr. Pr.“. Das ist aber ganz was
376 3550 1614 3635 Zugstück gefunden. Es war ein Schwank, der über hundertmal
1653 3575 1787 3628 purde
1797 3598 2936 3671 anderes — nicht Fink und Fliederbusch, sondern Funder und
373 3616 1613 3676 ging. Ein Operettendirektor erledigt die Libretti in der Elektrischen,
1640 3615 1782 3672 erials
1791 3645 2935 3708 Benedikt, wobei es manchesmal der Benedikt vom Vatikan ist,
360 3648 1616 3705 in heiteren Friedenstagen las er im Auto. Erwähnenswert ist,
1645 3657 1793 3730 er die
1795 3691 2932 3766 der aus Funders Artikeln spricht, weit häufiger aber der
360 3693 1617 3758 daß Hugo Thimig, als er das Burgtheater leitete, den Autoren
1653 3713 1779 3773 Natur
1799 3751 2327 3819 Benedikt von der Fichtegasse.
896 3744 1623 3806 telegraphierte. Vielleicht, weil ein
1650 3758 1786 3813 unter¬
361 3758 803 3835 seine Entscheidungen
1917 3771 2927 3854 * Weiterenthebung der frontdienstuntanglichen Lehr¬
369 3788 1629 3880 telegraphisches „ja“ mehr erfreut und ein „nein“ auf diesem Wege“
1793 3837 2935 3919 personen. Amtlich wird mitgeteilt: Von verschiedenen Seiten
1653 3846 1783 3908 eldet:
365 3852 803 3926 weniger schmerzt ...
1800 3876 2934 3941 wurde die Frage aufgeworfen, ob die auf Grund der seiner¬
1651 3902 1784 3954 Be¬
1804 3940 2933 4000 zeitigen Aktion provisorisch bis 15. Juli vom Militärdienst ent¬
1650 3949 1789 4004 wirt¬
1670 3986 2943 4065 - 1 hakevon wart##ustuntondlechon Vohre- gonmehy morter ont¬
