3344 4320
250 204 1609 294 27. Eink und Fliederbusch
837 446 1146 551 178011917
566 522 1525 631 Hanneverscher Anzeiger Uenener.
611 696 1400 804 Theater und Mussk.
559 784 1489 859 ArthurSchnitzlerd neue Komödie „Fink und Flie
488 811 1483 875 derbusch gat im Deutschen Volkstheater in Wien
442 827 1484 918 ümt mäßig angesprochen. Das Stück behandelt das
438 922 1462 1000 „ Thema Zeitung und Zeitungsleute mit sanftem
483 965 1452 1058 Sarkasmus, es hat einen spaßigen Grundeinfall, aber
484 1001 1450 1083 nicht den Mut zu herzhafter Lustigkeit. Im Be¬
475 1025 1448 1113 streben, vornehm zu bleiben, wird die Komödie
478 1062 1463 1182 saftlos, die Schilderung des Zeitungsmilieus geriet
421 1100 797 1181 wenig originell.
797 1139 850 1181 „
1001 1147 1163 1208 —
786 1554 1453 1667 C mo
765 1671 1411 1798 Breslauer Zeitung
436 1790 1697 1905 „ Artiuszauirmnmaumöble „Finkund
391 1860 1699 1944 Fliederbusch“ hat, wie der Voss. Zta. ans Wien gemeldet
377 1904 1702 1987 wird, im Deuischen Volkstheater mäßig angesprochen.
380 1944 1695 2018 Das Stück behandelt das Thema Zeitung und Zeitungsleute mit
386 1983 1697 2060 sanftem Sarkasmus, es hat einen spaßigen Grundeinfall, aber
379 2024 1695 2094 nichteden Mut zu herzhafter Lustigkeit. Im Bestreben, vornehm
382 2072 1703 2159 zu oleiben, wird die Komödie saftlos, die Schilderung, des
357 2103 1259 2200 Zeitungsmilieus geriet wenig originell.
692 2426 1551 2539 Függetien Magyarország, Budapesi
909 2547 1206 2649 175321911
615 2687 1335 2787 Schmitzler Arthur ujsägiró-drä¬
528 2746 1348 2823 mäja. D voks-Theaterben tegnap
520 2789 1340 2875 este mutattäk be Schnitzler Arthur komé¬
527 2834 1341 2923 diajät, a Fink und Fliederbusch-t. Az ui¬
535 2883 1344 2962 donsäg egy ujsägiró törtenetét meseli el,
536 2937 1357 3018 ki két lap hasäbjain önmagaval polemizäl
533 2985 1359 3070 es mindazt, a mit ma az egyik lapban
532 3036 1362 3115 ällit, a mäsikban holnap megcäfolja. Végre
532 3081 1363 3175 mär becsületsertésekkel is illeti önmagät.
534 3134 1368 3210 ugy hogy környezetének kivänsägära pär¬
549 3185 1361 3277 bajra kell hivnia irodalmi ellenfelét. A pär¬
550 3243 1370 3309 baj szinteren megjelenik a négy segéd es
550 3273 1363 3362 akét ellenfel, kikkröl ekkor azutän kiderült,
548 3332 1363 3401 hogy egy ember testébe Szorultak. A ko¬
511 3444 1325 3495 média ôtlete ppen nem uj és feltaläläsa
520 3493 1336 3551 se sikerült valami különösen. A bécsi kri¬
525 3544 1375 3622 ika egészen egyértelmüleg ällapitja meg
515 3602 620 3677 ezt.
1648 194 2132 294 box 33/1
1945 425 2056 502 — — —
1836 573 2764 680 Bosnische Post, Sarajevo, Bosnien
2017 730 3014 829 Theater, Kunst und
2293 811 2739 909 Literatur.
2107 882 3001 960 Das neue Bühnenwerk von Artur
2019 929 3001 1008 Schmitzler. Aus Wien wird uns vom 14. d. M.
2025 995 3003 1058 geschrieben: Im Deutschen Volkstheater
2023 1048 3010 1117 iand heute die Uraufführung von Artur
2024 1089 3010 1163 Schnitzlers neuem Bühnenwerke Fink
2030 1154 3008 1208 und Fliederb ch-, Komödie in drei
2022 1185 3009 1258 Akten (vier Aufzügen) statt. Es war von
2033 1240 3021 1316 Vornherein sicher, dass die Anhänges der
2026 1294 3033 1360 um Schnitzler sich gruppierenden literari-
2033 1341 3037 1403 schen Richtung, unter dem Namen =Jung
2035 1384 3038 1455 Wiens bekamnt, dem Stücke zum Erfolgel!
2035 1445 3050 1514 verhelfen würden. Der äussere Schein, der
2036 1488 3012 1550 überdies bei der schriftstellerischen Höhe
2031 1546 3015 1604 Schnitziers auch bei diesem Bühnenwerke
2023 1585 3011 1651 zum grössten Teile gerechtfertigt ist, kann
2033 1638 3004 1706 aber nicht hindern, objektivsten Maßstab
2038 1677 3021 1754 anzulegen. Es ist nun sofort zu konstatieren,
2032 1737 3008 1793 dass die neue Schöpfung Schnitzlers, keines¬
2036 1798 3024 1847 wegs einen Fortschritt seiner literarischen
2011 1827 3001 1909 Kunst bedeutet. Das Stück ist reich an un¬
2021 1877 3008 1949 nötigen Längen und Schwächen. Der Unter¬
2038 1941 3009 2010 titel Komödic ist schlecht gewählt, denn das
2035 1976 3006 2054 Bühnenwerk wirkt durchaus nicht derart,
2037 2021 3020 2100 es haben auch, wic verlautet, dem Dichter
2018 2067 3016 2136 ziemlich ernste Motive vorgeschwebt, er will
2033 2132 3013 2201 nämlich das Schlagwort -spolitische Ueber¬
2021 2178 3017 2257 zeugunge ad absurdum führen und nach¬
2034 2230 2999 2276 weisen, dass Vorkämpfer dieses Ideals mehr
2044 2269 3008 2350 im Sinne sportlichen Fechtertums handeln,
2032 2329 3013 2396 während die Idealisten, die zu s#ichen Vor¬
2028 2366 3005 2450 kämpfern begeistert emporblicken und wort¬
2034 2432 3015 2492 wörtlich die Theorie in die Praxis umsetzen
2021 2473 3009 2554 möchten, schwere Enttäuschungen erleben.
2034 2527 3007 2605 Zur Unterstützung der Grundlegende des
2035 2571 2995 2643 Stückes ist noch eine in Hyperbein ge¬
2039 2625 3014 2692 haltene Gegenüberstellung zweier politisch
2039 2683 2999 2740 konträrer Zeitungsgruppen und deren Ge¬
2040 2722 3003 2775 triebe in die Handlung eingeschlossen.
2033 2769 3016 2838 Fink und Fliederbusch sind ein und dieselbe
2038 2819 3011 2876 Person, nämlich ein junger Journalist, der
2037 2874 3016 2942 in der Redaktion der demokratischen Zeitung
2033 2926 3018 2983 „Gegenwarte bedienstet ist, heimlich aber
2039 2954 3017 3038 unter dem Pseudonym Fink in der konser¬
2041 3007 3014 3091 vativen Zeitung =Die elegante Weltt, die
2041 3072 3017 3147 reaktionäre Anschauung eines gräflichen
2032 3124 2998 3184 Abgeordneten ebenso begeistert verteidigt,
2041 3176 3005 3229 wie er sie in der -Gegenwarte als Flieder¬
2033 3205 3013 3275 busch wütend bekämpft. Fink wird schliess¬
2038 3262 3018 3327 lich gezwungen, seinen Beleidiger Flieder¬
2030 3320 2999 3382 busch auf Pistolen zu fordern, am Schau¬
2035 3349 3018 3432 platze des Duells bleibt dann die unaus¬
2047 3405 3015 3477 weichliche Enthüllung nicht aus, dass Fink
2037 3460 3019 3532 und Fliederbusch ein und dieselbe Person
2033 3499 3023 3588 sind. Die Tendenz des Stückes findet sich
2038 3576 3019 3628 in der Rolle des Grafen verkörpert, der
2036 3599 3010 3675 aber erst im dritten und vierten Aufzug der
2039 3644 3017 3717 Komödie richtig zu Wort kommt, hier aller¬
2042 3701 3019 3787 dings sieht man den Glanz Schnitzlerschen
2040 3770 3004 3823 Geistes und die Treffsicherheit seiner
2038 3786 3016 3873 Sprachkunst. Für vier Aufzüge ist aber die
2041 3861 3014 3916 Handlung zu schwach. In gekürzter, ver¬
2038 3911 3017 3979 besserter Form, wäre das neue Bühnenwerk
2039 3947 3025 4024 Schnitzlers ungleich wirkungsvoller, als in
2017 3989 2801 4087 der jetzigen ermüdenden Fassung.
