3392 4352
264 239 1579 323 27. Einkund Fliederbusch
454 965 672 1033 Seite 4
417 1084 1536 1142 Die Fürstin Priska, Frl. Garden, wußte wohl nicht recht,
423 1140 1529 1177 was sie wollte oder sollte. Schnitzler empfand und erfand
430 1176 1532 1229 die Dame wohl aus bitterster Notwendigkeit. In kleiner
429 1217 1534 1258 Rolle als Doktor Kunz Herr Böhm, sowie Herr Ende
426 1255 1536 1309 als Setzer. Herr Lenoir machte sich um ein flottes Tempo
423 1307 1535 1352 und um eine treffende und geschmackvolle Inszenierung
419 1340 1531 1394 verdient. Lebhafter Beifall rief die Darsteller wiederholt
427 1375 796 1430 vor die Rampe.
889 1374 1148 1435 Als Epilog.
1242 1376 1537 1431 Herr Arthur
420 1420 1530 1468 Schnitzler! Schade, daß Sie diese Rezension wohl nicht
427 1458 1531 1502 lesen werden — aber ich möchte nicht unerwähnt lassen;
423 1500 1546 1554 man bedauerte, besonders die Damenwelt, daß der letzte.
426 1541 1523 1603 Akt gar so kurz sei! Immer ist nicht Kürze des Witzes
1346 1568 1492 1630 F. S.
433 1573 605 1626 Würze!
500 1607 1534 1660 Kammermusik=Konzert Bland=Dauber nächsten
429 1648 1533 1704 Mittwoch den 16. April im großen Festsaale des Deut¬
418 1682 1527 1733 schen Hauses. Vortragsfolge: Mozarts G=Moll, Dvorzaks
418 1728 1525 1801 Es=Dur und Brahms G=Moll=Klavierquartett. Karten von
424 1777 919 1822 4 bis 14 K bei Winiker.
504 1792 1534 1858 Erstes Tanzkonzert Wiesenthal (fünfter Meister¬
432 1841 1537 1921 abend) ausverkauft! Für den zweiten Abend (Öster¬
430 1894 1519 1947 montag) sind Vorder= und einige Endsitze zu haben.
418 1926 1524 1991 Mittel= und Galleriesitze vergriffen. Restliche Harten bei
421 1967 623 2018 Winiker.
504 1982 1528 2059 Lieder= und Arienabend Dr. Schipper (sechster
419 2056 1531 2106 Meisterabend) findet Dienstag den 22. April statt. Die
424 2088 1522 2133 Begleitung am Flügel hat Hof=Kapellmeister Hugo
423 2128 1527 2169 Röhr vom Münchener Nationaltheater übernommen.
419 2169 1093 2222 Kartenausgabe heute bei Winiker.
505 2197 1520 2260 Klavier=Konzert Rosenthal (siebenter Meisterabend)
428 2255 1517 2300 findet nunmehr Montag den 28. April statt. Meister
433 2274 1516 2333 Rosenthal spielt: Beethoven: Sonate C=Moll, Op. 111;
422 2320 1531 2377 Schumann: Carneval, Op. 9; Chopin: Preludes, Scherzo
425 2365 1527 2407 Cis=Moll, Op. 39; Tercenetüde, Valse, Op. 42; Liszt: au
424 2400 1521 2458 lac de Wallenstadt; Stransky: Etude Es=Dur (neu!);
420 2456 1529 2496 Rosenthal: Humoreske (über Themen von Johann Strauß).
419 2494 1531 2538 Kartenausgabe heute bei Winiker. Vorgemerkte Sitze
430 2522 1162 2578 müssen bis 20. April behoben werden.
510 2568 1526 2613 Vortragsabend Alfred Gerasch muß wegen Reper¬
1378 2603 1499 2648 den 3,
420 2592 1379 2656 toirschwierigkeit des Burgtheaters auf Samstag
423 2636 1545 2702 Mai verschoben werden. Gelöste Karten behalten Gültigs
429 2688 1080 2749 keit. Kartenausgabe bei Winiker.
622 2798 1337 2919 Olmützer Nachrichten.
506 2914 1527 2964 Zur Banknotenabstempelung. Die bei dem für die
418 2945 1520 3010 Banknotenabstempelung in Olmütz errichteten Hauptkom¬
434 2998 1522 3045 missariate zur Abstempelung gelangten Noten erreichten
431 3034 1533 3085 die Summe von 205,972.685 K. Dieser Betrag verteilt
426 3071 1530 3125 sich auf die einzelnen Gerichtsbezirke wie folgt: Olmütz
710 3104 1515 3156 Hof 2,508.230 K, Kojetein 7,802.040 K,
427 3107 712 3166 43,308.570 K,
419 3147 1528 3189 Konitz 4,055.605 K, Leipnik 4,863.160 K, Littau 7,982.420 K,
425 3195 1534 3239 Müglitz 5,936.440, Plumenau 4,883.405, Prerau 11.987.420,
1363 3221 1534 3283 Schild¬
427 3230 1359 3290 Proßnitz 22,342.140 K, Römerstadt 5,777.415 K,
429 3258 1535 3318 berg 4,708.415 K, Sternberg 13,208.675 K, Mähr.=Schön¬
427 3308 1526 3361 berg 16,112.740 K, Mähr.=Neustadt 7,887.140 K, Mähr.=
427 3355 1531 3404 Altstadt 3,779.880 K, Hohenstadt 5,487.845 K, Freiwal¬
426 3390 1532 3454 dau 7,176.370 K, Freudenthal 7,147.880 K, Jauernig
1214 3431 1531 3485 K, Weidenau
415 3426 1203 3472 3,769.540 K, Stadt=Liebau 3,790.645
418 3474 1527 3532 3,982.765 K, Wiesenberg, 3,202.540 K, Würbental
424 3502 1160 3565 1,869.830 K, Zuckmantel 2,100.960 K.
506 3548 1534 3607 Das Ergebnis der Volkszählung. Nach durchge¬
428 3578 1535 3636 führtem Reklamationsverfahren wird jetzt das von Amts
420 3632 1536 3677 wegen ermittelte Ergebnis der mit dem Stichtage vom
422 3658 1541 3722 1. März durchgeführten Volkszählung in Olmütz mitge¬
426 3715 1537 3767 teilt. Danach zählt Olmütz am 1. März, das Militär mit¬
428 3751 1536 3802 eingerechnet 23.791 Einwohner. Militärpersonen wurden
425 3786 1536 3835 4777 gezählt, so daß die Zivilbevölkerung 19.014 umfaßt.
426 3821 1534 3880 Davon wurden gezählt 8535 männliche und 10.479 weib¬
429 3868 1535 3910 liche Personen; der Religioy nach: 16.733 Katholiken,
425 3902 1531 3942 360 Protestanten A. B., 127 Protestanten H. B., 28 Alt¬
431 3955 1530 4000 katholiken, 1689 Israeliten, 56 Konfessionslose und 21
422 3990 1538 4046 Personen anderer Religionsbekentnisse. Der Nation nach
437 4026 1528 4094 sind nach der amtlichen (!) Richtigstellung der Zählungs¬
1428 4052 1538 4105 #
1735 219 2195 302 box 33/4
1971 453 2401 549 Ausschnitt aus:
2386 506 2921 606 Keues Wieger Journal, Wier
1979 552 2126 616 vom:
2378 574 2652 654 25 APR. 1914
2071 609 2928 837 Thrater und sihrst
2182 841 2767 939 Hinter den Kylissen.
1858 879 3095 1003 (Der verzweifelle Thimig. Das Propisoxische und Definitive. — Der
1853 921 2743 1038 neue Regisseur. — Die vorgeglute Idee Schnitzlets.
2817 989 3094 1052 Das ähnliche
1849 964 3097 1103 Stück. — Mizzi Gürthers Gastspielschmerzen. — Der gute Theater¬
2405 1042 2550 1099 name.)
1953 1051 3114 1207 Herr Thimig ächzt und stöhnt. Die Gratulationsschreiben
1827 1110 3100 1249 türmen sich auf seinem Schreibtisch zu Riesenmassen, und er hat
1833 1157 3089 1285 Mühe, sich durchzuarbeiten. Es sind Gratulationen in doppelter
1839 1209 3086 1342 Zahl eingetroffen: erst wurde ihm zur Verlobung seiner
1829 1255 3096 1386 Tochter gratuliert und kurz darauf zu seiner Ernennung als
1827 1290 2009 1355 Direktor
1944 1349 3090 1480 „Wie soll ich denn das alles beantworten?“ rief er ver¬
1818 1382 1992 1468 zweifelt.
1936 1445 3068 1584 „Na, vielleicht begnügen Sie sich mit einem provisorischen
1807 1472 2375 1575 Dank“, wurde ihm geraten.
1924 1548 3076 1688 „Provisorisch?“ fragte Thimig. „Nein — da danke ich
1804 1592 2818 1698 doch schon lieber definitiv, das liegt mir jetzt besser!“
1913 1644 3055 1772 Nun wissen die Herrschaften im Burgtheater wenigstens
1800 1689 3066 1831 endgültig, woran sie mit ihrem Chef sind. Er sitzt nun fest auf
1791 1718 3060 1861 seinem Direktionsstuhl, und man wartet neugierig, ob er auch zu
1791 1780 3048 1910 Reformen Lust haben wird. Jedenfalls braucht man sich nicht
1796 1835 3041 1978 auf einschneidende Veränderungen gefaßt zu machen. Ein bißchen
1775 1854 3021 2003 verstimmend hat allerdings die von Thimig vorgenommene Re¬
1770 1931 3070 2044 organisation der Regiearbeit gewirkt, aber auch hies 1## u#i
1834 1983 2192 2054 25. April 1914
1728 2024 2989 2119 Maßnahme, die bereits während des Provisoriums eingeleitet
1730 2109 2985 2175 wurde. Schon vor einiger Zeit hal Thimig das Tätigkeitsgebiet
1732 2156 2982 2218 des Regiekollegiums einzuengen begonnen und vor kurzem sich
1721 2200 2990 2266 außerdem einen selbständigen Regisseur in der Person des Herrn
1727 2246 2990 2320 Artur Holz aus Dresden verschrieben, dessen frischer Ehrgeiz die
1736 2290 3000 2375 Mitglieder des Kollegiums noch weitere Beschränkungen ihres
1735 2348 2293 2422 Arbeitsfeldes befürchten läßt.
1846 2383 2995 2468 Herr Artur Schnitzler hat jetzt Gelegenheit, mit eigenen
1741 2432 2997 2517 Augen den Doppelgänger seiner Komödie zu sehen, der ihm seiner¬
1734 2496 2998 2556 zeit einige böse Stunden bereitete. Wir haben kürzlich das Miß¬
1728 2530 2987 2631 geschick des Dichters erzählt, der eines schönen Tages zu seinem
1734 2580 2992 2647 Entsetzen vernahm, in Paris werde ein Stück Tristan Bernards.
1738 2641 2995 2714 betitelt „Les deux canards“, aufgeführt, das denselben Stoff
1744 2677 2998 2746 behandelt, der einer von Schnitzler schon vollendeten, aber noch
1733 2720 2993 2808 nicht der Oeffentlichkeit preisgegebenen Komödie zugrunde liegt.
1747 2769 3006 2838 die Idee nämlich, daß ein Journalist gleichzeitig für zwei Blätter
1749 2825 3000 2895 von entgegengesetzter Parteirichtung schreibt. Herr Schnitzler faßte
1752 2869 3006 2957 sich allerdings bald und eilte zu einem Notar, von dem er sich in
1748 2914 3011 2999 rechtsgültiger Form bestätigen ließ, daß seine Komödie schon
1759 2974 3007 3035 lange vor der Erstaufführung des französischen Stückes
2565 3007 3014 3078 sind „Les deux
1740 3016 2557 3102 in Paris fertiggestellt war. Nun
1740 3055 3003 3163 canards“ gestern in die Josefstadt übergesiedelt. Herr
1751 3090 3013 3180 Jarno hat sie unter dem Titel „Erscheint zweimal täglich“ zum
1751 3147 3007 3246 erstenmal präsentiert. Herr Schnitzler dürfte die Berichte über die
1749 3223 3018 3282 gestrige Wiener Premiere mit gleichem Interesse lesen wie vor nicht allzu
1740 3252 3006 3340 langer Zeit die Meldungen über die Pariser Aufführung, wenn
1751 3306 3008 3368 er sich nicht gar die Mühe nimmt, durch Augenschein festzustellen.
1753 3353 3014 3426 wie weit Tristan Bernard seine Idee vorgeahnt hat. Interessant
1756 3400 3015 3464 wird der Vergleich sein, den das Wiener Publikum in der näch¬
1767 3452 3003 3525 sten Saison wird ziehen können, wenn Schnitzlers Komödie, wie
1766 3486 3015 3566 verlautet, im Burgtheater herauskommen soll. Ihren Inhalt kennen
1755 3545 3017 3632 übrigens außer dem Autor bereits einige seiner Freunde, ins¬
1752 3581 3010 3672 besondere Direktor Thimig. Sie dürften schon jetzt sagen können,
1765 3640 2750 3712 ob Schnitzlers Aufregung wirklich gerechtfertigt war.
1868 3698 3023 3755 Frau Mizzi Güniher kommt in der letzten Zeit nicht aus
1766 3736 3021 3799 dem Hangen und Bangen. Erst war sie unschlüssig, ob sie einen
1757 3770 3019 3869 Gastspielantrag für Berlin annehmen solle, dann kämpfte sie um
1768 3821 3019 3896 einen Urlaub, hierauf brachte sie einige Wochen wegen des
1766 3868 3020 3937 akzeptierten Gastspiels in unbehaglicher Stimmung zu und fürchtete
1771 3919 3018 3992 sich vor dem droyenden Lampensieber, schließlich sagte sie ab, und
1781 3965 3024 4047 jetzt ärgert sie sich wieder, daß sie nicht in Berlin spielen wird.
1776 4018 3024 4095 Sie hätte im dortigen Nollendorstheater in „Endlich allein“ auf¬
1761 4070 3023 4148 treten sollen. Das Gastspiel war nach langen Verhandlungen und
1785 4098 3125 4190 unter Anwendung der lockendsten Versprechungen für den Herbst 1
2770 4156 2835 4199 HofT
