3344 4320
2021 107 2124 158 —— —
1603 174 2135 269 box 33/4
215 183 1531 286 27. Einkund Fljederbusch
2486 596 2631 668 1398
987 615 2231 670 Kurze Anzeigen: Paul — Albert Ludwig, Fliederbusch der Unsterbliche
585 603 726 678 1397
1608 725 2660 793 dritte Abschnitt beschäftigen sich vor allem mit sprach¬
554 727 1611 799 1977 die erste Auflage des Buches in seiner „Geschichte des
1610 783 2665 834 geschichtlichen Problemen, während erst der vierte der
558 785 1604 850 Kgl. Theaters zu Berlin“ jedem Dichter, Schauspieler und
1612 816 2675 878 Geschichtswissenschaft an sich gewidmet ist. Darin liegt
553 825 1610 875 Maler „auf das dringendste“ empfohlen, „besonders denen,
1625 856 2672 911 eine gewisse Stärke, aber auch für den jungen Historiker,
558 869 1604 917 welche sich mit dem Unterricht junger schauspielerischer
2223 895 2647 947 Bernheims „Lehrbuch“
1619 898 2228 943 der eine Art Auszug aus E.
562 903 1606 953 Talente beschäftigen". Dieser Wunsch Brachvogels ist wohl
1620 936 2677 1001 vermutete, eine gewisse Enttäuschung. Wenn Paul der
551 945 1604 990 kaum in Erfüllung gegangen; die theoretisch=wissenschaft¬
1619 967 2679 1034 geschichtlichen Forschung als Hauptaufgabe den Schutz früher
560 989 1601 1035 liche Orientierung wird schon zu deutlich durch die über¬
1610 1015 2676 1065 geschaffener Kulturwerte vor dem Untergang und ihre
556 1020 1606 1075 mäßige Belastung mit Auseinandersetzungen über literarische
1617 1057 2682 1105 Erweckung zu neuem Leben zuweist (S. 53), so ist mir dies
549 1066 1598 1119 Vorgänger in solchen Untersuchungen. Den medizinisch¬
1614 1080 2672 1144 selbst unter Einbeziehung der auf S. 56 umrissenen zweiten
550 1102 1605 1145 physiologischen Teilen des Buches stehe ich natürlich nur
1619 1141 2690 1189 Aufgabe zu wenig, sobald ich es mit der Definition ver¬
551 1148 1611 1197 laienhaft=aufnehmend gegenüber, aber man erkennt doch
1615 1179 2680 1223 gleiche, die der erwähnte Bernheim auf S. 9 der sechsten
564 1183 1605 1226 die Brauchbarkeit der Untersuchungsmethode, die immer
1620 1210 2677 1261 Auflage seiner Methodenlehre (1908) entwickelt. Daran
560 1218 1610 1271 danach fragt und nur das gelten läßt, wenn sich für den
1627 1256 2671 1301 erkennt man die ausgesprochen philologische Herkunft der
561 1252 1621 1317 mimischen Vorgang oder das physiognomische Merkmal
1618 1293 2680 1354 paulschen Ausführungen. Ein innerer Widerspruch scheint
552 1294 1612 1358 der Einfluß einer Seelentätigkeit zeigen läßt, was auch
1614 1333 2680 1383 mir vorzuliegen, wenn einmal (S. 20) jede unmittelbare
564 1335 1613 1385 wiederum nur an bestimmten Teilen, besonders an
1618 1367 2684 1422 Wirkung von Seele auf Seele geleugnet, ein andermal
564 1385 1606 1432 den Muskeln, möglich ist, so daß so etwas wie die gallsche
1622 1408 2687 1467 (auf S. 32) überzeugend die Abhängigkeit des einzelnen
550 1421 1616 1469 Schädellehre und dann auch Lavaters die ganze Angelegen¬
1615 1446 2685 1495 von seinen Mitmenschen unumwunden zugegeben wird
560 1453 1618 1513 heit mißkreditierender schwärmerischer Physiognomie=Dilet¬
1626 1489 2681 1542 („fremder Wille greift fortwährend in sein Dasein ein, sei
557 1496 1612 1543 tantismus in ihrer Unmöglichkeit deutlich werden. Die
1631 1528 2688 1579 es fördernd oder hemmend"). Überrascht hat mich die
557 1541 1612 1586 Gefahren, Unsicherheiten und Einschränkungen, denen phy¬
1626 1561 2678 1629 kühne, wenn auch zweifellos richtige Bildung eines Plurals
557 1579 1614 1631 siognomische Untersuchungen durch Gewohnheit, besondere
1630 1610 2682 1666 von Schall: „manche Wörter sind für uns nur leere
563 1615 1610 1672 Beschäftigung, Nachahmungstrieb, Temperament, Alter und
1622 1640 2679 1708 Schälle“ (S. 49). Auf S. 6 lies in der letzten Zeile:
555 1654 1618 1705 ähnliches ausgesetzt sind, würdigt Piderit sehr wohl und zieht
1630 1684 1893 1753 gesetzmäßiger.
563 1687 1618 1738 seinen Schluß nur da, wo der physiologische Zusammen¬
560 1730 1620 1790 hang, warum man die Lippen gerade so und die Augen
1668 1738 2648 1796 Grunewald=Berlin Hans F. Helmolt
560 1766 1623 1841 nicht anders und die Stirnfalten senkrecht stellt, möglichst
567 1809 1585 1870 eindeutig geklärt ist. Dann aber ist das Ergebnis oft —
562 1852 1604 1901 eine platte Binsenwahrheit. Was ist das für eine Er¬
1710 1872 2620 1957 Literargeschichtliche Anmerkungen
559 1887 1616 1954 kenntnis, die formuliert wird: „Den pedantischen Blick
565 1934 1620 1982 findet man bei Menschen, welche ängstlich an ihren Eigen¬
2070 1936 2225 2008 XXVI
559 1967 1622 2024 heiten... festhalten und sich nur mit Widerwillen zum
554 2020 1620 2072 Neuen wenden, d. h. bei Pedanten“ (S. 69) oder „Der
1807 1993 2538 2081 Fliederbusch der Unsterbliche
560 2042 1615 2103 sanfte Blick... deutet auf Sanftmütigkeit“ (S. 210).
1738 2050 2584 2122 Von Albert Ludwig (Berlin=Lichtenberg)
565 2089 1620 2139 Darum der Aufwand?! Und es ist nachgerade Aufklärerei,
1666 2105 2670 2183 [Zustav Freytag ist einmal eine Überraschung be¬
567 2131 1621 2180 wenn buchstäblich der Rat erteilt wird, „man schiebe die
1626 2158 2689 2234 0 sonderer Art beschert worden. 1854 hatte ihm zum
558 2160 1618 2216 Unterredung auf und komme zu gelegenerer Zeit wieder“
1738 2204 2688 2256 erstenmai der ganz große Ersolg gelächelt: „Die
563 2191 1617 2258 falls man bei einem Menschen den man zu wichtiger Be¬
1628 2235 2686 2293 Journalisten“ waren von Publikum und Kritik warm
571 2245 1626 2301 sprechung aufsucht, sonst nicht vorhandene senkrechte Stirn¬
1630 2279 2685 2326 begrüßt worden. Nicht nur, daß der glückliche Dichter das
567 2288 1624 2333 falten beobachtet. Damit ist wohl das Negativste an dem
1627 2319 2681 2366 Gefühl haben durfte, politische Gegensätze der Zeit auf
573 2325 1617 2373 Buche deutlich gemacht. Auch mit der (im wesentlichen
1626 2358 2691 2404 dem Boden des Lustspiels überwunden zu haben, darüber
561 2367 1623 2426 durchaus ernster Betrachtung würdigen) Graphologie, die
1633 2393 2690 2444 hinaus hatte er einen neuen Stoffbereich erschlossen, hatte
562 2405 1625 2462 ebenfalls durch dilettantische Pfuscher in Verruf geraten
1635 2431 2689 2484 den Mitlebenden einen Einblick in die idealen Bestrebungen
569 2447 1624 2495 ist, geht es wissenschaftlich nur langsam vorwärts. Wenn
1631 2464 2691 2520 und schwachen Menschlichkeiten, die Leiden und Freuden
569 2487 1629 2535 aber im Gebiete der Physiognomik Fortschritte gemacht
1635 2508 2687 2563 verschafft, wie sie die Welt der eben erst heraufkommenden
562 2522 1620 2562 werden sollen, so kann es, denke ich, nur geschehen, wenn
1634 2548 2695 2604 Leiter der politischen öffentlichen Meinung erfüllten. Wenn
571 2550 1628 2613 man mit soviel Besonnenheit, Zurückhaltung und Vorsicht
1629 2589 2686 2639 jemals, so war er doch diesmal, da er eigenstes Erleben
572 2588 1627 2649 an die Sache herangeht, wie es in diesem Buch geschieht,
1629 2620 2699 2679 und Erfahren gestaltete, original gewesen — Zeitgenossen
572 2646 1627 2692 für das die große Zahl von Abbildungen nicht nur nützlich,
1636 2682 2690 2729 und Literaturgeschichte haben es ihm auch gern bestätigt.
571 2678 1623 2732 sondern sogar notwendig ist. Der Schauspieler wird das
1722 2713 2700 2761 Aber es soll sich niemand überheben. Wenige Menschen
565 2715 1617 2777 Buch in seiner Handbibliothek nicht gerade nötig haben;
1630 2746 2693 2802 werden Freytag seit den Fünfzigerjahren näher gestanden
568 2757 1620 2806 wenn er aber zu lesen versteht, wird er nicht ohne einigen
1626 2786 2691 2842 haben als der spätere Verleger seiner Bücher, der fein¬
572 2791 1626 2849 Gewinn bleiben. Mehr hat vielleicht der Maler davon; was
1640 2838 2687 2886 gebildete, kluge und liebenswürdige, altem schweizer Pa¬
569 2835 1437 2892 soll aber ein Dichter mit dem Buch anfangen?
1632 2866 2692 2919 triziergeschlecht entsprossene leipziger Buchhändler Salomon
1192 2866 1591 2945 Haus Knudsen
610 2883 1037 2949 Berlin=Steglitz
1631 2906 2683 2967 Hirzel. Der war ein großer Sammler vor dem Herrn
1693 2945 2693 2998 der Ruhm seiner Goethebibliothek ertönt heute noch
575 2956 1627 3010 Aufgabe und Methode der Geschichtswissenschaften.
1631 2983 2699 3033 jedem, der sich nur ein wenig dem Bezirke neuerer Literatur¬
623 3001 1620 3045 Von Hermann Paul. Berlin und Leipzig 1920. Ver¬
1640 3024 2698 3074 wissenschaft naht — zu den Sendungen mancherlei Art, mit
628 3024 1628 3099 einigung wissenschaftlicher Verleger Walter de Gruyter
1640 3068 2697 3114 denen er seinen Freund Freytag in dessen sieblebener
634 3068 967 3130 & Co. III, 57 S.
1641 3091 2690 3154 Sommerzeit zu erfreuen pflegte, fügte er nun im September
648 3101 1618 3164 Wer eine zuverlässige Einführung in die Theorien des
1625 3148 2685 3205 1856 einmal ein schmales Heftlein, und wir mögen uns
577 3145 1631 3204 münchener Altmeisters der deutschen Philologie, in Pauls
1636 3185 2688 3240 wohl denken, daß seine Lippen dabei jenes „salomonische“.
581 3189 1617 3248 „Prinzipien der Sprachgeschichte“ (vierte Auflage 1909)
1630 3220 2680 3274 Lächeln umspielte, mit dem ihn die seinem Kreise Nahe¬
571 3224 1604 3285 und in seinen „Grundriß der germanischen Philologie“
1634 3257 2692 3328 stehenden so gern zu necken pflegten. Freytag aber hat
573 3270 1635 3323 (dritte Auflage 1911 ff.) wünscht, dem kann ich nicht
1640 3295 2684 3354 große Augen gemacht, denn bei der Gabe handelte es sich
575 3303 1624 3366 genug das Studium der vorliegenden Abhandlung emp¬
1641 3334 2693 3387 um nichts anderes als um ein Gegenstück zu seiner jüngsten
570 3338 1633 3396 fehlen. Mit einer von Jahrzehnte langer Empirie zeugenden
1629 3388 2692 3430 dramatischen Schöpfung, um ein verschollenes Lustspiel
565 3387 1625 3440 kristallhellen Klarheit, wie sie sonst in geschichtsphilosophi¬
1637 3420 2694 3472 des damals schon mehr als halb vergessenen Literaten
570 3425 1617 3475 schen Schriften kaum anzutreffen ist, werden einem die
2236 3454 2689 3517 1—1839), und auf dem
1627 3461 2189 3531 Johann Stephan Schütze (1
575 3470 1625 3525 Grundlagen und Anfänge der historischen Wissenschaften
1629 3494 2702 3562 Titelblatt stand über Verfassernamen und Druckort (Leipzig
573 3502 1620 3564 so pädagogisch und methodisch erschlossen, daß man den
1636 3536 2525 3600 1806) schön deutlich „Die Journalisten“
567 3534 1630 3595 ersten Abschnitt gut und gern eine „Enzyklopädie der
1712 3557 2693 3616 Freytag hat den ein halbes Jahrhundert älteren
570 3569 1622 3635 Wissenschaften“ in der Westentasche, einen verjüngten
566 3609 2701 3693 „Boeckh=Bratuscheck“ taufen könnte. Der zweite und der Zwilling eiligst gelesen und am 5. September 1856 also
