3344 4320
1676 225 2077 310 box 33/1
200 232 1498 319 27. Einkund Fliederbusch
414 348 1232 426 lünchener Neueste Nachlichter
690 413 923 495 Mühricher
528 460 999 533 1 1 1014
767 563 807 626 7
1279 630 2188 693 Interesse durch eine meu## Porträts bekann¬
508 626 1099 724 Theater und Musik
1274 678 2201 737 ter Wiener Journalisten aufweisende Milien¬
1281 705 2196 774 schilderung gesteigert wurde, war eine vorzüg¬
503 702 1097 789 Schnitzlers neue Komödie
1273 742 2195 827 liche. Frl. Waldow in der einzigen weiblichen
684 782 1226 842 eh. Wien, Mitte November
1271 786 2190 852 Rolle und Herr Edthofer in der Titzkolle sorg¬
439 821 1251 887 Die Premiere der breiaktigen Komödie
1262 829 1999 902 ten für ein slottes Zusammenspr.
331 852 1253 928 Kink und Fliederbusch im Deutschen
2051 895 2380 952 Soltcraiep.
319 912 1255 968 Volkstheater wird für viele eine Enttäuschung
2392 918 2650 1007 IIOUT9I7
324 946 1254 1001 gewesen sein. Daß der Verfasser des „Anatol“=
328 985 1263 1048 Zyklus und all' der anderen Stücke, in welchen
2075 972 2631 1083 Neukgteits-Veltblat, Wien
324 1025 1257 1082 die sexuellen Probleme es sind, die die be¬
323 1065 1261 1128 herrschende Rolle spielen, der Schöpfer der ge¬
326 1101 1249 1170 strigen Neuheit ist, würde man kaum für mög¬
321 1143 1252 1198 lich halten, wenn man nicht durch die Behand¬
1742 1111 2862 1266 Theater, Kunst und Musik.
316 1187 1259 1248 lung des Dialogs und nicht zuletzt auch da¬
317 1214 1261 1275 durch daran gemahnt werden würde, daß
2240 1239 2791 1326 Wien, 16. November 1917.
329 1261 1257 1320 Schnitzler sich wieder einmal mit einem seiner
314 1291 1256 1364 Lieblingsthemen, mit der Frage der Berechti¬
1829 1290 2820 1388 Deutsches Volkstheater. Artur Schnitzler ist ein
320 1335 1255 1399 gung oder Verwerflichkeit des Zweikampfes
1775 1361 2819 1420 Malheur passiert. Er wollte einmal Vernard Shaw oder
321 1372 1256 1454 beschäftigen würde die er in seiner bekannten
1786 1404 2805 1451 wenigstens Hermann Bahr spielen und sich über die lustig
322 1409 1250 1482 feuilletonistischen Stizze „Leutnant Gustel“ und
1782 1430 2805 1481 machen, die ihn groß gemacht haben. Aber der Spaß ist
316 1453 943 1506 an „Freiwild“ behandelt hat.
1780 1472 2814 1537 mißlungen, weil der Spaß mangelte und nur ein galliges
345 1492 1251 1567 Der so poetisch klingende Titel der Komödie ist
1783 1513 2805 1573 Räsonnement herauskam. Das Journalistenstück „Fink
314 1555 1238 1612 eine Irreführung. „Fink" und „Fliederbusch“
1793 1549 2811 1615 und Fliederbusch“ ist auf einem Witzchen aufgebaut,
313 1577 1258 1649 sind Namen, unter welchen ein junger Journa¬
1784 1585 2804 1631 das zu schwach ist, drei Akte zu tragen. Ein junger Jour¬
304 1632 1239 1689 list in zwei verschiedenen Blättern enrgegenge¬
1781 1633 2810 1693 nalist polemisiert in einem Überalen Blatt, dessen Redaktion
302 1673 1236 1723 setzter politischer Richtung schreibt. Das heißt,
1778 1671 2812 1725 er angehört, gegen Artikel, die er selbst für ein konser¬
314 1704 1213 1769 die Sache verhält sich noch etwas anders. In
1784 1700 2811 1771 vatives Wochenblatt geschrieben hat. Die Polemik trägt
307 1752 1243 1812 dem zweiten Blatt polemisiert er gegen die Ar¬
1779 1743 2807 1798 ihm ein Du l — mit sich selbst ein. Er wird nämlich von
309 1781 1230 1840 tikel, die er in dem ersten veröffentlicht hat.
1784 1783 2813 1858 seinen konserv tiven Redaktionskollegen geziungen, den
302 1820 1248 1908 Durch eine groteske Verlettung von Umständen
1775 1820 2806 1879 liberalen Artikelschre ber zu ferdern. Auf dem Kampsplatz
304 1864 1226 1930 kommt er sögar in die Lage, als „Fink“ von
1775 1862 2811 1939 erscheien dann die beiderseitigen Zeugen, aber nur ein
1782 1903 2813 1974 Kämpfer, der sich als Fink und als Fliederbusch — dies
304 1891 1215 1954 „Fliederbusch, also von sich selbst, ritterliche
1772 1951 2806 2008 die Namen der Gegner — entpuppt. Was tun nun die
319 1941 1223 2004 Genugtnung fordern zu müssen. Der Zweikampf
1779 1977 2805 2042 Chefs der feindlichen Blätter? Sie wenden sich nicht von
306 1975 1225 2043 wird wirklich festgesetzt und zwar unter sehr
1775 2010 2799 2080 dem Gesinnungsumpen ab, im Gegentel, sie lizitieren um
303 2021 1229 2080 ernsten Bedingungen. Erst auf dem Kampf¬
1769 2064 2806 2121 die wertvolle Kraft, die ihnen aber der konservative Ab¬
304 2054 1232 2115 platze wird es ruchbar, daß Forderer und Ge¬
1780 2096 2806 2158 geordnete Graf Niederhof für das nenzugründende, große
301 2099 1232 2160 forderter, Fink und Fliederbusch ein und die¬
1767 2148 2800 2195 Parteiorgan wegschnappt. Herrn Fliederbusch's Vater, der
297 2142 1228 2196 selbe Person sind. Das ist das Gerippe der
1775 2175 2806 2222 in Der Schifsamtegasse wohnt und je nach Bedarf mit
297 2171 1240 2242 Komödie, das mit einer reichlichen Anzahl von
1777 2221 2798 2273 Hosenknöpfen oder Ringstraßenpalais handelt. um seine
302 2214 1227 2275 Aphorismen# #ud Sentenzen über Moral, Poli¬
1782 2257 2801 2302 vielköufige Familie ernahren zu können, ist nun durch den
288 2263 1215 2318 tik und Gesellschaft, vor allem aber auch über
1772 2291 2793 2349 genialen Sohn weiterer Existenzsorgen überhoben. Daß sich
286 2306 1218 2363 Wesen und Wert persönlicher Ueberzeugung
1774 2335 2790 2390 Schnitzler mit jener Presse, die ihn durch ihre Uebertreibung
298 2340 1223 2395 drapiert ist. Nach dem Ausklang der Komödie
1782 2369 2789 2431 so groß gemacht hat, in dieser Weise „auseinandersetzt“
296 2371 1222 2437 scheint Scmitler der Meinung zu sein, daß
1768 2397 2803 2460 wied in den betroffenen Redaktionsbureaus nicht geringes
291 2404 1217 2480 die Welt Ueberzeugungstreue nicht besonders
1773 2446 2801 2517 Erstannen hervorgerufen haben. Die Undankbarkeit ist
287 2454 1231 2515 Hoch einschätzt, sondern daß sie größeres Gewicht
1766 2489 2801 2549 gewiß nicht schön, aber wenn ein Artur Schnitzler um¬
294 2497 1221 2552 auf Vielseitigkeit und Wandlungsfähigkeit legt.
1772 2521 2800 2584 dankbar wird, sollte es doch mt Geist und Witz
289 2524 636 2581 was er dadurch
665 2537 703 2582 10
729 2539 1218 2592 daß die beiden Blätter
1767 2563 2805 2622 geschehen. Man müßte doch lachen können über solche
287 2560 630 2622 durch ein förmli
761 2574 1221 2631 nauflizitieren des Ge¬
1775 2599 2792 2661 Treulosigkeit. Hier wird sie durch Langeweile ver¬
284 2604 626 2659 halts sich der ###
735 2602 1221 2677 eiterschaft des journali¬
1767 2627 2799 2712 schärft, denn das geringe Quautum Humor, das sich aus der
295 2646 666 2695 sischen Chamäleon
707 2650 1216 2727 Fink=Fiederbusch zu ver¬
1771 2681 2789 2723 Seikstforderung des Journalisten Fiederbusch heraus¬
320 2684 436 2733 sichern
577 2691 705 2740 sttrd.
1763 2721 2793 2774 pressen läßt und tropfenweise in Monologen oder ge¬
508 2708 1249 2807 Gelluung sen Mure#hien. (m Aim hes
1763 2755 2795 2810 legentlich eingestreuten Anspielungen serviert wird, ist bald
1766 2795 2795 2864 verraucht und die largen politischen Zwiggespräche, in
1767 2835 2785 2892 den n Schnitzler für die „Demokratie“ eintritt und uns
1760 2867 2792 2939 überzeugen will, daß ein Politiker keine Ueberzeugung
1769 2911 2787 2958 braucht, wogegen ein Journalist mit zwei lieberzeugungen
1766 2953 2786 3009 sen Glück machen konn, fördern nur die Sehnsucht nach
1760 3001 2789 3054 „Schluß der Tebatte“. So rechtfertigte das Stück die
1775 3031 2796 3088 Erwartungen, de man sonst in ein Schnitzlersches Wert
1759 3067 2789 3113 setzt, in teiner Weise, trotzdem für die Aufführung die
1768 3102 2791 3170 besten Kräfte des Deutschen Volkstheaters mobilisiert
1762 3138 2791 3205 worden waten. Herr Ebthofer, svielte den
1762 3182 2785 3249 Fliederbusch mit einer Diskretion, als ob er sich schämte,
1757 3226 2781 3283 die Intentione des Dichters voll zu vertreten. Die Herren
1768 3268 2785 3321 Götz, Kutschera, Klitsch, Homma und Mill¬
1763 3301 2786 3362 mann spielten liberale Redakteure, die Artur Schnitzler
1758 3338 1830 3381 in
1831 3341 2792 3393 seinem Zorn geschaffen, und Herr Forest einen
1762 3382 2783 3439 Reporter, der seinen ursprünglichen Namen Schmock in
1755 3427 2791 3478 Kaietan umgeänderk halte, aber wenigstens die von seinem!
1757 3469 2785 3519 Ahnen aus Freytags „Joursalinen“ überkommene Erbschaft
1754 3496 2782 3557 lustg verwaltete. Die konservative Journalistik wr durch
1761 3527 2787 3597 die Herren Furth, Aslan, Thailer und Leicht,
1760 3577 2781 3634 das seudale Element durch Frl. Waldow und Herrn
1763 3611 2658 3659 Kramer vertreten. Wenn zwei sich streiten,
2653 3626 2777 3672 freut
1750 3644 2779 3716 sich der Dritte. Das Publikum lachte über den Mann mit
1758 3690 2138 3738 —
1759 3724 2152 3804 Ad
1760 3855 2784 3911 zwei Ueberzeugungen. Vielleicht auch über Herrn Schnitzler,
1768 3899 2867 3968 der ja in se#em neuesten Stück sozusagen auch seine „zweite j°d
1760 3946 2322 4011 Ueberzeugung“ geoffenbart hat.
1794 3968 2014 4035 #
