3392 4256
1724 170 2198 275 box 33/1
263 168 1594 284 27. Einkund Fliederbusch
1575 1316 1736 1419 —
431 1344 537 1428 er
524 1387 1056 1449 gegen sich selbst ...
1071 1363 1733 1465 Nehmen wir immerhin die
439 1426 1719 1518 Möglichkeit an, daß dies geschehen kanm; aber die Kontrastirung
443 1481 1720 1574 von Tageszeitung und Salonblatt als polnischer Gegensatz ist
1696 1452 2999 1582 Gedenktage der Menschlichkeit.
442 1513 1715 1610 absurd. Noch absurder als die Idee, daß das Salonblättchen
2881 1558 3023 1628 9
436 1562 1712 1651 von einem adligen Grafen in eine führende katholische Tageszeitung
2267 1559 2397 1643 Von
447 1610 1719 1712 umgewandelt werden soll; am absurdesten aber, daß Fink mit sich
2126 1608 2514 1706 Rudolf Kars.
438 1661 1706 1735 selber ein Pistolenduell austragen muß, weil er sich als Flieder¬
1804 1690 3016 1778 Der Tag des heiligen Leopold brachte uns vor sünfzigssc
441 1704 3343 1833 busch in einer Polemit beleidigt har. und der momentaue Komödien= Jahren, als Vorläufer der 1867er Staatsgrundgesetze, eine Koylmarkt nicht gut
438 1759 3346 1883 spaß, stati aur als solcher dem Augenblick einer burlesken Spiel= Neuerung im Strafverfahren. An diesem Tage hörte in ganz zu verwechseln. Sich
440 1813 3338 1927 situation zu dienen, zu einer Haupt= und Staatsaktion wird. Der edle Oesterreich die körperliche Züchtigung auf. Zum letztenmal konnte in besseren Jahren
443 1860 3334 1916 Graf und die beiderseitigen Chesredalteure überbieten sich dann am 14. November auf einen gewissen Körperteil losgepfeffert wieder sein werden:
437 1896 3337 2029 darin, den talentvollen Schwindler, der aber nichts weiter als werden, und seither gedeiben die Haselstauden und die Birken nur Wie die Demel=Ausl
431 1961 3343 2063 ein dummer, eiler und strupelloser Junge ist, für ihre Unter=mehr in der freien Natur und zählen nicht mehr zu den Etageren, die blitz
432 2004 3334 2109 nehmung zu gewinnen. Herr Schnitzler war nur in einer Richtung Inventarstücken der Strafbehörden. Im Zivil galt die körper= Bronzetischchen mit
432 2060 1704 2121 objektiv: er zeichnet den liberal=demokratischen und den katholisch¬
1693 2079 2933 2164 liche Züchtigung sowohl als Hauptstrafe, als auch als Stell¬
2921 2097 3337 2169 Zeitalter, dem jetzt
436 2098 2935 2223 konservativen Journalismus und seine Drahizieher gleichermaßen vertretungsstrafe für Arrest, ja sie fand auch Geltung als Neben¬
2927 2137 3325 2212 schlecht mit Obers¬
439 2149 2921 2255 einfältig oder gesinnungslos. Natürlich ist das eine wie das andere oder Verschärfungsstrafe; sie bildete im letzteren Falle gewisser¬
2923 2204 3344 2263 auch beim Demel sch
438 2200 1465 2275 falsch. So dumm ist man weder hüben noch drüben.
1681 2217 2719 2298 maßen den Pfeffer oder Paprika auf die Hauptstrafe.
2909 2241 3344 2329 als sozusagen Süß
540 2251 1698 2329 Das Stück, im Künstlerischen minderwertig, ist theatralisch
1782 2260 2932 2355 Veim Militär bestand die Spitz=(nicht Spieß-)ruten¬
2910 2287 3081 2355 bekam.
436 2264 1683 2370 ebensowenig geraten. Ein paar hübsche Streiflichter, kleine Humore,
1673 2307 2932 2398 und die Stockstreichstrafe. Der Stock war überhaupt im alten
3016 2330 3336 2405 Aber was man
430 2339 1693 2423 und die ganz plastisch gesormte Figur eines possierlichen, dichterisch¬
1676 2364 2919 2440 Heere das Symbol der Macht. Von ihm ging wirklich, um mit
2917 2376 3349 2456 oder nicht bekommt
432 2394 1676 2468 journalistischen Wichtigtuers, machen sich in den drei Akten
1681 2414 2928 2483 dem alten Wachtmeister in „Wallensteins Lager“ zu reden, alles
2921 2430 3349 2507 Zuckerbäckers eigentlich
435 2430 1697 2513 bemerkbar. Freilich: was den Witz bewifft, werden in den
1674 2463 2928 2540 Weltregiment aus. Wer nicht Offizier oder Edelmann oder aus¬
2916 2487 3354 2565 auch in besseren Zeit#
426 2471 3342 2588 Redaktionen, ob liberal oder konservativ, weit bessere Witze gemacht drücklich privilegiert war, der war dem Stocke unterworfen. Je Himocereises zum Der
424 2520 1685 2610 und Menschlichleiten schärfer erkannt. Ansonsten ist man über
1671 2552 3337 2649 nach dem Range des Offiziers war der Stock verschieden. Er schliffenen Kristalltelle
416 2564 2914 2695 den Mangel jeder Technik fast verblüfst; hilflos pendelt der bestand für den Oberst in einem spanischen Rohre mit goldenem
2916 2621 3336 2690 sache, sondern das #
425 2629 3338 2743 Dichter von Alt zu Lkt. Von den Darstellern, die allesamt sehrKnopfe. Der Oberst hielt darauf, daß niemand seinem „Stocke“ pflegte. Der Demel i
414 2672 3341 2733 brav, sehr tüchtig ihre satirischen, gewichtigen oder ach so vorgreife; sogar ein fremder General durfte sich nur 24 Stunden Korsostation. Er wal
418 2716 2920 2840 leichten Bemetiungen bringen, hebt sich namemlich Herr lang eine Einmischung erlauben, sonst hätte es ja
2910 2767 3334 2837 wohl noch. Es gibt
419 2770 2668 2827 Forest ab; er ist als der wichtiglnerische Haus Dampf in passteren können, daß der arme Mann
2644 2808 2916 2881 von zwei
2903 2810 3345 2901 häuser, die unvergleich
412 2825 2920 2939 allen Gassen ungemein ergößlich. Herr Edthofer als Fink= Seiten, einmal auf Kosten des Regimens, einmal
2897 2853 3216 2929 mit einer #t#
429 2865 2927 2973 Fliederbusch ist zu wenig Windhund: statt mit der Rolte zu über Besehl des Generals geprügelt wurde, und wohlschmeckend
2904 2894 3335 3002 eingerichtel D'Zamme
415 2912 1674 3005 spielen, läßt er sah von ihr schieben; es jehlt ihm sozusagen das
1666 2940 3303 3010 waren diese beiderseitigen Prügel, oö kompetent oder inkompetent, künstlerische.“ das
419 2958 1110 3040 Improvisatorische des Augenbüicks.
1651 2985 2913 3060 keineswegs. Der Obristieutnant hatie einen dünnen Stock mit
2895 2996 3334 3083 schöne Wien soz
528 3011 2898 3115 Nein, über diese Komödie#ist dech nur mit einem Achtel= Silbertnopf, der Stock des Majors war dicker, wahrscheinlich aus
2902 3055 3301 3127 wollte, tät gut,
421 3067 3320 3179 zucken hinwegzugehen. Ich bin eitich entrüßtet. Aber nüht, dem Grunde, weil er bei Exekutionen den Besehl führte. Wenn zum Demel zu gehen.
417 3103 3319 3225 weil Schnitzler solche Jnnrnalinn geihen hat: nur, weil er michlin ein aimer Teusel zum Svitzrulenlausen verurteist war, ritt der einzudringen und auf
412 3157 3328 3270 drei Akte hindurch so gelangweint nat. Das Puhlikum, weniger Majer tängs der Hasse, um mit seinem kräftigen Stock die sesselchen einen Platz
417 3211 3336 3308 ehrlich, klaischte ihm, als er sich vor dem Vorhung zeigte, säumigen Soldaien zur lebhasteren Handhabung der Rute anzu=Komtesse, für eine ##
411 3255 3326 3356 freundlich und bestimmt Beisall, verhiett isch aber im übrigen seisern. Am meisien gefürchtet war der Stock des [Fähmrichs, denn doch mindestens für ei
412 3301 2569 3358 sehr zurückhaliend. Zum Schluß war is nur noch einder tunzte #ft sehr unsanft auf manchen Rücken,
2552 3345 3322 3424 wenn der Heir] Der Mensch sing bei
404 3343 716 3421 Appläuschen.
1634 3374 2564 3461 Fähnrich die grimmige Dienstesmiene. aussetzte.
2867 3394 3335 3489 lund der Stamingast u
