3392 4320
246 228 1553 324 27. Eink und Fliederbusch
1192 1734 1311 1814 16 10
873 1860 1591 1938 Dresüher Nachrichter
569 1948 1694 2022 + Arthur Schnitzlers—nene Komödie „Fink uni
514 2010 1684 2069 Fliederbusch“ wurde im Wiener Deutschen
511 2060 1687 2114 Volkstheater uraufgeführt, ohne stark zu wirken. Sie
513 2090 1719 2158 behandelt das Tbema Zeitung und Zeitungsleute. Karl
541 2208 1748 2275 Schönharrs neuestes Drama „Frau Suitner“ hatte
538 2262 1077 2337 im Burgtheater Erfolg.—
1175 2266 1495 2350 erhau : Ar
1642 216 2101 316 box 337
2652 620 2996 805 ZU
2094 694 2644 798 Aayesse: Hamburg
2090 833 2315 903 Datum:
2637 823 2985 910 4 7.N00. 1
2926 903 2970 963 7
2369 973 2877 1066 Theater, Kunstl
2389 1054 2927 1139 und Wissenschafts
2346 1196 2890 1271 Ein neues Drama
2290 1263 2942 1350 von Arthur Schnitzler.
2311 1332 2909 1403 „Fink und Fliederbusch“.
2235 1392 3047 1463 uraufführung in ###
2216 1445 3088 1506 Die am Deutschen Vollsthea¬
2250 1498 3088 1553 zum ersten Male zur Aufführung ge¬
2137 1521 3080 1599 brachte dreiaktige Komödie „Fink und Flieder¬
2138 1567 3087 1630 busch“ von Arthur Schnitzler wird für den
2144 1607 3087 1671 größten Teil des Publikums eine Enttäuschung
2134 1653 3089 1697 gewesen sein. Daß der Verfasser des „Ana¬
2137 1688 3003 1752 iol“=Zyklus und all der anderen Stücke,
2134 1720 2973 1785 welchen die sexuellen Probleme es sind,
2134 1760 3084 1825 beherrschend im Vordergrunde stehen, der
2136 1799 3086 1851 Schöpfer der gestrigen Neuheit ist, würde man
2135 1836 3078 1903 kaum glauben, wenn man nicht durch die Be¬
2139 1876 3088 1941 handlung des Dialogs und nicht zuletzt auch
2133 1917 3080 1978 badurch daran gemahnt werden würde, daß
2137 1952 3079 2010 Schnitzler sich wieder einmal mit einem seiner
2138 1990 3080 2058 Zieblingsthemen, mit der Frage der Berechti¬
2134 2030 3070 2093 gung oder Verwerflichkeit des Zweikampfes be¬
2149 2075 3080 2127 häftigen würde, die er in seinem bekannten
2140 2108 3067 2180 Feuilleton „Leutnant Gustel" und in „Frei¬
2130 2147 3068 2212 wild“ behandelt hat. Der so poetisch klingende
2125 2188 2611 2243 Titel der Komödie i
2666 2191 3072 2254 eine Irreführung.
2125 2233 3068 2289 „Fink" und „Fliederbusch“ sind Namen, unter
2124 2267 2841 2329 welchen ein junger Journalist
2935 2267 3073 2331 zwei
2130 2304 3073 2363 verschiedenen Blättern entgegengesetzter poli¬
2137 2343 3059 2401 scher Richtung schreibt. Das heißt, die Sache
2114 2377 3060 2445 verhält sich noch etwas anders. In dem zwei¬
2125 2422 3045 2484 in Blatt polemisiert er gegen die Artikel,
2120 2457 3047 2524 die er in dem ersten veröffentlicht hat. Durch
2111 2489 3094 2560 eine groteske Verkettung von Umständen kommt
2567 2552 2734 2614 S
2102 2620 3059 2690 es sogar dazu, daß Fink von Fliederbusch
2102 2678 3058 2728 ritterliche Genugtnung zu fordern gezwungen
2105 2719 3045 2763 wird. Der Zweikampf wird wirklich festgesetzt,
2098 2758 3051 2795 und zwar unter besonders scharfen Bedingun¬
2104 2782 3062 2844 gen. Erst auf dem Kampfplatz wird es offen¬*
2097 2834 3056 2884 bar, daß Fink und Fliederbusch eins sind.
2097 2867 3055 2920 Das ist das dürre Gerippe der Komödie
2091 2904 3049 2974 Schnitzlers, das mit einer reichlichen Anzahl
2088 2951 3051 3012 von Aphorismen über Moral, Politik und Ge¬
2095 2987 3050 3048 sellschaft, vor „allem aber auch über Wesen
2099 3026 3054 3073 und Wert persönlicher Ueberzeugung drapiert
2147 3071 3048 3122 .Nach dem Ausklang der Komödie scheint
2087 3105 3054 3173 Schnitzler der Meinung zu sein, daß die Welt
2086 3147 3046 3183 Ueberzeugungstreue nicht besonders hoch ein¬
2097 3185 3039 3240 schätzt, sondern daß sie größeren Wert auf Viel¬
2104 3226 3042 3265 seitigkeit und Wandlungsfähigkeit legt, weil da¬
2087 3268 3038 3316 durch erwiesen wird, daß die beiden Blätter
2087 3306 3036 3350 durch ein förmliches Lizitieren des Gehaltes
2088 3342 3040 3396 sich der Mitarbeiterschaft des journalistischen
2095 3378 3038 3433 Chamaeleons Fink=Fliederbusch zu versichern be¬
2094 3419 3038 3473 strebt sind. Die Darstellung der Komödie, für
2093 3462 3039 3509 die das Interesse durch eine mehrere Porträts
2088 3496 3046 3553 bekannter Wiener Journalisten aufweisende
2095 3521 3047 3598 Milieuschilderung gesteigert wurde, war eine
2087 3566 3035 3625 vorzügliche. Frl. Waldow — in der einzi¬
2092 3610 2559 3667 gen weiblichen Rolle
2558 3609 3045 3682 — sowie die Herren
2088 3649 2311 3703 Edthof
2418 3646 2800 3709 in der Titelrolle
2863 3656 3035 3705 Kra¬
2085 3666 3027 3733 mer, Fürth, Kutschera, Klitsch,
2099 3727 3036 3774 Forest, Götz und Millmann sorgten
2090 3766 3040 3823 für ein flottes Zusammenspiel und überbrückten
2943 3811 3002 3853 —
2089 3814 2672 3863 so manche bedenkliche Stelle.
