3344 4352
1622 179 2169 299 box 33/3
229 198 1560 314 27. Einkund Friederbuscn
570 1385 1788 1453 Staatsseiretar Dr. Solf in Begleitung des Geheimen Regierungs¬
1799 1397 2784 1474 jahres telegraphisch herzliche Gluckwünsche übermittelt.
225 1406 545 1485 dieser Kriegs¬
566 1433 1794 1499 rates Grafen Bethusy=Huc und des stellv. Kommandeurs der Schutz¬
1877 1438 3033 1514 st. Seine Majestät der König hat den Angehörigen des ver¬
294 1465 535 1527 zuerst an
563 1483 1781 1539 truppen, Majors Strümpell soeben nach Luzern, woselbst ein acht¬
1802 1495 3027 1565 storbenen Kommerzienrats Max Schmederer telegraphisch sein
242 1499 548 1574 immer zögert,
550 1509 1723 1576 tägiger Erholungsaufenthalt der Ostafrikaner vorgesehen ist. Di
236 1540 570 1617 i zu erklären,
554 1551 2420 1611 letztgenannte Abordnung wird im Auschluß an jene Begrüßungsfeier  wärmstes Beileid ausgesprochen.
1795 1649 3030 1707 daß er in der Rolle des draufgängerischen Frechdachses heimisch
573 1663 1777 1721 Francesco d'Andrade hier gesungen hat. Die Gerechtigkeit erfordert
1804 1694 2120 1754 werden konnte.
2101 1681 3038 1749 Fein ausgearbeitet war dagegen Ferdinand
574 1710 1789 1762 aber, festzustellen, daß unser einheimischer Darsteller des René, dank
1816 1727 3037 1803 Bonns Graf Niederhof und Ilka Grünings galante Fürstin.
567 1738 1791 1801 seinem wundervollen Piano, diese Roll wie den Rigoletto kaum
230 1741 546 1820 le des Berliner
2826 1771 3008 1839 B. P.
571 1778 1779 1836 minder schön singt als Herr Schwarz. Die musikalische Leitung der
253 1782 545 1858 Verdis, der
573 1815 1780 1879 gestrigen Aufführung hatte Herr Walter selbst in die Hand ge¬
1869 1811 3032 1879 * Münchener Konzerte. Von den Klavicrabenden der vergan¬
247 1830 549 1889 es als ein
574 1855 1781 1907 nommen, und sie bot, auch vom Gaste abgesehen, sehr schöne Ein¬
230 1867 542 1933 de Ausschließ¬
1801 1856 3033 1931 nenen Woche verdienen die der Pianistinnen Therese Diehn¬
572 1885 1790 1951 drücke. Die Partie der Amelia wird nun für Frau Perard¬
1808 1903 3026 1968 Slottko und Sandra Droucker besondere Erwähnung. Die
237 1905 550 1967 utschen Sänger
566 1925 1783 1983 Theisen in der Höhe etwas mühsam, aber sie führte sie mit
245 1943 541 2008 agner, sondern
1800 1941 3028 2012 zuerst genannte hat sich bereits im vorigen Jahre ins hiesige Musik¬
570 1969 1784 2025 Ehren durch. Den Grafen Richard sang, wie schon früher wieder¬
235 1981 544 2045 um willig mit
1811 1979 3029 2036 leben vorteilhaft eingeführt, und von ihrem heurigen Konzerte läßt
564 2003 1785 2065 holt, Herr Wolf mit allem Glanz und leider auch mit voller Kraft
239 2020 551 2079 wieder einmal
1812 2026 3030 2082 sich sagen, daß es die Bestätigung wertvoller und sympathischer künst¬
572 2050 1780 2104 seiner Stimme. Die Wahrsagerin Ulrica ist ein schwächerer Aufguß
232 2058 545 2124 ht satt an der
1809 2067 3037 2117 lerischer Eigenschaften erbracht hat. Beethovens 32 Variationen in
566 2083 1781 2141 der meisterhaften Azucena im Tronbadour. Auch diesmal war sie
1809 2091 3031 2155 C=Moll und die Sonate in As=Dur Opus 39 von C. M. von Weber
255 2111 547 2167 t ausschließlich
558 2119 1783 2181 durch Frau Färber=Straßer gut besetzt. Eine weit höhere
1813 2150 3034 2196 waren die größeren Werke ihres Programms, und man hörte ein
244 2129 539 2210 h Schwarz ist
563 2167 1781 2218 Bedeutung legte Verdi selbst der anscheinend kleinen aber wichtigen
261 2169 549 2248 in der italie¬
1813 2193 3041 2245 technisch sauberes und zuverlässiges, energisch und musikalisch ge¬
568 2213 1776 2261 Partie des Pagen Oskar bei. Am 26. November 1858 schreibt Verdi
238 2215 541 2279 en kann. Er
1810 2227 2555 2288 staltendes und temperamentvolles Spiel.
560 2242 1778 2301 an seinen Freund Luccardi: „Uebrigens werde ich lieber die Oper
234 2255 544 2317 nato entfesselte
1868 2266 3030 2329 Sandra Droucker nimmt durch den churaktervollen Ernst
559 2271 1774 2343 nicht geben, als dulden, daß eine so wichtige Partie (eben die des
239 2302 538 2360 #wohl er nicht
1804 2305 3028 2364 ihres Musizierens für sich ein. Sie gibt sich gern der Kunst älterer
570 2318 1780 2376 Pagen) ruiniert wird“. Gestern wäre er gewiß sehr damit zu¬
249 2338 541 2400 eja nicht nach
1811 2345 3033 2395 Meister hin. Diesmal waren es Bach und seine Söhne, ferner
561 2344 1789 2414 frichen gewesen. Fräulein Ivogün war nicht nur einer der her¬
251 2376 544 2435 letzten, fünften
1812 2384 3027 2436 W. F. Rust (1739—1796). Die Aufnahme der Sonate A=Dur
565 2400 1786 2444 zigsten Pagen, die wir hier gesehen, sondern auch einer der musika¬
319 2420 540 2474 Ursprüng¬
1801 2419 3035 2481 Opus 120 von Schubert und eines schönen Werkes von Cäsar Franck
564 2439 1786 2493 lisch erfreulichsten. Sie eroberte sich mit ihren mühelos perlenden
244 2445 543 2514 hera, sondern
1801 2468 3026 2530 (Präludium, Choral und Fuge) in das Programm war ebenfalls
557 2477 1785 2529 Koloraturen stürmischen Beifall bei offener Szene. Wir haben noch
255 2487 537 2553 und sie schien
1807 2506 2065 2580 gutzuheißen.
548 2514 1786 2574 den gemütlichen Matrosen Silvan des Herrn Bauberger und die
253 2526 541 2593 ch, daß sie die
1867 2539 3026 2604 Kammersängerin Anna Erler=Schnaudt hat sich längst
557 2550 1778 2612 beiden Verschworenen der Herren Grisit und Lohfing, sowie
256 2572 541 2633 rbot. Sie ist
561 2583 1786 2652 den Richter des Herrn Hohnau zu erwähnen. Die Oper zeigt zum
1802 2580 3034 2652 zu einer imponierenden Höhe gesangstechnischen Könnens empor¬
272 2603 537 2666 durch einen
567 2617 1792 2692 Schlusse die gleiche Szenerie, mit der der Rigoletto begonnen: cben
1805 2632 3030 2684 gearbeitet. Ihre musikalische Sicherheit und ihr künstlerischer Ge¬
265 2640 537 2713 zuerst sogar
1807 2672 3028 2716 schmack sind nicht minder rühmenswert wie die edle und gefühlsinnige
559 2656 1787 2728 eine Maskenball, der durch die Mitwirkung des Balletts sich noch
252 2684 533 2749 Erfolg, der
570 2702 1784 2761 lebendigez#gestaltet. Die wahre Feiertagsvorstellung sah ein ausver¬
1803 2706 3035 2765 Art ihres Vortrages. Einer solchen Künstlerin gelingt es, einen
254 2729 535 2786 Enttäuschung
1799 2738 3031 2803 Liederzyklus wie Schumanns „Frauenliebe und =Leden“ zu einem
554 2739 1789 2811 kauftes Haus, und wir sind durch Herrn Joseph Schwarz um eine
253 2758 535 2824 occanegra“ in
1626 2784 1749 2843 .M.
1810 2775 3031 2841 wahren inneren Erlebnis werden zu lassen, das den Hörer in seinen
569 2784 1448 2859 intgssante Opernbekanntschaft reicher geworden.
243 2802 535 2858 #ll in seiner
1800 2824 3028 2872 Bann zwingt. Es braucht kaum erst gesagt zu werden, daß die
648 2835 1780 2894 * Schnitzlers „Fink und Fliederbusch“ im Berliner Lessingtheater.
238 2836 544 2906 d aber immer
1803 2847 3028 2921 Sängerin an dem „Romantischen Abend“, den sie mit der einhei¬
251 2874 1784 2932 e Holzschnitt= Zür Berliner Erstaufführung von Artbir Schnitzlers „Fink
1803 2906 3024 2965 mischen Pianistin Helene Zimmermann gegeben hat, wieder
566 2920 1787 2973 und Fliederbusch“ wird uns aus Berlin gemeldet: Die neue
252 2915 493 2988 tun ist zewis
1804 2944 3028 2991 Gegenstand aufrichtiger und tiefer Bewunderung war. Auch ihre
563 2951 1785 3013 Journalistenkemsdie von Schnitzler ging am Freitag im Lessing¬
278 2952 488 3021 der Hofn#
1806 2975 3031 3033 Wiedergabe mehrerer Gesänge von Brahms stand auf einer unge¬
555 2993 1780 3049 theater mit stark bestrittenem Erfolg über die Bühne. Was uns
261 2984 525 3052 ast bei Meser
1797 3014 3032 3079 wöhnlichen Höhe nachschaffenden Könnens. Richard Trunk saß
552 3020 1774 3077 Schnitzler mit seiner neuen Dichtung bietet ist die bittere Hefe, ein¬
320 3029 529 3094 8 Rissoletto
1805 3056 3026 3111 als Begleiter am Flügel. Er hat von den Erfordernissen der Kunst
564 3058 1775 3124 gehüllt in eine gewaltsame Lustigkeit in die man nicht einstimmen
295 3074 539 3135 r besitzt eine
1803 3095 3028 3155 des Begleitens eine zu hohe Meinung, als daß er sich mit bloßer
552 3113 1767 3165 kann. Der plumpe Zynismus am Schlusse des Stückes, dessen In¬
270 3107 542 3168 Richarb über¬
1797 3136 3025 3191 Routine zufrieden gäbe. Er weiß, daß es sich hier um ein wahr¬
559 3137 1773 3204 halt wir schon gelegentlich der Wiener Uraufführung ausführlich
262 3142 537 3220 n Spiel war
1808 3174 3032 3240 haftes, von aufmerksamer Beobachtung und fer Empfindung er¬
565 3175 1773 3237 wiedergegeben haben, verstimmte stark. Trotz der vielen, die sich
272 3176 533 3247 er sich so in
1813 3221 3027 3277 fülltes Mitgestalten hendelt, und er löste diese Aufgabe denn auch
554 3218 1786 3284 dennoch zu amüsieren schienen, dürfte dem Stücke nur ein kurzes
255 3217 537 3292 ch der leiden¬
1805 3242 3026 3320 im Sinne eines „inneren Mitgehens“ sehr schön. An dem Erfolg des
552 3258 1780 3319 Leben beschieden sein. Die Darsteliung erreichte nicht die an dieser
266 3269 548 3325 (Eri tu che
1803 3291 3024 3346 Abends hatte Helene Zimmermann berechtigten Anteil. Ihre
561 3294 1786 3353 Stelle gewohnte Höhe. Die vielen Ple####eiten der Nebenfiguren
260 3287 545 3370 ienen. Der
1791 3334 3020 3388 großzügige und schwungvolle, doch auch dem Detail liebevoll nach¬
554 3341 1789 3394 wurden unterstrichen, statt gemildert und Bussermann hat zu
270 3338 545 3401 nachzugeben,
257 3370 3032 3440 : noch früher I oft die Maske des Grüblers mit der gebrochenen Seele getragen, als I spürende Interpretationen der Sinsonischen Ctuden von Schumann
1644 3424 1729 3532 ∆
1234 3423 2032 3613 Naut Mealh.
1162 3542 1226 3617 7
2327 3434 3001 3671 N
2543 3688 2781 3766 8
