3344 4352
251 225 1550 316 27. Einkund Fliederbuse-
136 930 485 990 hongespräch hört,
491 940 1461 993 Schwartze gute, vielleicht nur zu anständige
136 974 485 1035 will. Es ist für
498 981 1468 1032 Verkörperung. Klöpfer dagegen vergriss sich
146 1019 480 1072 was diese Für¬
505 1023 1472 1074 im Habitus des Styx. Dieser braucht keines¬
138 1059 483 1110 elt, aber es ist
488 1062 1469 1124 wegs einen so abstoßenden Eindruck zu machen,
148 1089 474 1150 lanaweilige Ko¬
491 1103 1472 1155 wenn er auch ein dunkler Ehrenmann ist.
146 1135 479 1189 gewinnt, wenn
497 1140 1480 1177 Einige weitere Redakteurstypen wurden von
177 1171 479 1224 ganz skizzen¬
492 1173 1495 1231 Reimann, Lobe, Grüning. Laskowski
134 1186 485 1274 hlent diese Frau
490 1224 1478 1285 und Wallburg sicher gezeichnet. Aus dem
128 1258 478 1303 overfehlt man¬
489 1261 1472 1297 Kajetan hätte sich mehr machen lassen, als Kuck¬
126 1292 473 1347 chwach die künft¬
498 1301 1462 1338 hoff vermochte. Dem gräflichen Parlamen¬
137 1336 482 1378 nisch manche Fi¬
495 1339 1462 1388 tarier und Zeitungsgründer lieh Brückner
142 1365 475 1421 steht die Fürstin
493 1377 1469 1412 ausgezeichnete Figur und kluge Art der Reden;
126 1401 492 1461 zie inmitten der
499 1415 1464 1467 fesch, liebenswürdig, echt wienerisch war Poldi
145 1448 476 1506 eitungsmenschen,
496 1455 1471 1510 Sangora als Fürstin. Das Zeitungsmilien
143 1490 364 1542 Typen, —
363 1490 472 1539 auch
496 1496 1460 1532 war szenisch aut herausgebracht, der Beifall war
190 1521 475 1577 Anspruch auf
482 1526 1454 1594 in erster Linie die Anerkennung der sehr ge¬
166 1563 472 1618 der Hanswurst
498 1565 1428 1623 diegenen Gesamtleistung des Abends. H. W.
143 1597 489 1656 alles macht, am
148 1641 474 1700 ie eigenen The¬
152 1672 485 1729 Wirklichkeit ent¬
249 1716 486 1773 der nieder¬
179 1765 479 1813 ur Presse ver¬
198 1839 479 1893 Fink=Flieder¬
174 1874 493 1936 s ihm schlägt.
216 1917 483 1986 e das klassi¬
723 1892 1690 2016 Zeitung: Frankfurter Zeitung
199 1966 475 2024 Beise erreicht;
1073 1976 1559 2047 II. Morgen-Ausgabe
205 2011 476 2066 Abarten der
238 2047 487 2114 uf halbem
719 2022 1509 2125 Adresse: Frankfurt, a. M.
250 2090 484 2140 Komik sei¬
240 2118 477 2181 er eine be¬
1346 2096 1609 2197 V0V/979
720 2132 953 2212 Datum:
249 2164 467 2217 irkung auf
201 2204 466 2258 schätzenswerte
236 2246 478 2297 Abend eini¬
589 2244 1708 2331 Fille Journaliflenkomödie von Arkhur Schnitzler.
206 2278 478 2347 rstellung, die
1016 2308 1686 2364 r. h. Frankfurt, den 17. Novbr.
199 2362 472 2413 eilhaften Ge¬
671 2351 1725 2417 Das Neue Theater brachte heute Arthur Schnitzlers
146 2396 471 2454 hte. Als Fink¬
680 2405 1720 2466 ödie „Fink und Fliederbusch“ die am Mittwoch
171 2429 476 2491 Schmockcharak¬
680 2429 1724 2501 Wiener Uräufführungerkebt hat, zurersten deutschen Wie¬
154 2477 477 2535 des Unbewuß¬
692 2484 1721 2542 be. Der Dichter steigert hier die von Gustap Freytag ge¬
138 2511 475 2572 uch sonst großer
699 2525 1728 2583 ene und zu übler Typik gelangte Figur des Schmock in
136 2558 466 2611 eidenheit beflei¬
690 2567 1730 2615 er und geistreichet, wenn auch nicht gang überzeugender
128 2597 463 2650 athien für sei¬
702 2604 1726 2651 zür Gestalt des Ueberschmack des Männes, der zwei
135 2635 464 2691 werben. Einen
703 2649 1734 2703 zeugungen zu gleicher Zeit vertritt, der in dem konser¬
136 2675 465 2728 Kner in dem
699 2675 1736 2737 n Blatt gegen die Artikel polemisiert, die er selber in
140 2709 466 2760 ikler Füllmann
710 2725 1728 2765 mokratischen Zeitung geschrieben hat und der sein Dop¬
138 2756 464 2804 kieure der seind¬
706 2763 1730 2822 l als Fink und Fliederbusch gar mit einem Duell mit
158 2791 500 2863 ßmann und!
697 2804 1723 2844 ber krönen muß. Der Journalismus ist aber trötz der
680 2841 1724 2886 schen Lichter, die hier über W’ener Lokalfarben spielen,
581 2883 1732 2943 nur äußerlich das Thema dieses Thesenstückes, da der jour¬
574 2923 1727 2982 nalistische Verwandlungskünstler mehr als Typ des politischen
572 2963 1725 3011 Snobs, des charakterlosen Mitläufers zu verstehen ist, dem
586 2996 1727 3060 Schnitzler mit ausgleichender Objektivität den Typ des Ama¬
645 3035 1723 3102 irstaatsmannes, des Mannes ohne feste Ueberzeugungs
667 3086 1686 3126 nüberstellt. Der alte und der neue Schnitzler (des Pr.
679 3108 1708 3180 Bernhardi) mischen sich in dieser österreichischen Charak
669 3167 1694 3210 mödie, die in vertrautem Gedankenkreis die Identitiät de
658 3204 1681 3249 ensätze Sein und Schein, Wahrheit und Lüge, spielerisch
645 3245 1674 3295 beweisen sucht; ein künstlerischer Fehler, der auch die Wir
609 3283 1673 3334 ung schädiat, ist wohl darin zu suchen, daß die groteske Figu
587 3320 1685 3382 des Ueberschmocks nicht gerade stilrein in ein realistische
593 3361 1693 3418 Lustspiel statt in groteske Umwelt hineingesetzt ist Die Auß
600 3400 1689 3457 Führung unter der Leitung Direktor Hellmers und mi
577 3440 1689 3493 Herrn Graetz in der glücklich gespielten Titelrolle wa
564 3479 1709 3540 lebendig, wenn auch nicht durchweg ausgeglichen, und dem
568 3519 1710 3581 geistigen Gewicht der Komö##e gewachsen. Das Publikum in¬
578 3564 1711 3623 teressierte sich für die Handlung und spendete besonders nach
570 3601 1373 3667 dem Verwickelungsakt freundlichen Beifall.
1717 221 2149 313 box 33/2
2734 1013 2857 1062 9—
1946 980 2737 1112 Aaresse: Frankfurt a. M.
1952 1106 2158 1183 Datum:
2592 1113 2972 1227 18. A00. 1917
2089 1257 2831 1359 Kunst und Wissenschaft.
1949 1349 2991 1398 /= Neues Theatex, Die neue Komödie „Fink und Flieder¬
1922 1386 2987 1442 lusch“ von Arthin Schnitzler interessierte mararlich im
1916 1428 2986 1481 worulls als das nie Werk eines Mannes mit Namen.
1910 1467 2990 1511 Der kritischen Betr#chtugann es leider ernstlich nicht
1935 1507 2993 1565 standhalten. Das beties nich der Wiener Uraufführung
1930 1545 2996 1603 und ihrer mäßig güstigenk Beurteilung auch die hiesige
1939 1580 2983 1631 Erstaufführung des merkwürdig bührenfremd gestalteten
1941 1629 2983 1670 Stückes, das einen satirischen Schwänkeinfall aus dem
1940 1652 2984 1712 Journalistenmilien in überbreitem Komödientone an vielen
1933 1701 2998 1755 bewußt falsch gesehenen menschlichen Figuren demon¬
1940 1745 2993 1796 striert. Die Aufführung unter Herrn Hellmers Leitung
1932 1795 2985 1827 strebte aus der Breite zu Höhepunkten und das Publi¬
1927 1805 2993 1864 kum klatschte mehr oder weniger lebhaft. Die Kritik aber
1927 1849 3017 1918 kkann, davon unbeiert, leider keinen künstlerischen Fort¬
1937 1890 2811 1973 schritt in Schnitzlers Bühnenarbeit konstatieren.
1928 2191 2841 2321 ung: Frankfurter Nachrichten
1942 2324 2563 2432 esse: Frankfurt a. M.
1948 2480 2076 2536 um:
2547 2472 2948 2561 7 S. N0U 4910
2079 2598 2551 2680 „Fink und Kliederbu
2651 2600 2991 2682 Die Komödie
2004 2644 2987 2713 Artfür Schnitzlers aus dem Peich der
2008 2677 2993 2761 Druckerschwärze und der parlacentarischen
2004 2720 2990 2804 Kämpfe „Fink und Fliederbarsch“ ver¬
2003 2773 2984 2847 mochte bei ihrer ersten Aufführungstern abend
2011 2794 2986 2877 im Neuen Theater nicht über die Augen¬
2004 2845 2984 2907 blickswirkung eines gefälligen Witzes hinaus zu
2008 2890 2981 2958 interessieren. Das Ganze ist eine Schmockiade,
2002 2920 2972 2992 zu ihrem eigenen Nachteil gewürzt mit ethischen
2003 2955 2979 3028 Surrogaten, die den sarkastischen Grundgeschmack
2010 3006 2980 3079 verderben. Fink und Fliederbusch sind dieselbe
2007 3028 2981 3110 Person, ein junger Journalist mit zwei An¬
2002 3073 2969 3144 schauungen, der sich mit sich selbst duellieren soll
1997 3126 2974 3189 und um den die Chefredakteure gegnerischer
1998 3159 2978 3229 Blätter zum Schluß ein Wettbieten veranstalten.
2007 3196 2977 3268 bei dem ein Außenseiter, ein gräflicher Parla¬
2002 3236 2969 3310 mentarler und Zeitungsgründer. Meistbietender
2002 3271 2974 3357 kleibt. Die drei Akte fanden trotz ausgezeich¬
1993 3309 2963 3374 neter Darstellung nur wenig Beifall. Als Fink¬
1988 3358 2978 3436 Fliederbusch bot Graetz eine gut retouchierte
1991 3391 2194 3442 Leistung.
2068 3430 2594 3506 dl.witz-e Mmter.
2593 3442 2913 3541 Ree
