3344 4320
1658 185 2118 295 box 33/1
181 189 1520 312 27 Finund Friederbuscn
95 844 312 938 —
77 926 697 1010 ontags Journal, Wies
82 991 320 1102 #o###
998 1076 1361 1182 —
1802 1076 2033 1178 Speen
819 1163 3142 1255 Ist es nicht möglich, eine Täuschung wie diese, so lange schen auf die Bühne stellt. Einen in der Schale verkommenen.
121 1162 657 1264 und Literatur.
700 1187 3132 1272 aufrecht zu erhalten, so ist es noch unmöglicher, die Täuschung im Kern aber immer noch lebenskräftigen Aristokraten, der seins
697 1253 3125 1329 so frivol zu lösen. Um einen solchen Kerl zeißen sich die Leute Moral in Bitterkeit taucht und von seiner Frivolität lebt. Eich
85 1247 577 1364 Fliederbusch“.
704 1315 3121 1385 nicht, weil das kein Einfall ist, sondern ein Lumpenmätzchen ...trotz seiner Verächtlichkeit sympathischer Kerl ... Wie ih
101 1328 664 1424 Arthur Schuitle
708 1358 1915 1416 Jeder Journalist kann es, zugleich Replikant und Duplikant zu
1910 1358 3139 1429 Schnitzler offenbar nicht gezeichnet hat. Herr Kramer finder
717 1408 1912 1468 sein. Aber keiner macht es, weil er die „insame Kassierung“
85 1384 715 1467 Dialog hat's, viele Figuren hat's
1906 1407 3120 1474 sich mit einem lamorianten Kavalier äußerlich ab, weil Inneres
719 1454 1907 1514 fürchtet, die ihm zweifellos bevorsteht, wenn es enthüllt wird.
79 1441 724 1531 as ist das? Das ist die neueste
1912 1460 3134 1534 nicht viel vorhanden ist. Unsere Kavaliere sind entweder brutal
713 1504 1908 1560 Und mit der ersichtlich als Selbstzweck aufgestapelten „Plauderei“
75 1498 720 1577 er, dem „Wiener Dichter“, der
1906 1515 3128 1582 oder dumm ... Sie denken nicht soviel, wie dieser Kulisser
718 1552 1914 1623 über Ueberzeugung und Gesinnung im dritten Akt füttert man
80 1536 717 1626 en schreibt und dichtet, ohne von
1906 1559 3133 1634 reißer Schnitzlers, aber sie erreichen mehr, weil sie schlauer sind
705 1599 1919 1655 kein abendfüllendes Stück. Alle Schnitzlerschen Handlungen sind
92 1604 718 1676 sche Literatursalons und literari¬
1910 1611 3129 1685 als sie scheinen ... Ein Zeitungsherausgeber wird von Herre
711 1647 1926 1723 mager, ärmlich, sichtlich nur als Dialogfutter mühsam konstruiert,
92 1661 718 1731 el schildert, Wiener süße Mädel,
1904 1658 3114 1716 [Götz ärmlich verzapft, ein anderer von Herrn Fürth lärmen
101 1704 719 1760 noch Mädel, noch Leben kennt.
712 1699 3133 1780 diese aber ist sträflich arm, weil sie bewußt erlogen ist. aufgeblasen. Herr Forest und Herr Millmann ziehen sich
710 1747 1913 1821 Schnitzler weiß, daß solche Journalisten auch in Wien nicht
87 1756 720 1823 verzogenen Salonlieblings ist er
1906 1760 3128 1828 geschickt aus der Affäre: sie jüdeln ... Dann ist noch eine aristes¬
70 1788 715 1860 #milie und ein kleines, rühriges
709 1793 3130 1846 möglich sind, daß es solche nicht gibt, dennnoch stellt er sie auf krntische Schlampe da — von Frl. Waldow ungristokratisch
73 1855 3123 1916 Elt er sich für „vollendet“ und die Bühne ... Was soll man dazu sagen? Gewöhnlich haßt und gezwungen verarbeitet. Da es solche plumpe Lüsternheitchen
94 1891 720 1963 sehen und zu prüfen und nun,
702 1903 3134 1991 man den, der einem Gutes erwies, aber man verleumdet ihnfin der Aristokratie nicht gibt, ist es lein Wunder, wenn sie nicht
700 1949 1904 2016 doch nicht so brutal und unwahr, wenn man Charakter hat.
87 1950 709 2015 erne das unsterbliche Meisterwerk
1908 1952 3134 2024 darzustellen sind ... Alle mühen sich vergebens, Auch das
711 1993 1910 2066 Hier streift die Phantafie des Dichters an etwas Häfliches, brutal
90 1999 712 2075 icht ein, daß er dazu schon zu
1909 2002 3128 2077 Publikum. Es bleibt nur ein allgemeines Erstaunen übrig. Ger
89 2048 1906 2116 ft... Man kann von ihm, wie Verächtliches, er hat alle Ursache, recht rasch das abzuschütteln
1904 2048 3127 2142 mischt allerdings mit Ekel ... Drum rasch weg, mit dieser
702 2098 1913 2172 und förmliche Abbitte zu leisten ... Wiener Journalistik à la
89 2100 715 2176 fen Thun, sagen: „Die Geburt
1907 2095 2369 2172 Dichter=Karrikatur
2954 2113 3132 2181 U.
657 2148 715 2196 4
707 2141 1921 2227 Auernheimer mag durüber lächeln ... Das ist eben im Wohl¬
75 2183 1915 2254 u schildern und gerät ins ret= leben um Gesinnung und Ueberzeugung gekommen ... Aber der
91 2242 1923 2310 eicht gibt's in Wien solche Jour= ehrliche Provinzjournalist — und vorläufig find sie noch in der
101 2287 1926 2352 obzwar ich außer einigen be= überiegenen Majorität — wird erschrecken und mit Recht entsetzt
711 2336 1326 2414 sein, daß man ihn so karritiert.
103 2338 722 2418 keinen solchen kenne, aber die
91 2388 729 2459 die Journalistik ... Wenn sich
809 2382 1933 2492 Verzeichnete Karrikaturen find gewöhnlich blutleer, und
109 2436 716 2510 hätte, seine Journalistenstudien
708 2438 1934 2532 so ist auch im ganzen Stück kaum eine einzige sympathische Figur,
98 2482 717 2553 böhmen oder in den Alpen¬
713 2512 1920 2579 auch nicht im Abschreckenden sympathisch. Die Journalisten, die
94 2542 721 2602 eine andere Journalistik kennen
715 2555 1922 2628 hier ein= und ausgehen, sind keine Journalisten, die lebenden sind
77 2588 711 2660 eines Stückes einen jungen Men¬
712 2611 1923 2660 entweder gefährlicher, oder bedeutender, in jedem Falle aber
77 2625 711 2709 Dupliken für zwei Blätter
713 2653 1931 2725 geistreicher. Wo mag Schnitzler nur solche Studien gemacht
85 2682 719 2758 t, das so etwas unmöglich ist,
703 2705 1917 2773 haben? In der „Neuen Freien Presse“ sicher nicht. Wenn man
88 2728 722 2799 igt würde. Wohl, wohl, ich ver¬
704 2759 1919 2822 aber für die Bühne Gestalten sucht, geht man doch nicht am
87 2784 1928 2875 m sein, ein dichterischer Einfall Ende ins „Salonblatt“? Diese Leichtfertigkeit, zu karrikieren,
92 2833 723 2908 ips. Aber dazu ist ein dichteri¬
706 2853 1917 2911 ohne zeichnen zu können, stigmatisiert den Stümper. Schabe, duß
96 2876 707 2944 rlich, es macht leicht Proseliten
701 2889 1927 2977 sich Schnitzler in seinem mehr als fünfzigsten Lebensjahr nicht
93 2935 709 2998 Gerabe ein von der Journalistik
711 2951 1929 3037 ein wenig seiner selbst erinnert. Er hat sich „auf Semester
102 2981 714 3048 nitler, mucht solche Experimente
713 2990 1343 3071 hinaus“ unmöglich gemacht ...
101 3024 727 3091 verden will ... Wer im zweiten
795 3043 1930 3109 Wie gespielt wird? Ei, wie es eben unter solchen Um¬
97 3083 1919 3182 hablonen als Menschen auf die ständen möglich ist. Eine einzige lebensfrische Figur stellt Herr
98 3139 1927 3235 an Einfällen, als er selber Thaller auf die Beine. Aber nur, weil dieser große, auch im
644 3196 1957 3282 Volkstheater augenbliglib vernachelsiate Künstler seinen Meml
