3344 4256
237 210 1664 287 27. Einkund Fliederbusch
571 1161 1624 1249 Zeitung: Hamburger Nachrichten
1032 1233 1388 1295 Abend-Ausgebe
573 1285 1148 1378 Adresse: Hamburg
1090 1328 1497 1463 2 G. 01 1070
573 1420 808 1487 Datum:
403 1481 1640 1570 R. D. Eine neue Komödie von Arthur Schnitzler. Uuser stän¬
398 1549 1645 1592 diger Mitarbeiter schreibt uns aus Frankfurt a. Main: „Fink
401 1588 1641 1635 und Fliederbusch“ — man glaubt, eine frühlgefr###
400 1637 1642 1668 lachsich zu haben mit Finkenschlag uns Flieder¬
397 1674 1649 1737 duft. Doch nichts von alledem. Schon der Titel ist axotesk, wie
394 1723 1642 1772 das ganze Stück, das uns statt in frische, freie Luft misken hinein¬
408 1747 1632 1798 führt in die muffige Redaktionsstubenatmosphäre zyleier gegne¬
396 1795 1649 1859 rischer Wiener Blätter. „Fink und Fliederbusch“ sinkenszu einfachen
398 1832 1647 1892 Namen herab, d. h. — und das ist der Witz des Ganzen — nicht
391 1878 1641 1932 etwa zu zwei, sondern sie decken ein und denselben gerissenen Jour¬
390 1923 1631 1977 nalisten, der es versteht, seine Gesinnungs= und Überzeugungs¬
395 1957 1637 2021 treue wie ein Mäntelchen nach dem Wind zu drehen. Daß sich
386 2001 1637 2039 dabei allerhand Lustiges und Bissiges, Satirisches und Grotesles
384 2028 1631 2084 herausschält, liegt auf der Hand, und der Gipfelpunkt wird erreicht.
383 2083 1638 2137 als sich die Situation bis zu einem Pistolenduell zwischen Fink
391 2119 1642 2164 und seinem alter ego Fliederbusch zuspitzt. Das bringt denn noch
394 2149 1625 2205 einige wirklich komische Szenen im letzten Akt, und man wird eint
385 2186 1637 2247 germaßen ausgesöhnt mit dem ganzen schwankhaften Gebilde einer
391 2234 1636 2280 dichterischen Laune, das wohl, in knappster Form dargestellt, er¬
389 2284 1631 2321 heitern konnte, nicht aber, wenn es in drei überlangen Akten zu
391 2320 1632 2377 Tode gehetzt wird. Ein paar geschickte Auseinandersetzungen
384 2355 1633 2404 Schnitzlerscher Art über den politischen Journalismus, über die
391 2397 1638 2444 Wertlosigkeit des Duells, über soziale Standesunterschiede und
391 2431 1633 2477 moralische Fragen würzen das Gericht nur mäßig. Die Zustands¬
392 2475 1633 2540 schilderung wie die einzelnen Journalistentypen sind nur z. T. gut
380 2525 1632 2575 getroffen, vielfach aber stark karikiert und schief geseben. Auch
390 2556 1632 2606 berührt es einigermaßeen verwunderlich, daß der Dichter den sell¬
379 2607 1635 2651 samen Versuch macht, dem alten Monolog wieder zu neuem Leben
383 2657 1632 2700 zu verheifen, was mir bei einer modernen Komödie verfehlt und
385 2681 1635 2724 stilwidrig erscheint. So wird man denn in der Tat nicht recht warm
386 2716 1625 2783 bei diesem rein verstandesmäßigen Stück, und ein durch die Ein¬
384 2765 1624 2821 tönigkeit und Langatmigkeit der an sich recht durchsichtigen Hand¬
383 2800 1634 2862 lung verstärktes Gefühl der Unbefriedigung und mitunter sogar
382 2847 1629 2901 Langeweile will nicht weichen. — Gespielt wurde es von den be¬
382 2886 1634 2940 währten Kräften des Neuen Theaters unter Leitung Dir.: Hellmers,
371 2928 1630 2972 abgesehen von der gänzlichen verzerrten Darstellung des Dichters
379 2960 1635 3011 Cajetan durch Adam Kuckhoff, mit großer Hingabe und Tüchtig¬
372 3010 1637 3068 keit, besonders von Paul Grätz, der aus der doppelten Titelrolle
373 3052 1632 3098 eine ergösliche Einheit schuf, von Eugen Klöpser in der köstlichen
382 3081 1634 3142 Type eines hochstaplerischen Flibustier=Journalisten und Mar
370 3125 1630 3169 Brückner, der als gräflicher Abgeordneter Politik und Sport in
376 3168 1635 3213 geschickte mechselseitige Beziehungen zu bringen wußte. Auch die
369 3207 1640 3271 übrigen Journalistentypen wurden ebenso wie die Nebenfiguren
375 3249 1624 3291 gut charakterisiert, sodaß nach der darstellerischen Seite hin im all¬
377 3280 1624 3332 gemeinen nichts zu wünschen übrig blieb. Der Erfolg der Auf¬
381 3330 1623 3388 führung, die die erste in Deutschland war, war nur mäßig. Der
375 3361 1631 3405 Beifall setzte nur schmach und schüchtern ein, und es bewahrheitete
374 3415 1614 3459 sich wieder einmal, daß es eine eigene und recht gewagte Sache ist,
374 3446 1620 3496 in einseitiger und ausschließlich satirischer und schwankhaft=gro¬
372 3482 1649 3572 tesker Weise Bernisschäden und momlische Fäulnis aufzudeckei
374 3522 1447 3600 ohne dabei die große Lienie literarischer Kunst zu wahren.
1699 213 2146 302 box 33/2
2722 1248 2956 1334 ZCNONT377
2113 1320 2793 1421 Hamburger Naciwi“e
2295 1396 2602 1486 Hamburg.
1841 1515 3023 1572 R. D.“ Eine neue Komödie von Arthur-Schnitzler—Unser stän¬
1781 1547 3020 1617 diger Mitarbeiter schreibt uns aus Frankfürt a. Main: „Fink
2337 1592 3025 1645 man glaubt, eine frühlingsfrohe,
1787 1597 2267 1661 und Fliederbusch“
1780 1640 3017 1686 lachende Komödic vor sich zu haben mit Finkenschlag und Flieder¬
1776 1678 3018 1729 duft. Doch nichts von alledem. Schon der Titel ist grotesk, wie
1788 1704 3014 1772 das ganze Stück, das uns statt in frische, freie Luft mitten hinein¬
1787 1758 3022 1820 führt in die muffige Redaktionsstubenatmosphäre zweier gegne¬
1780 1779 3019 1861 rischer WienerBlätter. „Fink und Fliederbusch“ sinken zu einfachen
1777 1833 3026 1899 Namen herab, d. h. — und das ist der Witz des Ganzen — nicht
1776 1881 3016 1934 etwa zu zwei, sondern sie recken ein und denselben gerissenen Jour¬
1783 1914 3029 1973 nalisten, der es versteht, seine Gesinnungs= und Überzeugungs¬
1778 1952 3016 2007 treue wie ein Mäntelchen nach dem Wind zu drehen. Daß sich
1783 1996 3027 2055 dabei allerhand Lustiges und Bissiges, Satirisches und Groteskes
1779 2040 3031 2092 herausschält, liegt auf der Hand, und der Gipfelpunkt wird erreicht,
1776 2086 3025 2140 als sich die Situation bis zu einem Pistolenduell zwischen Fink
1778 2125 3025 2176 und seinem alter ego Fliederbusch zuspitzt. Das bringt denn noch
1774 2164 3023 2208 einige wirklich komische Szenen im letzten Akt, und man wird eini¬
1780 2201 3020 2249 germaßen ausgesöhnt mit dem ganzen schwankhaften Gebilde einer
1781 2230 3031 2292 dichterischen Laune, das wohl, in knappster Form dargestellt, er¬
1780 2270 3024 2334 heitern konnte, nicht aber, wenn es in drei überlangen Akten zu
1785 2314 3022 2384 Tode gehetzt wird. Ein paar geschickte Auseinandersetzungen
1781 2361 3025 2416 Schnitzlerscher Art über den politischen Journalismus, über die
1783 2408 3018 2463 Wertlosigkeit des Duells, über soziale Standesunterschiede und
1791 2430 3033 2498 moralische Fragen würzen das Gericht nur mäßig Die Zustands¬
1796 2475 3018 2546 schilderung wie die einzelnen Journalistentypen sind nur z. T. gut
1783 2518 3031 2584 getroffen, vielfach aber stark karikiert und schief gesehen. Auch
1785 2557 3025 2612 berührt es einigermaßeen verwunderlich, daß der Dichter den selt¬
1787 2594 3031 2661 samen Versuch macht, dem alten Monolog wieder zu neuem Leben
1791 2640 3032 2701 zu verhelfen, was mir bei einer modernen Komödie verfehlt und
1786 2679 3025 2744 stilwidrig erscheint. So wird man denn in der Tat nicht recht warm
1792 2725 3032 2773 bei diesem rein verstandesmäßigen Stück, und ein durch die Ein¬
1788 2770 3035 2827 tönigkeit und Langatmigkeit der an sich recht durchsichtigen Hand¬
1785 2797 3027 2863 lung verstärktes Gefühl der Unbefriedigung und mitunter sogar
1782 2846 3038 2894 Langeweile will nicht weichen. — Gespielt wurde es von den be¬
1791 2896 3033 2944 währten Kräften des Neuen Theaters unter Leitung Dir.: Hellmers,
1796 2925 3029 2982 abgesehen von der gänzlichen verzerrten Darstellung des Dichters
1800 2979 3033 3022 Cajetan durch Adam Kuckhoff, mit großer Hingabe und Tüchtig¬
1803 3018 3023 3068 keit, besonders von Paul Grätz, der aus der doppelten Titelrolle
1792 3049 3030 3107 eine ergötzliche Einheit schuf, von Eugen Klöpfer in der köstlichen
1791 3075 3034 3148 Type eines hochstaplerischen Flibustier=Journalisten und Max
1803 3136 3032 3186 Brückner, der als gräflicher Abgeordneter Politik und Sport in
1793 3171 3030 3221 geschickte wichselseitige Beziehungen zu bringen wußte. Auch die
1794 3204 3038 3270 übrigen Journalistentypen wurden ebenso wie die Nebenfiguren
1794 3261 3029 3308 gut charakterisiert, sodaß nach der darstellerischen Seite hin im all¬
1793 3293 3033 3349 gemeinen nichts zu wünschen übrig blieb. Der Erfolg der Auf¬
1807 3335 3029 3388 führung, die die erste in Deutschland war, war nur mäßig. Der
1809 3371 3032 3425 Beifall setzte nur schwach und schüchtern ein, und es bewahrheitete
1799 3411 3027 3464 sich wieder einmal, daß es eine eigene und recht gewagte Sache ist,
1804 3453 3030 3507 in einseitiger und ausschließlich satirischer und schwankhaft=gro¬
1794 3484 3025 3551 tesker Weise Berufsschäden und movalische Fäulnis aufzudecken,
1793 3535 2859 3593 ohne dabei die große Lienie literarischer Kunst zu wahren
