3344 4320
282 210 1583 309 27. Einkund Fljederbusch
764 538 1343 652 C V S8— anourmn
673 659 1346 761 Hamburger Nachrichten
862 755 1195 824 Hamburg.
422 808 1583 864 A. B. Arthur Schnitzlers Komödie „Hintz und Fliederbusch“
329 859 1591 898 erlebte bei ihm Deutsch Theater in Prag,
330 888 1584 938 wie zuns unser Mitarbeiter schreibt, einen ausgesprochenen Miß¬
324 921 1581 1009 erfolg. Die Geschwätzigkeit der Personen langweilte die Zuhörer,
341 961 1591 1021 zudem reicht der Stoff höchstens für zwei Akte, ist übrigens ledig¬
333 1010 1588 1062 lich sein Feuilletonwitz. Der einzige Reiz, der fern von Wien seine
330 1054 1588 1106 Witkung versagt, daß Schnitzler für einige Handelnde die Masken
330 1083 1589 1138 bekannter Wiener Tagesschriftsteller vorschrieb. Einiges zu der
337 1127 1596 1185 Niederlage hat die verschlammpte Sprachtechnik der meisten Schin
336 1172 1593 1232 spieler beigetragen, da die in den Dialog eingestreuten wenigen
343 1205 1038 1278 guten Witze nicht verstanden wurden.
877 1404 951 1559 *
977 1484 1213 1580 1-M#
719 1548 1129 1644 Venkov, Preg.
574 1620 769 1683 Mscr
652 1651 803 1731 ng,
773 1678 1336 1776 X cizich divadel.
641 1738 1561 1808 Premléry a novinky. Komedle Fink a Flie¬
571 1770 1554 1840 derbusche od Artura Schnitzlera möla ne¬
566 1832 1564 1898 üspésnou premièru v #eMovém di¬
566 1876 1549 1941 vadles ve Vidni. — Jul. Zajléka-Blanke¬
568 1904 1548 1976 naua operá -Ferdinand a Luisae méla üspäch ve
570 1955 1545 2020 dvornf operé videnské: text napsal Koppits vodle
570 1987 1567 2074 Schillerova dramatu „Uklady a läskas. — Novou;
567 2018 1540 2103 komedil Hefmana Bahra -Okamziks vypravilo
571 2084 1548 2133 s dakonalym üspéchem dvornf divadlo y Darm¬
556 2098 1546 2171 stadtu. Bahrovu komedil =Kolotode ziskalo k pro¬
562 2147 1535 2201 vozoväni -Némecké lidové divadlos ve Vidni. —
557 2180 1542 2251 Frant. Molnar debutoval v-Närodnim divadies
570 2222 1542 2294 v Pesti s novym dramatem *Pänská modas. Za¬
569 2266 1538 2325 büvä se v nem obvyklou manzelskou nevérou,
569 2302 1537 2379 eroticky silné kofenènou. Obecenstvo pestské, po¬
565 2346 1534 2431 trebullei takovych dráädidel, pfilalo ii s boufli¬
564 2382 900 2455 wym potleskem.
926 2880 1529 3015 O — Jue
706 2956 1462 3092 eisdzei Aouesis Raviianig.
882 3072 1296 3127 Verturgung.
521 3062 1753 3193 Prager Erstaufführung. Unmittelbar nach der Wiener Urauffüh¬
439 3121 1749 3230 rung hat das Prager deutsche Landestheater Artlur Schnitzlers
429 3146 1756 3274 Journalisten=Komödie „Fint und Fliederbusch“
437 3186 1753 3324 und damit dem Wiener Rutor zu einem Achtungserfolg werholsen. Melng
425 3217 1772 3356 hat das große Publikum für die samtweiche Satire nicht übrig. Undr
556 3274 1539 3400 —
430 3325 1751 3446 nur wenige dürften empfunden haben, daß dieser Tartüsse der Feder,
429 3403 596 3463 und es
432 3375 1757 3484 als Fink fendale und als Fliederbusch liberale Hetzartikel schreibt,
605 3423 1757 3522 so weit bringt, daß sich Fink und Fliederbusch duellieren
437 3457 1748 3549 „müssen“, weit mehr ist als eine Lustspielsigur: eine Schattenzeichnung
430 3479 1749 3601 nämlich jenee nach Renntips betriebenen Papierwatschensports, dessen
432 3519 1762 3631 Verdienste um die Welttriegs=„Kultur“ erst der Geschichtsschreiber der
436 3554 1025 3638 Zukunst wird würdigen können
1121 3593 1751 3671 Der Dichter hat jedenfalls einst¬
421 3594 1744 3718 weilen viele Gedanken in der Jeder behalten müssen. Die ößterreichische
426 3635 1741 3758 Tragik, daß der einzige anständige Mensch zum Hauswurst gemacht wird
463 3680 1725 3775 Herr Wurmser gab diesen Redakteurthpnscht naturwahr — weckte
422 3702 926 3781 allerdings wenig Nachhall
1045 3749 1730 3837 Woraus sich zu ergeben scheint, daß
395 3738 1222 3844 jedes Land die Presse hat, die es verdient.
502 3787 1462 3875 Mech.. Staflin“ Uninr Ma#l#„„r
1460 3808 1709 3880 Dr. V. 2.
1750 219 2180 307 box 33/2
2685 890 2950 975 0t2191
2376 852 2548 1052 0.
2177 1039 2845 1168 Der Humerist, Wien
2132 1211 2913 1311 Prager Theaterbrief.
1936 1309 3188 1369 * Unsere verehrte Theaterleitung hat sich einmal getummelt.
1836 1364 3185 1435 Kurz nach der Uraufführung der neuen Komödie Arthur Schnitzlers
1839 1408 3193 1459 „Fink und Fliederbusch“ in Wien ist sie auch bei uns züs ersten¬
1841 1459 3185 1518 male gegeben worden. Die wiener Presse hat sich über das Werk
1846 1514 3180 1563 gar übel geäußert und ich dachte anfangs, daß sie dies nur darum
1847 1562 3186 1617 stat, weil sie sich in dem Stück mehr als einmal getroffen fühlte.
1843 1613 3184 1667 Nach eigener Anschauung aber muß ich nun der wiener Presse
1835 1662 3186 1716 gestehen, daß ich sie grundlos verdächtigt habe. Schnitzler hat mit
1833 1712 3186 1756 ldem „Fink und Fliederbusch“ wirklich ein schlechtes Stück ge¬
1841 1749 3190 1808 schrieben. Weiß der Henker, warum auch er Lust verspürt hatte,
1850 1809 3189 1863 der Zeitung etwas am Zeug zu flicken? Er gehört doch nicht zu
1842 1847 3193 1925 jenen verkannten Genies, die an Verfolgungswahn leiden und
1837 1911 3178 1970 meinen, daß alle Spitzen der Kritik gegen sie gerichtet sind.
1842 1956 3176 2008 Schnitzler ist nicht mehr der amüsante, libenswürdige und geist¬
1848 2015 3186 2070 volle Schnitzler, als den wir ihn kannten und verehrten, sondern
1846 2050 3182 2106 ein höchst langweiliger Schnitzler, der noch dazu, als er sich bereit
1841 2101 3185 2172 machte, sein neues Werk zu verfassen, eines Einfalles=entbehrt
1845 2135 3174 2194 hatte. Die Prager konnten der Komödie keinen Geschmack ab¬
1838 2197 3197 2250 gewinnen. Wenn sie in mäßiger, zurückhaltender Weise klatschten,
1834 2252 3183 2296 geschah dies, um die Herren Feher, Wurmser, Bogyansky, Zeisler,
1836 2294 3189 2365 Reinhardt, Romanowsky und Frau Breda, die sehr schön aussah,
1843 2344 2088 2407 zu beloben.
1960 2394 3188 2445 Ueber eine „Siegfried“=Aufführung läßt sich nur sagen, daß
1840 2439 3184 2514 sie eine Qual war. Es tritt immer klarer zutage, daß wir in
1844 2488 3182 2557 dieser Spielzeit kein Wagner=Ensemble haben. Die Herren Gruselli
1842 2539 3178 2588 und Nachod zum Beispiel sind Sänger von Tüchtigkeit. Aber man
1843 2588 3168 2635 darf sie nicht in Wagner=Partien exponieren. Die „Götterdämmerung“.
1841 2646 2844 2695 war nur durch Schmedes als Siegfried gesegnet.
1958 2676 3176 2736 Noch ein Wort, das sich gegen Herrn Teweles richtet.
1838 2740 3183 2789 Teweles macht gegenwärtig, wie fast alle Theaterdirektoren, ein
1842 2786 3183 2835 glänzendes Geschäft. In diesem Glückstaumel vergißt er an die,
1837 2837 3176 2881 die ihm in mageren Zeiten unter die Arme gegriffen haben: an
1842 2884 3176 2931 die Kritiker. Seit sich seine Theater eines guten Besuches zu er¬
1837 2924 3180 2980 freuen haben, hat er für seine Kunstrichter nur die schlechtesten
1845 2984 3175 3032 Plätze übrig. Die Vertreter bedeutender Tageszeitungen und Fach¬
1840 3036 3179 3088 blätter erhalten Galleriesitze zugewiesen. Damit will Herr Teweles
1846 3087 3183 3126 allerdings nicht sagen, daß er sie von allen seinen Besuchern am
1836 3125 3192 3179 höchsten stellt. Die betroffenen Kritiker werden gut daran tun, sich.
1841 3181 3178 3256 Herrn Teweles gegenüber als Stolze zu zeigen und derartige Ass¬
1841 3230 3059 3300 weisungen auf Olympplätze mit kühlem Dank zuxückzugeben¬“
2902 3279 3113 3354 „Haimon.
