3392 4256
1685 100 2142 215 box 33/1
226 93 1541 208 27. Einkund Fliederbusch
899 1284 1167 1387 Za0t2191
1206 1326 1393 1438 Pola
393 1421 548 1520 „
1518 1528 2619 1598 mut zeigte, finden wir diesmal kaum die Spur. Alles
521 1528 1382 1625 „Fink und Fliederbusch“.
2629 1540 3277 1621 konservatives Wochenblatt und
1518 1581 2619 1662 erscheint gewaltsam herbeigezerrt, konstruiert, verzeich¬
2634 1600 3287 1664 misiert er gegen Fink in einer
389 1587 1500 1689 Lustspiel in 3 Akten von Arthme=Schnitzler. S. Fischer¬
1507 1624 2619 1706 net, durchaus witzblattmäßig behandelt und könnte eben¬
2620 1639 3309 1727 zeitung. Das Ergebnis dieser geg
1398 1673 1513 1725 ueae
707 1664 1208 1755 Verlag, Berlin, 1017.—
1514 1671 2629 1755 sogut von einem der vielen Stückefabrikanten sein, die
2628 1701 3303 1773 und derselben Person ist (wie ja
1513 1730 2627 1797 Possen, Skeischs und Operettenlibretti auf Bestellung
613 1731 1282 1823 Besprochen von S. O. Fangor.
2623 1748 3305 1821 wenn es lustig werden soll), ein
1518 1773 2618 1858 liefern; der einzige, und zwar zugunsten der Bühnen¬
2621 1804 3306 1860 Fink und Fliederbusch, bei dem
463 1774 1498 1885 Einem Journalistenstück, das in Anlage und Durch¬
1506 1819 2624 1900 industriellen sprechende Unterschied wäre der, daß diese
2630 1847 3309 1915 „Gspaß“ herauskommt. Das End
393 1835 1504 1925 führung so gründlich verhaut ist wie das vorliegende,
1507 1872 2618 1949 ein Thema wie „Fink und Fliederbusch“ viel amüsanter
2621 1898 3307 1963 eine große, wie der Franzose sich
399 1903 1506 1971 Bällt es nicht schwer, objektiv gegenüberzutreten, selbst
1507 1917 2622 2001 bearbeitet hätten als Schnitzler, der es nie und sogar
2617 1937 3314 2012 saire“ in die Schnitzler unzweiden
392 1946 1500 2034 kuenn der Kritisierende dem Stande der Journalisten
1505 1968 2608 2047 im Lustspiel nicht unterlassen kann, philosophisch=grüb¬
2620 1975 3298 2063 legt, daß alle Journalisten Lumpe
389 1993 1423 2063 angehört, also, müßte man glauben, befangen sei.
1499 2011 2614 2107 lerische Untertöne anzuschlagen. Eine Kostprobe dieser
2610 2035 3295 2107 aufs Geschäft bedachte Kreaturen
382 2058 1493 2115 Wieso das kommt, wird man fragen, wo doch das
1495 2069 2617 2152 aus dem Geiste des Wienerischen geborenen, Schnitzler
2608 2088 3304 2173 höre weiter. Die beiden Chefreda#
387 2091 1498 2163 Leben und Treiben der Zeitungswelt in diesem Stücke
1502 2115 2602 2200 eigentümlichen Art, alles Mögliche problematisch zu fin¬
2614 2131 3303 2208 tungen der Pfiffikus schrieb, hal
388 2145 1495 2224 so vollends heruntergerissen und verhöhnt wird, daß
1505 2164 2606 2249 den und dabei doch einen gesunden Appetit zu behalten,
2608 2194 3308 2267 arbeiter des konservativen Woch
377 2199 1502 2261 nicht ein gutes Haar darau bleibt? Die Antwort
1501 2213 2612 2294 finden wir auch diesmal, und zwar im 3. Akt, wo
2617 2228 3287 2308 Doppelspiel Kenntnis erlangt. W
380 2254 1487 2314 darauf ergibt sich aus der betrüblichen Minderwertig¬
1495 2262 2613 2337 ein hochgeborener Graf in einem pessimistischen Vortrag
2615 2286 3304 2359 Geben sie dem charakterlosen M
372 2294 1487 2365 keit der künstlerischen Qualitöcen in Schnitzters neue¬
1499 2313 2617 2390 das Wesen der „Ueberzeugung“ zerfasert. Schnitzler täte
2618 2325 3299 2408 einen Fußtritt, den er schließlich ve
376 2349 1490 2429 stem Bühnenwerk. „Fink und Fliederbusch“ bedeutet
1500 2369 2611 2447 gut, das Abbrennen von solchem Geistesfenerwerk dem
2610 2389 3303 2469 durchaus nicht, das wäre ja ni
377 2386 1499 2453 nämlich, an seinen bisherigen Leistungen gemessen, einen
1499 2405 2610 2490 handfesten Sudermann zu überlassen, der schon genug
2609 2437 3291 2502 journalistisch nach Schnitzlerschen
379 2436 1482 2518 so plötzlichen Niedergang, daß in jedem, der das hoch¬
1504 2462 2601 2535 Beweise geliefert hat, daß er so etwas viel besser,
2613 2482 3302 2560 sie also? Von der Genialität d
367 2477 1485 2575 bedeutende Gesamtwerk des Dichters kennt und schätzt,
1494 2505 2597 2594 weil zündender, dem Galeriepublikum angepaßter, her¬
2602 2530 3303 2601 helle Begeisterung versetzt, rennen
375 2539 1486 2616 lediglich das Gefüht eines großen, befremdeten Stau¬
1483 2553 2612 2636 ausbringt als der seinnervige Schnitzler, bei dem alles
2611 2574 3274 2648 platz, wo sie die humoristische
375 2605 1341 2669 nens wach wird, so etwas erleben zu müssen.
1489 2598 2610 2668 von den Rätselschatten der Ungewißheit verdunkelt ist
2608 2622 3279 2699 journalistischen Tausendsassa mit
460 2648 1484 2720 Dieses Stück soll von Schnitzler sein, fragen wir
1487 2654 2598 2732 und dessen verlebter Aphorismengraf Giesbert Nieder¬
2613 2679 3306 2753 lichster Anerkennung quittieren und
371 2703 1490 2768 uns immer und immer wieder, von Schnitzler, der
1491 2706 2608 2793 hof die Konkurrenz eines Vorbildes wie Graf Trast
2604 2730 3296 2796 regelrechten Lizitation seine Diens
375 2746 1497 2822 uns „Sterben" und „Frau Bertha Galan“ geschenkt
1492 2750 2160 2832 unbedingt nicht aushalten kann.
2598 2771 3298 2852 bemühen. — Fink=Fliederbusch pfe
367 2796 1496 2875 hat und dessen „Grüner Kakadu“ in seinem genialen
1572 2813 2611 2893 Jetzt aber zum Inhalt, der uns zeigen wird, daß
2605 2824 3301 2902 Stellung eines Redaktionsangeste
366 2833 1495 2926 Durcheinanderspiel von blutigstem Ernst und graziösester
1483 2847 2608 2938 dieses Lustspiel an Größenwahn leidet, wenn es sich
2603 2863 3310 2943 nimmt ein neu zu gründendes Blatt
366 2908 1477 2969 Scherzhaftigkeit die weit auseinanderliegenden Grenz¬
1487 2917 2591 3003 so nennt, weil es ja schließlich nur eine literarisch fri¬
2608 2919 3293 3009 Graf Niederhof, von dem bereits
369 2933 1491 3021 punkte eines Könnens zeigt, vor dem man allen Re¬
1492 2943 1839 3035 sierte Posse ist.
2604 2967 2970 3047 ausgegeben wird.
370 2998 891 3062 spekt haben muß? ...
869 2994 1489 3068 Ah, von solchem Gipfel zu
1576 2994 2596 3092 Iliederbusch, theatralisch genommen eine Kreuzung
2696 3008 3301 3104 Es bedarf wohl keiner beson
362 3035 1484 3125 einem Stück wie „Fink und Fliederbusch“ führt ein
1487 3047 2584 3138 von Schmock und Lapkin=Tapkin (Gogols „Revisor"),
2605 3068 3297 3159 um festzustellen, daß Schnitzler die
359 3091 1485 3166 jäh abfallender Weg, und daß der Dichter ihn gegangen,
1486 3108 2587 3186 also ein junger, mit Menschenkenntnis, Pfiffigkeit und
2596 3129 3267 3202 gegriffen hat. Auswüchse, wie s
357 3137 1482 3206 muß aufrichtig betrüben. — Von der Eigenart Schnitz¬
1482 3161 2596 3234 Begabung ausgestatteter Reporter, betätigt sich, skrupel¬
2591 3174 3306 3259 vorkommen, hat er als das ein
370 3182 1494 3265 lers, die sich namentlich in psychologisch richtigem Ge¬
1479 3210 2590 3279 los, wie er schon ist an zwei Blättern verschiedener
2601 3226 3296 3295 gestellt, hat Possenhaftigkeit stat
355 3228 3303 3369 staltungsvermögen und weltmännisch überlegener An=] Parteirichtung: als Fink schreibt er für ein streng geben (das letztere hat er doch un
