3344 4384
1661 207 2132 317 box 33/4
187 218 1514 316 27. Einkund Fliederbusch
1149 603 2160 677 Hans Teßmer, Der Redakteur in der modernen Literatur
599 743 1647 800 Sie, was Sie getan haben? Sie haben ad ab¬
1669 748 2717 821 aus dem ersten Akt sei angeführt, in welchem der
602 799 1655 880 surdum geführt. Ich weiß zwar nicht genau,
1659 811 2720 875 Verleger Sterner (— vielmehr Wedelind durch ihn —)
609 852 1664 912 was, aber Siehaben.“ Da überschlägt sich die Satire,
1666 858 2719 918 seine Auffassung vom selbstverständlichen Hochstapler¬
603 903 1643 963 und grell tauchen für einen Augenblick die unerfind¬
1666 911 2719 967 tum der Presse kundgibt: „Man bringt ein Zeitungs¬
598 946 1656 1008 lichen Abgründe aller Journalistik, alles Pressewesens
1673 962 2721 1021 blatt lediglich durch gerichtliche Konfiskationen in
601 1004 1652 1056 auf. Das verblüffte Publikum ist mit den dargestellten
1671 1008 2718 1063 die Höhe. Man bringt ein Zeitungsblatt nur da¬
1290 1052 1661 1113 — nicht von dem
597 1056 1279 1118 Personen ad absurdum geführt,
1667 1063 2707 1123 durch in die Höhe, daß man es alle drei Wochen ein¬
606 1098 1656 1163 Doppelwesen Fink=Fliederbusch, sondern vom Wesen
1664 1104 2714 1166 mal aus diesem oder jenem Grunde durch den Staats¬
1666 1156 2179 1227 anwalt konfiszieren läßt.“
599 1151 1652 1217 der Presse überhaupt. Und jedem wird minutenlang
2227 1166 2716 1222 In einem älteren Stück
601 1199 1654 1275 der Bluff fühlbar; denn: „die Zeitungen schwindeln
1667 1210 2712 1275 von Arno Holz, den „Sozialaristokraten“.
598 1254 1246 1327 ja doch alle“ —, nicht wahr?
1664 1250 2720 1313 gar versteigt sich der Buchdrucker Werner zu der
1660 1301 2718 1358 Reklameidee, daß der Chefredakteur des „Sozial¬
679 1291 1648 1373 Einen etwas abseits stehenden Fall greift Alexan¬
1664 1349 2712 1420 aristokraten“ Dr. Gehrke, eine von der Polizei der
598 1359 1648 1422 der Zinn in seiner neuesten Komödie „Schle¬
1659 1376 2728 1468 Redaktion diktierte Strafe absitzen müsse, da er ja
606 1414 1651 1464 mihl“ heraus. Da handelt es sich einmal darum,
1675 1441 2712 1502 doch für alles verantwortlich sei: „Na, wozu krijn Se
603 1464 1653 1521 daß der kleine Nachtredakteur Salomon Mandelzweig
1668 1496 2713 1571 denn Ihrn Jehalt als Redaktöhr? Wenn wat is,
600 1505 1650 1569 mit einem in einer höheren Auswallung geschriebenen
1663 1548 2726 1598 missen Se't ebm absitzen!“ (Wie der Chefredakteur
601 1556 1659 1631 Stück unendliche Schwierigkeiten bis zur Aufführung
1661 1594 2719 1650 dann diese Strafe ab, sitzt“, wird recht ergötzlich im
596 1609 1641 1656 zu überwinden hat, — weil er der Presse der be¬
1657 1645 2715 1700 dritten Akt gezeigt.) Hier taucht zum erstenmal im
603 1657 1646 1713 treffenden Stadt angehört. Dagegen könnte man mit
1665 1687 2720 1755 Drama die Type des Sitzredakteurs auf, der
606 1716 1656 1771 Fug und Recht einwenden: Warum geht der gute
1657 1744 2723 1789 auch heute noch in jeder Nedaktion als „Verantwort¬
593 1755 1654 1808 Mann mit seinem Stück nicht an eine andere Bühne?
1661 1784 2711 1857 licher Redakteur“ jene ein wenig mittelalterlich schei¬
674 1808 1651 1861 Doch die Tragikomödie liegt tiefer: dies eine
1661 1838 2720 1898 nende Verpflichtung übernimmt, für die Sünden seines
603 1848 1651 1919 Werk hat Mandelzweig hoffend und sehnsuchtsvoll
1670 1888 2716 1943 Blattes oder seines Ressorts vor Gericht einzustehen.
594 1909 1647 1981 gestaltet; ein zweites wird ihm, besonders nach dem
1658 1939 2719 2009 Doch: wir leben ja — angeblich — im Zeitalter der
596 1957 1641 2014 Durchfall des ersten, nie mehr gelingen, denn: die
1668 1977 1979 2049 Pressefreiheit.
603 2002 1653 2078 Zeitung „hat“ ihn; zwischen den Nädern der all¬
1746 2009 2705 2085 Ungleich öfter als im Drama wird in der mo¬
597 2046 1653 2109 mächtigen Presse wird er allmählich zerrieben, er
1659 2069 2715 2140 dernen erzählenden Literatur der Redakteur (und sein
598 2106 1643 2166 hat seinen Schatten verkauft, einen Teil seines Da¬
1664 2126 2722 2201 Milien natürlich) zum Gegenstande der Betrachtung
598 2157 1648 2223 seins der Zeitung verschrieben; er ist ein Schlemihl,
1656 2177 2717 2247 gemacht, und es ist auffällig, daß im Gegensatz zur
601 2200 1654 2268 der in diesem Beruf innerlich stirbt, ohne es zu
1663 2222 2721 2295 fast ausschließlichen Satire des Journalistenstückes die
600 2255 1646 2305 spüren. So sagt der Musikkritiker Peter Knurr von
1672 2269 2726 2352 Presse und ihre Vertreter im Roman meistens unter
601 2308 1640 2363 ihm: „Da ist — einer tot; aber er weiß es noch nicht.“
1664 2330 2602 2387 sehr ernsten Gesichtspunkten betrachtet werden.
601 2355 1659 2415 Solch Schicksal könnte tragisch wirken, wäre es nicht
1730 2375 2721 2440 In der „Nacht des Doktor Herzfeld“ von
600 2396 1645 2477 eben an diesen Beruf gebunden. — Ins Groteske
1660 2412 2716 2491 Georg Hermann interessiert neben dem Dr. Herz¬
594 2450 1650 2515 aber reicht eine Gestalt, die Herbert Eulenberg
1664 2467 2714 2534 feld vor allem die Tragikomödie des alternden Lite¬
589 2505 1657 2567 in seinem Schauspiel „Der Irrgarten“ zeichnet.
1664 2522 2709 2572 raten Hermann Gutzeit, von dem es einmal heißt:
600 2553 1653 2609 Das ist der Nachtredakteur Venediger. Auch er ist
1664 2568 2722 2639 „er tat dieses und jenes zugleich, wie ein Redakteur
590 2604 1649 2667 bis zu einem gewissen Grade Karikatur, wie fast alle
1657 2627 2716 2695 eben immer gewohnt sei, drei Dinge auf einmal
595 2655 1648 2708 hier genannten Journalistentypen; doch eben: Type
1661 2660 2704 2741 zu tun.“ Ganz nebenher ist damit das Nervöse, Zer¬
599 2693 1652 2766 ist er nicht. Er lebt mit den Geheimnissen der Nacht;
1658 2723 2708 2765 rissene des Berufs gestreift, die Unmöglichkeit, in
598 2752 1651 2807 sein Beruf hat ihn gelehrt: die Dinge des Tages
1658 2763 2716 2822 die Zukunft hinein sich zu befestigen. — Auch Ernst
601 2802 1649 2866 zu verachten; von den Menschen hält er nicht
1658 2822 2716 2880 Heilborn läßt in seinem Entwicklungsroman
596 2854 1647 2912 mehr viel: „Ich sag' Ihnen, diese kurze Be¬
1664 2862 2714 2935 „Josua Kersten“ Streiflichter aufleuchten. Dieser
598 2896 1654 2952 rührung mit der Menschheit genügt für mich wieder
1657 2919 2715 2974 Josua wird unter anderm Redakteur in einer Zeit¬
674 2950 1654 3013 auf einige Jahre mindestens.“ Venediger ist,
1657 2960 2715 3016 schrift und muß sich von einem der ältesten Mitarbeiter
595 2998 1648 3069 gleich dem Schlemihl, in seinem Innern ein Opfer des
1665 3014 2713 3069 den Vorwurf gefallen lassen, daß er nicht zum Jour¬
596 3049 1654 3114 nervenzerrüttenden Berufs, ein Opfer des Nurfürden¬
1660 3063 2711 3134 nalisten geboren sei; auf Josuas Frage „warum?“
593 3088 1654 3155 tagarbeitens, des Hineinlebens in eine Welt der Lüge,
1659 3112 2714 3177 lautet die ironische Antwort: „Weil Sie von Zeit
601 3151 1654 3205 des Bluffs. Seine Verachtung ist nicht Snobismus,
1658 3167 2721 3226 zu Zeit einen Gedanken haben.“ — Später kommt
601 3196 1651 3269 sondern ist wesentlicher Kern eines im Journalismus
1659 3210 2704 3258 Kersten in die Redaktion einer liberalen Kleinstadt¬
605 3245 1162 3320 gewonnenen Pessimismus.
1663 3263 2708 3315 zeitung, die aus geschäftlichen Gründen doch die An¬
671 3284 1638 3363 Da wir beim Drama sind: auch Wedekind
1661 3297 2724 3378 noncen des konservativen Kriegervereins aufnehmen
596 3339 1644 3414 bringt, in der Satire „Oaha“, Nedakteurtypen auf
1668 3356 2716 3419 muß. Da schwinden alle Ideale vor der Notwendig¬
595 3401 1650 3455 die Bühne; doch es sind nicht die gewohnten Figuren,
1663 3410 2719 3454 keit: „Es gilt nur die Interessen sanft und ruhig
598 3444 1649 3515 sondern es handelt sich hier um die Gründer und
1665 3463 2713 3517 auszugleichen.“ Die Nichtigkeit des Berufs, die latente
602 3497 1639 3570 Herausgeber des „Simplicissimus“. Und da Wede¬
1651 3507 2717 3562 Korruption liegt in diesem schlichten Satz nackt zu¬
603 3544 1651 3620 lind an ihnen lediglich seine bissigste Satire ausläßt,
1662 3555 2713 3602 tage; und die Verhältnisse der Kleinstadt geben hier,
598 3608 1654 3663 so ist sein Stück für die an unser Thema geknüpften
1669 3605 2709 3670 wie ja in vielen Dingen, ein viel gewichtigeres und
603 3652 2717 3728 Betrachtungen weniger wichtig. Ein einziger Abschnitt, ungeschminkteres Bild als die stets doch mehr oder
438 3864 552 3932 La
459 3976 1507 4075 Sanniter, ein Geißter menschlicher Torheit — nicht
450 4039 1508 4102 aber der geniale Humorist, der er ist. Der Wider¬
456 4097 1506 4170 spruch zwischen dem Urteil Goethes und dem Urteil
459 4151 1499 4209 Voßlers läßt sich vielleicht lösen durch die Formel:
2958 4093 3240 4199 ean
