3392 4352
1770 185 2225 274 box 33/2
310 167 1625 295 27 Eink-und Friederbusch
2826 887 2981 962 MRKt
2054 931 2979 998 Antats=Gesreite und Militärkrankenwär, der V#
2814 984 2988 1037 im erst
1903 996 2681 1042 ter=Gefreite von 23.40 M. auf 28.50 M.,
1913 1018 2991 1091 für Obergefreite und Gefreite von 18.90 M. auf werden
947 1007 1900 1092 Beziehungen zu Deutschland abgebrochen
2808 1056 2993 1119 demnal
1885 1045 2058 1130 24 M.,
959 1073 1089 1133 hat.
2825 1166 2977 1222 dieser,
1899 1167 2831 1230 und besonders Frau v. Hagen die eine Wiener
2822 1209 2971 1260 Rolle
1897 1215 2812 1256 Weltdame mit blendender Noblesse und vollen¬
1147 1217 1707 1299 Fink und Fliederbusch
2822 1250 2952 1300 trat.
1900 1253 2820 1305 deter Haltung gab, nahmen sich der übrigen wich¬
2828 1272 2999 1336 Ton an
1092 1278 1801 1348 Komödie von Arthur Schnitzler
1902 1290 2299 1353 tigen Gestalten an.
2829 1321 2995 1370 toffen,
1003 1319 1858 1387 (Erstaufführung im Münchner Residenztheater)
1929 1313 2820 1388 Das P#blikum, das an Journalistensticken stet,
2831 1360 3025 1416 Gebärte
1908 1374 2820 1432 seine Freude hat, weil es mit Interesse zuschaut,
990 1366 1891 1421 Man ist in Wien und es handelt sich um die
2822 1398 3019 1447 einen d.
1900 1401 2820 1469 wie und wo „die öffentliche Meinung gemacht“
962 1418 1896 1466 politischen Artikel von Fink und Fliederbusch.
2828 1432 3018 1487 zu habe
1901 1447 2821 1503 wird, wurde diesmal nicht recht warm. Der Bei¬
962 1451 1899 1502 Fliederbusch schreibt in der „Gegenwart“ wild¬
2828 1471 3021 1530 vielseitig
1904 1488 2819 1555 fall galt ausschließlich den Darstellern. Besonders
966 1493 1888 1558 demokratisch, Fink in der Eleganten Welt“ hoch¬
2840 1512 3030 1567 Spiel m
1907 1532 2109 1597 Walbau.
967 1515 1900 1585 konservativ. Zwei Weltanschauungen platzen auf¬
2834 1548 3026 1608 sen sein¬
967 1572 1904 1636 einander und bei diesem Anprall fehlt es nicht
2832 1583 3025 1638 Aufführ:
1972 1585 2822 1647 Kel. Hof= und Nationaltheater. Es schien,
974 1608 1894 1657 an satigen Verbalinjurien. Schliehlich wird
2833 1622 3024 1680 ohne du
1905 1632 2834 1697 als hätten sich am letzten Samstag alle guten
962 1640 1889 1696 Fink sogar dazu getrieben, seinen Widerfacher
2822 1658 3034 1726 Singstim,
1914 1675 2826 1721 Theatergeister verbunden, um die Aufführung
964 1685 1897 1740 Flioderbusch auf Pistolen zu fordern, und da stellt
2835 1701 3051 1768 unbeding
1905 1711 2820 1759 von Verdis, in ungebändigter dramatischer und
989 1728 1892 1774 es sich denn natürlich heraus, daß Fink und
1911 1743 2836 1802 musikalischer Kraft und Leidenschaft dahinstür¬
961 1752 1899 1808 Fliederbusch ein und dieselbe Persönlichkeit sind.
2863 1752 3039 1819 ∆ Ver
1911 1782 2823 1837 mendem Maskenball zu einem künstlerischen
966 1799 1893 1849 Ein geschickter, lebsüchtiger und leichtbeschwingter
2842 1795 3039 1859 Königgrs
1907 1827 2820 1876 Ereiqnis zu machen. Mit dem gefeierten Gast
977 1842 1895 1885 Journalist, der in Wirklichkeit Fliederbusch heißt,
2834 1845 3020 1894 ger viel¬
1902 1863 2824 1912 Josef Schwarz von der Berliner Hofoper als
964 1877 1896 1934 hat seine eigenen Artikel unter dem Pfeudonym
2829 1879 3029 1937 len auf.
1901 1895 2826 1960 René wetteiferten unsere einheimischen Kräfte,
966 1916 1891 1957 Fink angegriffen und sich so in zwei Lagern lieb
2843 1920 3024 1971 er sie ner¬
1913 1941 2823 1988 allen voran Marie Ivogün, die ihre Kolora¬
957 1951 1899 2011 Kind gemacht. Diese erstannliche Gesinnungstüch¬
2845 1957 3018 2009 hatte vo¬
1916 1974 2826 2024 turen mit hinreißender Anmut sang und die die
964 1986 1899 2039 #tigkeit hat ihm aber kein bißchen geschadet, denn
2835 1981 3029 2053 blühend
1903 2001 2837 2073 Partie des Pagen ebenso vortrefflich spielte, bis
970 2017 1909 2072 schon steht der bewußte Dritte bereit, sich die un¬
2840 2034 3018 2087 der Zu¬
1907 2046 2832 2117 jener Grad der künstlerischen Uebereinstimmung
970 2062 1900 2120 schätzbare journalistische Kraft, die von keinerlei
2839 2061 3018 2123 Steinal
1911 2089 2829 2142 im Gesamtspiel erreicht war, der auch dem kri¬
975 2105 1907 2155 Ueberzeugungen belastet ist, zu sichern: Flieder¬
2837 2108 3005 2158 Millio“
1898 2125 2838 2181 tisch veranlagten Hörer gestattete, sich rückhaltlos
968 2140 1898 2191 busch ist die Treppe hinaufgefallen und in locken¬
2849 2147 2996 2200 tieferei
1917 2166 2827 2214 dem Genusse hinzugeben. Der Leistung des
972 2180 1902 2231 der Weite winkt ihm auch die Gunst einer schönen
2834 2186 2998 2232 seits vi
1915 2194 2829 2257 Gastes kann man kein größeres Lob spenden,
976 2223 1901 2276 Frau Die „Fabel“ ist natürlich ironisch gemeint.
2837 2223 2996 2281 Wohlf
1915 2241 2837 2295 als daß sie ein ausgeprägtes organisches Ganzes
971 2254 1910 2302 Ein Wiener Journalist kann sich nicht blamieren,
2839 2266 2958 2322 ginn
1918 2278 2833 2342 war; Schwarz identifizierte sich vollständig mit
969 2294 1906 2339 sagt Schnitzler, und im Ernste geht es um die
2843 2287 2966 2349 den
1915 2317 2833 2367 dem darzustellenden Charakter, hielt sich streng
976 2328 1901 2383 Uoberzeugungstreue im allgemeinen. Nur kommt
2834 2339 2986 2390 einen
1909 2350 2843 2401 innerhalb des Kunstwerkes und strebte nie nach
968 2364 1905 2431 das nirgends recht heraus, alles bleibt in den
2837 2378 2951 2444 alich
1906 2393 2841 2436 persönlichen Glanzeffekten. Für ihn war die
979 2404 1901 2460 Ansätzen stecken und von einer „Komödie“ kann
1914 2428 2829 2480 Rolle nicht da zu Ende, wo der Beifall dafür ge¬
978 2433 1918 2496 man wirklich nicht reden. Das ist schon mehr eine
2839 2434 2948 2511 Klei
1908 2464 2835 2522 wöhnlich ein Ende hat. So war es ihm vergönnt,
976 2470 1910 2545 Posse mit all ihren Hemmungslosigkeiten, und
1910 2514 2840 2556 die Zuhörer nicht nur durch eine geistvolle Dar¬
973 2519 1901 2576 darum tat auch Herr Waldau gut, daß er die
1917 2532 2947 2597 steilung zu interefsteren, sondern durch den wahr= lösr
978 2560 1908 2610 origtnellste Figur des Stückes, einen verbummel¬
1909 2576 2853 2636 hasten Ausdruck dessen, was an dieser Rolle
977 2596 1895 2647 ten Kavalier, der Skandelreporter geworden ist,
1914 2617 2940 2677 menschlich und ergreisend ist, im Innersten zu ber
980 2640 1902 2693 frisch und frei als Possenkarikatur spielte. Damit
1907 2655 2947 2720 packen. Auch Schwarzens wundervoll biegsamer bur
977 2673 1710 2728 hatte er alle Lacher auf seiner Seite.
1915 2689 2950 2751 Ka#ilenengesang, seine vollendete Phrasierung der
1007 2696 1903 2771 Im übrigen mag wohl die Fülle der gut aus¬
1908 2721 2857 2796 sowhl als die weiche Vokalisierung, die selbst
973 2745 1905 2805 gubauenden Rollen die Intendanz veranlaßt ha¬
1915 2769 2944 2820 die gräßliche Verdeutschung weniger schmerzlich rag
978 2778 1903 2843 den, nach dem Stück zu greifen. Für den Spiel¬
2844 2811 2939 2873 Dre
1901 2811 2842 2863 erscheinen ließ, übten wieder ihren unwidersteh¬
978 2821 1910 2872 leiter Steinrück bot sich auch die Möglichkeit,
1909 2848 2851 2902 lieen Zauber aus. Das war nicht kaltblütiger
972 2860 1918 2909 in der woanerisch=gemütlichen Redaktion#suhe
1908 2894 2835 2938 Kenstgesang, hier wurde das Drama im Ton le¬
970 2895 1914 2955 des ersten Akts Stimmungsregie zu treiben. Nur
976 2930 2842 3000 sollte bei der bedenklichen Geschwäßzigkeit des gan= bendig. Frau Porard=Theissen, die zum
977 2963 2843 3037 zen Stückes das Tempo nicht noch über Gebühr erstenmale die Amelia sang, hatte namentllch im
2848 2972 2963 3041 uch
1914 3002 2836 3054 3. Akt, und zumal im zarten mezzo voce der
978 3021 1910 3078 gedehnt werden. Den unbeschwerten Gesinnungs¬
2857 3023 2961 3070 Vo
1911 3035 2844 3109 Höhe ausgezeichnete Momente. Jeder Hoffnungs¬
971 3048 1925 3117 athleten Fliederbusch stattete Herr Janssen
2847 3062 2950 3113 stra
1919 3073 2949 3148 schimmer, der eine Regeneration dieser Stimme
974 3082 1906 3149 mit der nötigen Beschwingthett bestechend lie¬
1921 3115 2841 3169 anzudeuten scheint, ist uns willkommen. Gegen
973 3125 1910 3182 beuswürdig aus; er hatte in dem pedantischen
2845 3144 2970 3213 zub
1914 3161 2841 3206 Schluß freilich kämpfte die Künstlerin mit min¬
982 3167 1911 3234 Füllmann des Herrn Jacobi einen kontrastrei¬
973 3185 2841 3271 chen Widerpart. Graumann, Schwan= derem Erfolg gegen die beunruhigend flackernde
976 3222 2921 3308 neke, Höser. Lützenkirchen, Nadler! Tongehung der Mittellage, die nun ##llerdings in
2283 3360 2613 3446 Ghe
1433 3326 2184 3475 Ku
1923 3460 2316 3616 NEA
