3392 4384
217 306 1514 387 27. Finkund Fliederbusch
725 616 1558 732 3. Neues 8 Uhr Blatt,
1204 719 1382 810 Wien.
361 865 1520 958 Nam Morgan und das Berliner Eessing-Theater.
488 933 1521 1011 Paul Morgan ist, wie bekannt, ab nächster Saison an
367 973 1510 1068 das Berliner Lessing=Theater engagiert und hat sich ver¬
360 1021 1515 1098 pflichtet, dort vorher ein Gastspiel zu absolvieren. Di¬
364 1082 1507 1159 frektor Barnowsky hat nunmehr Morgan eingeladen, in
357 1120 1508 1208 Berlin anläßlich der Erstaufführung von Schnitzlers
355 1176 1503 1245 1„Fink und Fliederbusch“ die hier von Karl Forest dar¬
356 1227 951 1296 gestellte Rolle zu übernehmen.
469 1272 1490 1338 Trotzdem sich nun auch Artur Schnitzler um
357 1325 1507 1407 einen Urlaub für Morgan bemüht, ist ein solcher bei Di¬
356 1372 1505 1447 rektor Geyer von der Neuen Wiener Bühne nicht zu
345 1421 1519 1503 erwirken. Direktor Barnowsky droht Morgan nun mit ge¬
355 1469 1516 1553 richtlichen Interventionen. Es war jedenfalls unvorsichtig“
356 1521 1489 1607 von Paul Morgan, „daß er sich nicht vor Eingehung der
353 1565 1370 1649 genannten Gastspielyerpflichtung den Urlaub sicherte.
442 1690 1430 1774 Zeitung: Deutsche Zeitung
446 1801 985 1877 Adresse: Berlin
1038 1840 1385 1976 8. UEZ 1917
444 1913 669 1994 Datum:
378 2095 1513 2189 Artur Schnitzler „Fink und Fliederbusch.“
433 2175 1574 2247 Man hat den Besprechungen nach der Uraufführung dieses
353 2220 1560 2277 Stückes in Wien und Frankfurt a. M. nicht recht glauben
350 2269 1551 2331 wollen, als isie andeuteten, daß der neuesty Schnitzler ein
338 2307 1550 2363 oberflächlsches Spaßstück ohne tiefen Inhält und echten
348 2361 1553 2401 Humor séi. Aber nun man sich gestern im Lessingtheater
345 2397 1548 2449 selbst überzeugt hat, muß man leider gestehen: es ist noch
350 2437 1544 2485 schlimmer. Wie würde Gustav Freytag ironisch gelächelt
349 2487 1556 2549 haben, sähe er dieses gequälte Bemühen, die Menschen der
349 2529 1537 2575 Presse, die Bereiter der öffentlichen Meinung, satirisch zu
354 2569 1545 2617 beleuchten, oder beabsichtigte Schnitzler dies vielleicht gar nicht?
354 2617 1543 2676 Genügt es ihm, den Scherz von dem Journalisten, den Frey¬
342 2657 1544 2705 tag als Schmock so treffend kennzeichnete und der zu gleicher
351 2706 1539 2758 Zeit sich liberal und konservativ betätigt, in eine neue Form
359 2746 1543 2790 zu bringen? Das wäre für den Schnitzler, den wir bisher
350 2789 1546 2842 kannten, den feinsinnigen Lebensbeobachter und humorvollen
350 2829 1546 2887 Schilderer, recht betrüblich, denn gerade hier in diesem Wir¬
345 2874 1549 2909 kungskreis drängt sich förmlich eine Fülle von Gelegenheiten zu
351 2913 1553 2975 spottender Wahrheit und tiefschürfender Satire. Dieser Fink¬
353 2958 1548 3005 Fliederbusch, der alles besitzt, was ein tüchtiger Journalist
345 3002 1326 3060 brauchen kann, nur nicht Charakter und
1324 3005 1543 3064 gefestigte
349 3048 1556 3103 Weltanschauung, ist in der Presse unserer Zeit leider eine
351 3085 1536 3147 häufig wiederkehrende Erscheinung, so daß man dankbar ge¬
354 3124 1554 3189 wesen wäre, wenn Schnitzler hier mit satirischen Zangen fest
341 3176 1543 3213 und sicher zugepackt hätte. So aber blieb das Ganze eine harm¬
339 3213 1546 3274 lose Erheiterung des Puhlikums. Selbst die Zeichnung der
339 3261 1544 3301 beiden gegensätzlichen Redaktionen ist matt. Der Gang der
342 3303 1542 3353 Handlung ist gedehnt und schleppend, und alle die kleinen, oft
345 3348 1553 3403 recht schwächlichen Spotthiebe gegen Parteieinseitigkeit, Mei¬
336 3389 1547 3445 nungsfabrikation und Journalistenfron vermögen nicht tiefer
342 3437 1544 3489 anzusprechen. Glücklicherweise war wenigstens das Tempo der
340 3472 1535 3518 Aufführung herzhaft und frisch, und es ließ sich so leichter über
344 3513 1540 3561 die Schwächen des Stückes hinwegkommen. Bassermann
345 3562 1526 3612 war als Fink=Fliederbusch köstlich in dieser inneren Haltlosig¬
338 3605 1560 3653 keit, in diesem fast knabenhaften Draufgängertum gemischt mit
345 3657 1539 3707 verschmitzter Lanne und übertriebenem Selbstbewußtsein. Mit
350 3685 1536 3731 den anderen Redakteurgestalten fanden sich die Herren
338 3732 1538 3797 Lichow, Lindt und Wallauer als liberale, Lauda,
345 3778 1544 3829 Schröder Schrothund Sternberg so gut es ging ab.
346 3814 1532 3875 Recht drottig wirkte Kurtchötz als Kajetan. Ferdinand
336 3860 1548 3905 Vonn gab dem Grafen Giesberg Niederhof, nebenbei gesagt
334 3900 1533 3965 der einzigen Gestalt, welche kräftig und scharf umrissen ge¬
338 3949 1535 4009 zeichnet ist, frisches glaubhaftes Leben. Ilka Grüning
339 3992 1539 4030 erfreute als Fürstin durch vornehm=künstlerisches Spiel. An
345 4034 1534 4089 dem guten äußeren Erfolg des Abends hatte die treffliche
341 4075 1538 4114 Regieführung von Direktor Barnowski nicht unbedeuten¬
331 4114 586 4171 den Anteil.
1381 4122 1495 4183 wg.
1668 300 2124 394 box 33/3
2155 578 3201 689 Zeitung: Norddeutsche Allgemeine Zeitung
2156 695 2570 787 Adresse: Berlin
2795 734 3112 844 8. 02 1917
2149 813 2379 884 Datum:
2143 943 3046 1051 Theater, Konzerte und Vorträge.
2096 1042 3216 1125 Im Lessingtheater erlebte am Freitagabend Arthur
1996 1060 3182 1130 Schnitzlers dreiaktige Komöoie „Fink und Fliederbusch“
2003 1124 3211 1190 ihre Berliner Erstaufführung. Leider het das=S##ckbling
2001 1161 3205 1227 und Naturfreude gar nichts zu tun, Fink und Fliederbusch=#ind viel¬
1994 1204 3172 1270 mehr Namen eines Zeitungsmannes. Eines Zeitungsmannes —
1998 1244 3194 1303 das ist der Witz der Geschichte. Abnherr dieser jängsten Bühnen¬
2002 1282 3208 1358 figur ist der unsterbliche Schwock der Jomnalista#, der schreiber!
1991 1326 3201 1368 konnte rechts und schreiben konnte links. Dasmann Schnitzleris
1999 1365 3209 1416 Held nicht nur, nein, er tut's sogar, und zwar gleichzeilig:
1994 1398 3208 1461 Während er als Fink in einem feudalen Gesellschaftsblatt!
1992 1440 3212 1488 leitartikelt, greift er als Fliederbusch in einer demokratischen:
1993 1476 2166 1526 Zeitung
2174 1476 2320 1530 jenen
2341 1488 3227 1533 konservativen: Fink auf beftigste an. —
1999 1520 3197 1567 GesinnungslumpereiA I wo, sagt Schnitzler, Unbetangenheit.
1990 1552 3194 1602 Maurus Jokai hat einmal erzählt, beim Schreiben seiner Romane sei
1986 1599 3198 1657 er selbst immer neugierig, wie sich die Geschichte entwickele. Aehnlich
1995 1626 3232 1697 geht's dem Fink=Fliederbusch mit seiner politischen Ueberzeugung. Er,
1991 1681 3201 1734 hat noch gar keine. Was er hat, ist nur eine glänzende Gewandtheitt
1989 1709 3199 1772 des Ausdrucks, und es bietet ihm sozusagen einen künstlerischen Reiz,
1984 1749 3197 1802 seine Technik spielen zu lassen. Man kann dabei auch an einen Land¬
1991 1788 3200 1855 schafter denken, der einmal einen Akt malt, um zu beweisen, daß er
1982 1824 3193 1873 mit seinem Handgelenk alles zwingen kann. Der Zeitungsprdteus
1977 1861 3202 1932 kommt deshalb auch keineswegs zu Fall, obwohl ihn seine Doppelrolle
1983 1909 3197 1969 bis zu der Notwendigkeit führt, sich selbst zu fordern. Wie nämlich die
1989 1946 3190 2014 Frühsonne den Duellplatz im Grunewald — ach nein, im Prater beschaut,
1988 1989 3187 2031 findet sie dort zwar kein Zweikämpferpaar, aber auch keinen blamierten
1983 2027 3190 2095 Europäer, sondern einen Sieger im Daseinskampt, einen bewunderten
1985 2066 3195 2131 Könner, um den sich gleich drei Verleger reißen. — Ein witziger Ein¬
1977 2110 3187 2157 fall, nicht wahr? Und doch lähmende Langeweile wenigstens bei dem
1983 2139 3198 2187 Teil des Publikums, der nicht auch in den Späßen des Herrnfeld¬
1980 2182 3195 2241 theaters künstlerische Offenbarungen findet. Es ist unbegreiflich, wie
1973 2223 3196 2259 hilflos Schnitzler wird, sobald er das ihm seit je vertraute Gebiet
1979 2266 3200 2333 lrenzliger Erotik verläßt. Um zu charakterisieren, muß er karikieren.
1971 2308 3190 2352 Wenn er sich nun wenigstens= ehrlich zu einem Schwank bekennen
1981 2344 3191 2395 wollte! Nein, es gilt geistreich zu sein — der alte Ruhm Lerpflichtet.
1968 2380 3202 2446 Und so kommt eine ganz abscheuliche Stilmischung heraus. Ein guter
1968 2415 3193 2482 Beweis gegen den Autor wai Bassermann, dem es trotz krampf¬
1974 2461 3184 2520 haften Bemübens nicht gelang, mit der Hauptrolle etwas, anzufangen.
1975 2493 3184 2557 Ich muß gestehen, daß mich der alberne Ton, den er sich zugelegt
1975 2536 3184 2594 hatte, und das zappelige Getue geradezu ärgerte. Die anderen
1979 2576 3189 2626 Rollen waren nur bemerkrnswert, soweit ihre Darsteller den Mut
1968 2605 3182 2683 hatten, forsch im Schwankton zu arbeiten, wie Kurt Götz als
1973 2652 3183 2719 Kajetan und Licho als Füllmann. Die anderen mußten mit Not¬
1976 2696 3186 2758 wendigkeit Marionetten bleiben. Es zeugt für die gute Vergangen¬
1970 2732 3201 2800 heit des Lessingtheaters, daß seine Premierenbesucher den schwachen
1973 2772 3191 2849 Beifall mit Zischen und Pfeifen von einer Entschiedenheit erstickten
1970 2819 3191 2898 wie man es an dieser Stäute gewiß nicht oft gehört hat. A. Bab.
2037 3105 3009 3237 Zeitung: Württembergische Zeitung
2038 3262 2547 3362 Adresse: Stuttgart
2770 3296 3110 3413 8. OEZ 19/7
2043 3397 2255 3465 Datum:
2032 3529 2964 3634 „ink und Fliederbusch“, Artur Schnitz¬
1978 3588 2948 3674 lars neueste Komödie, erlebte gestern, wie unser
1972 3628 2935 3706 Berline) Vertreter telegraphiert, im Lessingtheater
1973 3661 2932 3738 einen rachtungsvollen Durchfail, sozusagen.
1977 3698 2932 3773 Schnitzlet lat sich offenbar die Geschichte äußerst
1970 3733 2929 3806 komischündl unterhaltsam gedacht, was das Berliner
1970 3765 2927 3849 Publikum aber keineswegs fand. Es entwickelte sich
1970 3797 2932 3874 schließlich eine regelrechte Berliner Premieren¬
1956 3837 2921 3918 schlacht, und es blieb zweifelhaft, wer darin, die
1952 3873 2932 3951 Zischer oder die unentwegten Bewunderer Schnitz¬
1957 3905 2934 3994 lers, die Oberhand behielt. Jedenfalls bedeutet
1956 3940 2923 4022 dieses Stück eine arge Enttäuschung, denn man hatte
1961 3977 2933 4077 gedacht, von Schnitzler eine lustige Neuauflage von
1952 4013 2680 4093 Freytags „Journalisten“ zu erwarten.
3212 1662 3290 1738 —
