3436 4352
288 211 2210 292 27. Eink und Fliederbusch box 33/3
691 773 1361 867 #imer lorgenpost
632 872 877 973 Berlin
1600 927 2500 1018 Mensch und als Darsteller zu großes Formak, um
1105 936 1457 1042 e. SeE 131
1583 996 2492 1056 über dieses Mißverhältnis täuschen zu können;
1592 1030 2501 1095 man hat den Eindruck des Verfehlten, trotz aller
1599 1060 2500 1129 Kunst, die er auf kleine Soloszenen und auf die
1604 1107 2489 1175 zahlreichen Monologe verwendet. Herr Bonn
1598 1142 2498 1223 gibt mit sympathischer Ruhe den Grafen Nieder¬
1599 1183 2498 1252 hof, einen weltmännischen Zyniker, der im dritten
807 1142 1462 1264 „Iink und Fliederbusch.“
1601 1222 2495 1289 Akt mit der Frage was Ueberzeugung sei, ge¬
698 1235 1562 1337 Schnitzlers Komödie im Lessingthefter.
1604 1256 2491 1318 wissermaßen der Näsonneur der Komödie ist, der
1606 1296 2497 1369 Statthalter des Dichters. Eine Fürstin Wendo¬
730 1306 1581 1392 Diese Journalistenkomödie Schnitzlers ist ent¬
1598 1333 2495 1396 lin, Löwin der Wiener Gesellschaft, Patronesse
685 1366 1586 1412 standen nach seinem „Professor Bernhardi“, dem
1598 1373 2497 1435 des jungen Fliederbusch, spielt Fräulein Grü¬
682 1399 1573 1464 Aerzteschauspiel, das gleichfalls „Komödie“ hieß.
1592 1413 2485 1481 ning mit ihrem Humor und ihrem sicheren
684 1445 1585 1503 Jahrelang hat der Dichter sie zurückgehalten;
1598 1451 2493 1529 Geschmack. Unter den Journalisten der Kasetan
676 1486 1576 1540 und man hat gehört, daß die Uebereinstimmung
1600 1492 2494 1567 des Herrn Götz, komisch durch seine sich über¬
681 1531 1584 1574 der Idee mit der eines Stückes von Tristan
1593 1520 2492 1601 stürzende Beredsamkeit. Der Beifall war schwach.
683 1561 1579 1624 Bernard, das auch in Wien und Berlin gespielt
1584 1549 2494 1649 Nach dem dritten Akt kämpften zwei demon¬
671 1599 1582 1657 worden ist, der Grund war. Aber vielleicht war
1585 1600 1976 1671 strierende Parteien.
2289 1616 2459 1679 P. w.
673 1646 1590 1689 mehr noch eine hemmende Selbstkritik das Motto¬
676 1682 1582 1725 des Zauderns. Was alles ließ sich denken, wenn
674 1714 1587 1774 dieser Antor und dieses Thema zusammenkamen!
675 1764 1585 1813 Feinste Skepsis wie in der „Komödie der Worte“
681 1799 1587 1858 ein Durcheinandergleiten von Wahrheit und Un¬
676 1840 1584 1896 wahrheit, tragische Lichter wie in den „Letzten
674 1875 1577 1933 Masken“ in denen Schnitzler den Journalisten
676 1896 1580 1971 Rademacher gegeben hat und in einer einzigen
673 1951 1578 2032 Figur die Pathologie eines ganzen Menschen¬
678 1981 887 2060 schicksals.
754 2020 1588 2090 Sehr matt zeigt er sich diesmal, ohne Laune,
675 2077 1590 2129 ohne Diese. Drei Akte, und alle werden sie von
672 2103 1588 2184 der kleinen, schwankmäßig faden Voraussetzung
674 2157 1577 2195 getragen, daß ein junger Federheld (Federheld,
665 2195 1590 2257 das ist der Geist des Dialogs) in einem Blatt
675 2225 1589 2282 einen auf Sensation zielenden Artikel schreibt,
668 2269 1586 2321 in einem anderen sich selbst befehdet, daß er ge¬
678 2310 1584 2362 zwungen wird, mit seinem eigenen siktiven
667 2334 1575 2399 Doopelgänger zum Pistolenduell anzutreten, und
665 2384 1585 2428 daß er dann, froh und glücklich, auf dem Duell¬
660 2421 1589 2490 platz das Geheimnis seiner Technik entschleiert.
675 2458 1585 2523 Kaum, daß die beiden Blätter, die Redaktionen,
671 2501 1584 2540 in denen er wirkt, satirisch individualislert sind:
670 2534 1578 2596 das liberale Wiener Tagblatt „Die Gegenwart“,
674 2577 1592 2640 das Wochenblatt „Die elegante Zeit“. Leuchter,
669 2617 1573 2673 Chefredakteur der „Gegenwart“ aus Charakter,
668 2644 1580 2702 und weil er auf ein Käuferkonfortium Rücksicht
674 2693 1591 2752 nehmen will, ein Mann des gedämpften, ver¬
676 2728 1589 2794 mittelnden Tones. Der politische Redakteur
663 2779 1571 2822 Füllmann, gesinnungsvoll polternd, dann sich
666 2803 1593 2872 duckend. Abendstern, der Theaterkritiker, der erst
670 2843 1581 2904 gut nachtmahlen muß, bevor er ans Werk geht,
672 2881 1577 2941 und der das Stück des extremen Mitarbeiters
662 2933 1574 2986 Herrn Kajetan für einen Dreck erklärt, dann aber
659 2964 1579 3030 mit Shakespeare vergleicht und Holberg. Satan,
664 3008 1424 3060 Chefredakteur der „Eleganten Zeit“
1450 3011 1576 3061 trotz
659 3030 1576 3093 mangelnden Glaubens durchaus entschlossen, sie
676 3078 1582 3135 ## eine „katholische Zeit“ umzuwandeln. Styx,
675 3121 1590 3171 aristokratischer Mitarbeiter, wegen Spielschulden
671 3167 1572 3213 verabschiedeter Offizier. Wie spärlich ist das,
672 3202 1575 3247 wie billig, wie konventionell! Nur bei Herrn
671 3241 1570 3295 Kajetan, dem Berichterstatter, der Lyrik im
662 3274 1582 3330 Depeschenstil redet, funkelt einmal Schnitzlersche
662 3317 1572 3372 Ironie auf. „Seele des Dichters — unheimliches
668 3352 1572 3422 Lokal“, sagt er; und wir sind in Schnitzlers Welt,
658 3397 1233 3446 für einen kurzen Augenblick.
733 3420 1575 3482 Die Doppelrolle des Herrn Fliederbusch, der
664 3470 1583 3527 sich Fink nennt und beim Duell in der Praterau
663 3514 1571 3564 Fink und Fliederbusch zugleich ist, hat Basser¬
661 3550 1581 3614 mann. Er ist nicht mehr in den Zwanzigern;
665 3596 1583 3645 und so kommandiert er sich zur Jugendlichkeit.
662 3623 1572 3676 Er hält sich an die ihm für die Charakteristik ge¬
671 3673 1574 3717 lieferten Stichworte „alberner Snob“ und
666 3693 1578 3757 „kleines Biest“. Wie ein unreiser Snob sieht er
665 3744 1568 3805 aus, mit rotgeschminktem Gesicht, blondhaarig,
667 3776 1572 3843 im Sportangug; er stößt mit der Zunge an, er
664 3816 1597 3885 ziert sich, er macht Kratzfüße. Aber er hat als
