3392 4256
1114 1774 1177 1852 er
1142 1857 1177 1895 7.
1212 108 2453 164 der Achtung. Im Buche Hiob wird berichtet, daß die Anbeter der
1197 147 2072 199 Sonne 2n5 des Mendes ihre Lände gngen diele
1195 165 2429 243 und sie dann zum Munde zu führen pllegten. Zu anm Zeiten sind #
1193 206 2452 280 auch die Büder der Gölter, Gözen und Heiligen getüßt worden, und
1207 246 2453 296 sie werden auch heute noch gelüßt. Der Kuß, den man dem Gastereund
1198 295 2451 353 gab, machte diesen heilig. Als sich dann der Kuß ne# lgemeinerte.
1193 326 2457 391 da unterschied man allerlei Arten davon, und je nachdem der auß auf
1195 370 2456 433 den Mund, die Wange, den Bart usw. gegeben wurde, bezeichete er
1197 401 2452 458 Liebe, Achtung, Treue, Freundschaft, Schutz, Unterwersung oder An¬
1197 439 2448 506 belung, je nach dem Verwandtschaftsgrad, dem Geschlecht, dem Alter.
1189 478 2456 535 dem Rang der Personen und nach den örtlichen Gebräuchen. Der
1184 532 2449 578 Katholizismus hat den Kuß zum Erkennungszeichen der Brüder im
1197 562 2452 606 Glauben erhoben. Im Mirtelalter bildete er einen Teil der Formali¬
1189 586 2449 643 täten, die zur Eehebung in den Ritterstand gehörten: und noch heute
1190 629 2454 699 nurd bei den Romanen der Soldat, dem eine Kriegsauszeichnung ver¬
1185 669 2455 723 liehen wird, zugleich geküßt. Bei gewissen Bräuchen diente der Kuß auch
1191 717 2439 763 als Pfand der Treue unter den vertragschließenden Parteien, wobei er
1193 749 2438 814 also dem Handschlag entsprach, derch den ein Handel vollgegen wurde,
1188 779 2449 839 und noch heute gilt der Kuß allgemein als ein Zeichen der Versöhnung.
1184 812 2369 902 Mu
1378 869 2339 1007 Theater und Kunst.
1193 894 1366 1055 *
1516 996 2384 1118 Hinter den Kulissen. % ###
1189 1086 2436 1140 (Die Burgtheaterjubilare. — Wie Baumeister seinen neunzigsten Geburts¬
1189 1131 1477 1196 tag verbrachte.
1536 1137 2432 1199 Wie kam Artur Schuißlers Fink und Rosenbusch“
1261 1169 2453 1232 Deutsche Volksthrater? — Die Sheäkerkässe und die Literatur. —
1653 1199 1717 1238 — —
1269 1207 2359 1273 Das Stück mit den de Statisten. — Ein Scherz vom Tage.)
1291 1261 2440 1318 Die große Burgtheatersamilie, die sonst Jubiläen und
1141 1286 2445 1368 Geburtstage gewöhnlich sehr lebhaft und geräuschvoll zu feiern
1185 1365 2429 1412 pflegt, mußte sich in der letzten Woche Enthaltsamkeit auferlegen.
1186 1409 2439 1476 Baumeisier, Anna Kratz und Herr Zeska, die sonst „Gegenstand
1190 1462 2435 1527 großer Ehrungen“ gewesen würen, sind nur ganz schlicht und
1185 1492 2447 1581 einfach beglückwünscht worden, was bei den zwei Erstgenannten
1173 1541 2439 1627 sogar auf eigenen Wunsch zurückzusähzren war. Sie sind nicht
1193 1604 2436 1682 mehr jung genug, um die Strapazen einer Haupt= und Staats¬
1185 1646 2450 1714 aktion zu überstehen. Herr Zeska ist jünger, gesünder und konnte
1191 1692 2447 1764 also vergnügt und frisch jubilieren und seine Kollegen im Hausen
1184 1754 2453 1799 empfangen. Die brave Anna Kratz, die man übrigens irrtümlicherweise
1178 1786 2446 1852 um einen ganzen Monat zu früh zu einer Achtzigerin gestempelt
1176 1850 2443 1920 hat, ist leider leidend und verzichtete auf Besuche, während Bernhard
1186 1887 2433 1964 Baumeister zwar vergnügt dahinlebt, aber wenigstens so tat, als
1187 1940 2444 2011 fühle er sich den Ehrungen nicht gewachsen. Im Burgtheater
1188 1986 2427 2054 freilich man war besorgt, als von ihm eine Absage kam, und die
1177 2030 2423 2118 Freunde glaubten schon, daß es dem Alten in Baven schlecht gehe.
1176 2086 2431 2160 Das ist aber nicht der Fall. Ein Freund unseres Blattes sendet
1170 2130 2443 2202 uns nämlich folgendes Stimmungsbildchen aus Baden: Wer
1185 2177 2429 2248 sich den neunzigjährigen Patriarchen des Burgtheaters als hin¬
1185 2225 2444 2302 sälligen Greis, auf die „Postille gebückt“, vorstellt, griesgrämig
1181 2283 2430 2341 und weltverloren, geht gewaltig ure. Nicht als wäre er neunzig
1171 2323 2444 2385 geworden, sondern als hätte er zum zweitenmal den fünfund¬
1176 2378 2433 2434 vierzigsten Geburtstag gefeiert, verbrachte, wenn auch in
1181 2417 2428 2483 stiller Zurückgezogenheit, nur umhegt und umsonnt von der
1177 2468 2434 2539 Liebe und Herzlichkeit von Galtin und Schwägerin, den großen
1173 2509 2436 2558 Tag, und es war nur eine Hyperfürsorge des ihm befreundeten
1169 2552 2426 2615 Arztes Dr. Heidvogl, daß er ihm die Mühsetigkeiten ersparen
1169 2610 2421 2665 wollte, Deputationen zu empfangen. Er selbst war gerade an
1171 2653 2432 2724 diesem Tage frischer und munterer als seit geraumer Zeit und
1166 2710 2416 2779 freute sich ganz unsäglich über die alle Räume seiner Badener¬
1165 2745 2424 2828 Villegiatur füllenden Blumenspenden, die dem lieben altväterischen
1160 2804 2423 2862 Hausgarten förmlich einen neuen Garten zugesellten. Die
1159 2859 2426 2920 Deputationen vertrat ein kleines Heer von Depeschenboten.
1159 2896 2434 2970 und Briesträgern, und der Wundermime des Burgtheaters
1161 2936 2417 3017 ließ sich zunächst die Depeschen vorlesen, die ihm große
1168 2993 2420 3045 Freude machten und deren manche er mit scherzhaften Apereus
1149 3040 2416 3120 begleitete. Dem Schreiber dieser Zeilen war es beschieden als dem
1155 3081 2415 3169 einzigen Fremden, das große Geburtstagskind an dem Festtag zu
1169 3135 2413 3190 sehen und zu sprechen. Es war eine zufällige Begegnung auf der
1161 3185 2418 3268 Straße. Durch die Hildegardgasse schreitend, mußte ich unwill¬
1142 3233 2407 3296 kürlich vor einem Gefährt ausweichen, dessen feurige Pferde schen
1153 3292 2418 3354 zu werden drohten, wenn nicht ein kräftiges Anziehen der Zügel
1165 3330 2407 3398 sie, die sich bereits aufgebäumt hatten, zum Stillstand gezwungen
1156 3380 2411 3445 hätte. In dem eleganten offenen Fiaker saß aber niemand anderer
1300 3429 1349 3467 —
1150 3422 1256 3493 als
1344 3425 2404 3479 Bernhard Zaumeister und seine Frau, die von
1162 3473 2412 3556 einer Spazierfahrt aus dem Helenental heimkehrten.]
1149 3533 2405 3596 Die Zügellosigkeit der Pferde irritierte den nervenstarken
1150 3577 2412 3621 Mann nicht im mindesten, während sich der wenigen
1160 3617 2416 3700 Zeugen dieser Szeue ein wenig Aufregung bemächtigte. Nur leicht
1150 3671 2403 3749 auf meine Hand gestützt stieg Baumeister aus dem Wagen und
1146 3717 2412 3797 ich konnte mich seines beispiellos frischen Aussehens, seiner schalk¬
1137 3755 2423 3839 haft bligenden wasserblauen Augen, aus denen noch immer der
1147 3805 2396 3886 alte fröhliche Naturbursch hervorleuchtet, erfreuen. Er sagte mir,
1155 3859 2391 3935 wie ungemein leid es ihm getan habe, daß „seine böse Frau“
1150 3900 2408 3983 nicht zulassen wollte, daß seine lieben Kollegen des geliebten
1148 3944 2395 4021 Burgtheaters zu ihm kämen. Seine Stimme klingt frisch und
1130 4001 2403 4089 kräftig, wie nur jemals. Ich möch.: dies aus dem Grunde ganz
1329 4054 1499 4101 —
1761 4054 2069 4118 —
1246 4092 2408 4152 Das kleine Städtchen tauchte vor ihm auf und rückte schnell
