3392 4256
390 -2 1567 73 ennt wie ein Platzagent immer in“enter errren
395 44 662 106 asche herum.
465 72 1378 146 Auch der wackere Oldendorf fehlt nicht; er
385 126 1381 180 seißt Füllmann, ist schlecht rasiert, trägt wahr¬
393 166 1384 218 cheinlich Jägerwäsche, einen schäbigen Ansng, hält
386 205 1391 268 emotratische deden und benimmt sich wie
381 259 588 326 in Bär.
464 272 1394 354 Und da ist ja auch der Bijouschmock: der hat
390 344 1383 404 ich besonders heraus gemacht. Er trägt Monotel,
399 389 1385 450 chnoffelt, ist ein deklassieeter Baron oder so etwas,
390 432 1378 486 schnüselt hinter den Kulissen und schreiot noch
382 469 1014 536 mmer schlecht bezahlte „Perlen“
463 500 1390 570 Allen Respekt, Frau Fürstin Priska, geborene
386 558 1382 619 Adelheid. Sie hat noch alleweil eine Schwäche für
1219 594 1385 662 taltet
380 617 1221 663 Jouinalisten, aber nur für sehr junge,
381 645 1383 711 Parkfeste, Blumenkorso und ähnliche Massen¬
378 693 795 765 ansammlungen..
466 734 1384 803 Auch der brave Oberst Berg hat Karriere
395 782 1386 845 gemacht; er kauft zwar noch immer Üiberale
384 835 1376 893 Zeitungen, um sie katholisch zu machen, aber er ist
387 861 1390 943 inzwischen ein Graf Niederhof und Abgeordneter
371 912 1383 976 geworden und wettert gegen die Arbeiter in
388 964 612 1027 Strakonitz.
469 991 1399 1062 Und unser Liebling Bolz! Was ist aus dem präch¬
386 1037 1390 1106 tigen Menschen geworden? Er hat sich halviert; er ist
377 1089 1432 1148 Fink und Fliederbusch geworden; seine schneidigesc
388 1132 1392 1199 Feder gehört als Fliederbusch dem demokratischen
388 1180 1382 1236 Organ, als Fink der christlichen „Eleganten Welt“
468 1210 1395 1293 Das ist nämlich der sogenannte Witz der
1287 1267 1382 1317 ein
386 1276 1278 1330 neuesten Komödie von Artur Schnitzler:
386 1304 1389 1377 Journalist, der für zwei Richtungen schreibt, sich
393 1354 1392 1406 in den Zeitungen lebhaft betämpft und im Eiser
385 1392 1385 1471 des Scheingesechtes in ein Duell mit sich selbst,
386 1435 1374 1498 Fink contra Fliederbusch verwickelt wird. Das
394 1482 1388 1551 Thema wäre lustig genug, um eine satirische Be¬
396 1527 1383 1599 handlung zu vertragen; aber Artur Schnitzler
384 1571 1384 1648 geht die Sache psychologisch veristisch an. Er taucht
394 1625 1382 1674 in die tiefsten Fluten des Titenfasses, um aus
389 1665 1382 1725 einer Satire ein Tendenzstück zu machen. Abgrund¬
377 1709 1380 1761 tiefe philosophische Perspektiven eröffnet er; er
384 1755 1402 1808 wird geradezu shakespearisch gedantenüberflutet.
393 1808 1386 1869 Hamlet kann die Frage: „Sein oder Nichtsein“
397 1850 1388 1900 nicht wuchtiger behandeln als über die Frage:
393 1905 1387 1955 „Fink oder Fliederbusch“ spekuliert wird und zur
404 1937 1380 1998 Höhe Shalespeareschen Witzes in den Rüpelkomödien
397 1984 1383 2027 erhebt sich die Duellszene mit der Lizitation um
445 2014 1394 2086 e Mitarbeiterschaft des Lumpeil Fink=Flieder¬
404 2065 523 2141 busch.
481 2083 1442 2159 Zum mindesten steut sich Artur Schnitzler ins
395 2144 1452 2203 diesen abgeschmackten Szenen so, als ob er den d
396 2196 994 2260 Kern der Sache treffen wolle.
486 2224 1412 2285 Und gar erst der tiefschürfende Dialog über
393 2279 1326 2338 ##nberzeugung, Sport, Monomanie und Poliik.
481 2327 1412 2378 So stellt sich beiläufig der kleine Moritz aus
391 2355 1439 2442 der Schiffamtsgasse — auch diese Lieblichkeit des
399 2411 1461 2492 Schnitzlerischen Naturalismus fehlt nicht — Welt;
405 2464 807 2524 und Versonen vor.
487 2488 1398 2566 Einen besonderen Reiz erhält dieser neueste
395 2553 1410 2603 Schnitzlerische Journalistenreigen durch die An¬
404 2593 1455 2659 wendung des jüdiichen Jargons im Dialog; seits:
1388 2631 1453 2694 7
404 2634 1380 2695 der „Klabriaspartie“ hat lein Dichter dieses Idiom
401 2673 1451 2746 so meisterhaft im Dialog zu verwenden gewußt,
355 2687 393 2750 1
372 2724 1423 2791 wie Artur Schnitzler in „Fink und Fliederbusch“. 1
361 2785 1455 2844 1 Daß die politische Moral, die der Dichter hier
348 2807 1406 2865 predigt, ebenso brüchig ist, wie zum Beispiel die
365 2857 1398 2923 militarische Moral in „Leutnant Bustl“, soll der
405 2901 1394 2958 Neuheit wohl den Stempel der Nackensteise geben.
497 2945 1392 3002 Das Publikum wußte nicht recht, was es mit
395 2986 1398 3046 diesem neuesten Schnitzter anfangen soll. Man
410 3031 1400 3098 lachte stellenweise über die eingestreuten Rosinen,
402 3068 1450 3140 das heißt über die Ausfälle gegen Journalisten
377 3114 1404 3206 ind Politiker, und die Freunde rieten den Dichter
412 3167 1399 3225 der „Liebelei“ wiederholt nach dem zweiten Akt.
396 3210 1406 3283 Aber je länger der Abend wurde, desto länger
403 3242 1403 3316 wurden die Gesichter, und nach dem dritten Akt,
1173 3298 1412 3357 in einen
401 3297 1148 3364 dessen technische Unbeholfenheit sich
409 3353 1406 3412 „Nachtrag“ auslebt, interessierte weder Fink noch
424 3381 1402 3440 Fliederbusch und die Leute gingen eilfertig und
403 3434 863 3514 stillbetrübt nach Haus.
480 3462 1424 3541 Nur einige durch ihr Metier abgeharteten
370 3511 1466 3589 UAerzte und Chirurgen blieden auf dem Platze,
562 3559 1399 3647 "Sölldersiug 10 MKuse
382 3652 1392 3728 um „Fink und Fliederbusch“ die letzten Ehren zu
379 3702 1430 3770 erweisen. Ein Massenaufgebot von Schauspielem
382 3738 1401 3813 bemühte sich um das Stück und verdient umere
399 3789 675 3851 Anerkennung.
1259 3796 1355 3866 . f.
469 3883 1393 3951 Ein Teil der Theaternachrichten befindet
378 3918 782 3992 sich auf Seite 9.
