3436 4352
1736 266 2198 356 box 33/4
275 271 1591 351 27. Fink und Fliederbusch
719 1470 1665 1519 den Felsentüren wieder südwärts lenken, rat¬
1763 1470 2643 1536 Ein Spaß .. .. mit Zügen der Groteske
711 1508 1665 1553 tern wir auch schon vor unserem Hangar nie¬
1672 1507 2649 1564 und der Satire .. .. aber im wesentlichen dech
712 1544 1583 1614 der. Der Aufklärer hat seine Arbeit getan.
1682 1553 2641 1610 nur ein ulkyafter Schwank. Vielleicht hatte der
1688 1589 2654 1650 Verfasser den Plan, den modernen Zeitungs¬
1123 1597 1294 1670 —2—
1687 1620 2648 1672 betrieb mit den Röntgenstrahlen seines geist¬
1684 1663 2647 1718 reichen Spottes zu durchleuchten. Aber dann
723 1678 1564 1772 Deutsches Schauspielhaus.
1679 1705 2637 1763 mütte sein Held ein Mensch von Fleisch und
1686 1742 2651 1795 Geist sein. Das ist er aber nicht. So eifrig
953 1745 1436 1818 Arthur Schnitzler:
1689 1786 2647 1835 Schnirler sich bemüht, aus dem Rechts= und
752 1781 1607 1863 „Fink und Fliederbusch“.
1697 1822 2651 1884 Linksschreiber eine leben echte Gestalt zu formen,
799 1845 1672 1905 Fink und Fliederbusch — welch ein Wider¬
1695 1859 2647 1912 ist er doch eine sturrile Marionette geblieben,
705 1901 1663 1954 hall von Maienwonne! Aber dieser Fink ist kein
1677 1899 2656 1943 die nirgends in der Wirklichkeit wurzelt. Mehr
1501 1930 1665 1987 Dieser
710 1929 1386 1987 sangeslustiger Vogel, sondern .
1681 1946 2642 1997 oder minder fragwürdig erscheinen auch die
710 1955 1668 2018 Fliederbusch ist kein blütenprangender Strauch,
1679 1979 2628 2046 übrigen Figuren, von denen nicht eine einzige
710 2006 925 2065 sondern
1071 2004 1667 2068 Kurzum, das Stück führt in
1686 2016 2604 2061 wirklich typisch für den Journalistenberuf ist. So
714 2037 1670 2105 keine Maienlandschaft, sondern in die höllische
1676 2054 2660 2095 bleibt nichts übrig, als eine in der Luft schwe¬
703 2089 1670 2138 Küche des Journalismus. Fink ist ein Jour¬
1679 2091 2649 2152 bende Lusogmacherei, in der zwar manche Ein¬
717 2129 1661 2179 nalist uld Fli.derbusch ist ein Journalist. Der
1689 2130 2652 2184 falle zum Lachen reizen und die manche bissige¬
704 2165 1673 2226 eine ist ultra-reaktionär, der andere ebenso heftig
1676 2170 2637 2233 Einfälle gegen den politischen Journalisums,
711 2206 1662 2255 freisinnig. Sie befehden sich in zwei Wiener
1685 2213 2641 2265 gegen das Duell usw. enthalt, deren drei Akte
711 2251 1662 2293 Zeitungen bis aufs Blut. Der Zwist steigert
1675 2252 2657 2300 im Verhältnis zu ihrem Stofj aber übermäßig
1671 2285 2186 2344 lang ausgesponnen sind.
713 2289 1667 2335 sich derartig, daß die beiden Redaktionen ein
711 2324 1665 2369 Duell für unvermeidlich halten. Sie sollen sich
1762 2312 2553 2391 Die starke äußere Wirkung des Stückes n
718 2348 1681 2417 schlagen, die Herren Fink und Fliederbusch. Aber
1685 2369 2646 2435 zum wesentlichen Teil der vortrefflichen, von
721 2401 1667 2448 selisam, das Blut, das sie sich gegenseitig ab¬
1676 2407 2604 2451 Max Montor geleiteten Darstellung zu
709 2439 1667 2489 zapfen sollen, würde einem Herzen entquellen,
1675 2454 2638 2499 danken. Den Fliederbusch=Fink gab Heinrich
717 2481 1673 2530 wie die sich befehdenden Artikel einem und
1675 2484 1883 2545 Lang,
1885 2485 2653 2544 der sich zwar auch vergebens be¬
713 2519 1666 2569 demselben Tin enfaß entstammten. Näm¬
1678 2512 2648 2579 mühte, dieser Rolle menschlichen Odem einzu¬
709 2558 1662 2612 lich als sie sich ihre Zeugen schicken müssen,
1679 2557 2649 2617 hauchen, der ihr aber im übrigen alle Wirkun¬
1435 2590 1675 2651 eine und
707 2579 1317 2641 stellt sich heraus, daß beide
2421 2601 2652 2657 und der
1686 2602 2395 2656 gen abgewann, deren sie fähig ist
717 2614 1672 2681 dieselbe Person sind. Fink ist Fliederbusch und
1688 2640 2653 2688 den Zuschauern in seiner Doppelrolle auch
718 2672 1669 2727 Fliederbusch ist Fink. Das ist die Pointe, von
1682 2677 2647 2742 doppelt ergötzlich erschien. Alle übrigen Rollen
719 2708 1672 2764 deren Gnaden das Stückchen lebt. Nun schluß¬
1683 2724 2653 2764 haben nur episodische Bedeutung; sie fanden
720 2735 1664 2803 folgert man wohl, daß der moderne Schmock bis
1680 2762 2123 2821 ohne Ausnahme die
2122 2754 2652 2825 rechten Vertreter. Wir
713 2791 1669 2836 auf die Knochen blamiert sei? Fehlgeschossen,
1687 2798 2648 2855 möchten aus ihrer Reihe nur die Herren
710 2827 1676 2884 meine Herrschaften! Fliederbusch=Finks bisherige
1685 2840 2641 2896 Brahm als journalistischen „Isidor kann
711 2873 1671 2917 Zeitungen sind entzückt von ihrem tintentüchtigen
1693 2889 2649 2931 alles“, Nhil als liebenswürdigen gräflichen
717 2913 1678 2955 Mitarbeiter. Wer ist wie er nach allen Rich¬
1693 2921 2640 2991 Sport=Poli iker, Jönsson, Stettnerg
720 2943 1664 3014 tungen der Windrose firm? Sie überbieten sich
1681 2960 2637 3014 Schwaiger, Holstein, Ellmarg
709 2981 1667 3040 in Honoraranträgen. Herr Fink=Fliederbusch
1675 2996 2645 3034 Blankenstein und Fischel als charake
708 3026 1678 3079 aber nutzt kaltblütig die Gelegenheit aus, zu der
1686 3033 2635 3087 teristische Vertreter der Zeitungswelt nennen
715 3054 1676 3116 sich seine anfängliche Verlegenheit auswächst. Er
1685 3071 2641 3140 während. Frau Serda eine scharmante Wies
711 3106 1667 3155 weiht seine „geschätzte Feder“ einem dritten
1681 3115 2091 3179 ner Fürstin spielte.
2423 3115 2616 3187 J. K.
720 3139 1673 3208 Unternehmen, das die beiden Mitbewerber aus
713 3180 1128 3254 dem Felde schlägt,
727 3229 2636 3406 Geunge Gernelen6 (at,
1449 3374 2468 3521 Talg -.
2666 3265 2767 3342 —
2639 3333 2729 3381 *
