3344 4320
236 254 2144 323 27. Fink und Fliederbusch box 33/1
1433 1040 1925 1159 S0
2073 998 2438 1200 %
1148 1205 1377 1286 Seite 3
1745 1217 1972 1293 Freitag
2308 1256 2484 1350 .—
1110 1318 2264 1403 oder verlieren. — Angeklagter: Ich mache keine Detail¬
2332 1327 2470 1405 Die
1100 1370 2046 1424 geschäfte. Richter: Das sind keine Argumente.
2269 1378 2495 1462 ausgeber
1207 1414 2257 1474 Wilhelm Eroß berief sich auch darauf, daß er die Kerzen
1102 1437 2258 1499 nochteurer hätte verkaufen lönnen. Der Richter vertagte
1092 1485 2260 1561 die Verhandlung zur Vernehmung des Franz Lehnert und
2336 1505 2485 1594 Mor
1104 1530 1836 1592 eines Veamten des Spediteurs Parist.
2268 1563 2480 1643 den städt
2262 1622 2489 1699 an den v.
1265 1644 2101 1718 Theater und Kunst.
1348 1717 1995 1803 Deutsches Volkstheater.
2375 1727 2481 1817 2
1088 1767 2244 1868 Artur Schnitzler: „Fink und Fliederbusch.“
1573 1830 1783 1894 Lustspiel.
2274 1811 2481 1902 Sprech¬
1192 1862 2263 1947 Das Stück ist eine Handhabe für jene, deren Lebens¬
1095 1901 2259 1991 aufgabe der Rassenlampf in, es ist eine Bestüligung ihler
1101 1969 2267 2039 Lehrzage vom schädlichen Einftuß des Judentums, haupt¬
2262 1976 2483 2052 im Zentr¬
1099 2002 2260 2056 sächlich auf dem Geviele des Journatismus. Es werden letzten
2263 2033 2444 2095 nicht zu
1101 2050 2121 2114 Cnols Gegensätze verscharft. Ein seltsames Lustspiel.
2264 2074 2462 2125 wir Ihr
1193 2080 2250 2147 Nach dem Fallen des Vorhangs bleiot für die Mehrheit
2276 2108 2474 2163 Schlußsre
1092 2114 2255 2169 der Theaierbesucher die aus Dichters Mund bestätigte Tat¬
2266 2150 2467 2201 Preistre¬
1094 2162 2252 2225 sache, daß Fliederrusch, der junge Journalist aus der Leopold¬
2266 2185 2467 2242 dabei sein
1086 2203 2254 2247 stadt als Milglies einer demolratischen Schriftleitung eine
2263 2224 2445 2282 soll auch
1084 2239 2250 2286 entrüstete Erwiderung auf einen Artitel schreiot, den er selost
2266 2253 2460 2328 lich harn
1097 2281 2238 2333 bei einem konseroaliben Blatt unter dem Decknamen Fint
2265 2310 2471 2362 rempelun
1086 2322 2251 2383 juntergebracht hat. Es erübrigt weiterhin für den Zuschauer
2260 2348 2466 2400 nicht selb
1088 2367 2254 2422 die bedentliche Erkenntnes, daß der Kritiker Abendstern das
2264 2388 2464 2446 Ehrenbla
1085 2405 2255 2469 Stück eines externen Mitarbeilers seiner Redaktion für durch¬
2267 2429 2465 2479 nen, weil¬
1090 2449 2244 2487 aus mißlungen hält, über Auftrag des Chefredalteurs jedoch
2267 2464 2466 2519 lein Wor
1080 2468 2250 2528 eine Loohymme versaßt anstatt den Schmierfink zu löpfen. Es
2269 2508 2459 2568 Inserater
1079 2526 2254 2585 geht aus dem Stück hervor, daß die journalistische Perle
2255 2544 2454 2600 sowie sie
1095 2562 2251 2612 #lederbusch, um den sich die Cheis im letzten Alt rausen.
2256 2586 2459 2640 einiges as
1088 2606 2251 2649 heute aristotratischen Dünkel befehdet und morgen in Ehr¬
2258 2625 2466 2677 Eine neu¬
1085 2647 2241 2690 erbietung zerfließt, da er Gelegenheit hat, vor einem wirk¬
2244 2658 2457 2722 Weise ihr
1082 2678 2242 2726 lichen Grafen eine tiefe Verbeugung zu machen. Man lernt die
2251 2703 2469 2758 gürtel. W.
1089 2719 2245 2769 Jouxnalisten als ein trauriges Völlchen geschäftstüchtiger
2257 2743 2472 2798 eine Umi¬
1084 2765 2245 2810 Handwerker kennen, die erst dann Erfolg haben, wenn sie jele
2256 2777 2459 2853 Hoffnung
1082 2808 2248 2859 Art von Überzeugung als ihrem Forlkommen schädlich er¬
2269 2823 2448 2871 man dor
1084 2845 2245 2889 achten, eine charalterschwache Zunft oberflächlicher Leute, die
2265 2856 2454 2914 Schwieri¬
1077 2882 2252 2943 gelegentlich, ist der Verdienst nicht gefährdet, auch so etwas
2255 2893 2450 2953 zahl der
1086 2933 2240 2986 wie eine eigene Meinung haben. Nun, das ist Ansichtssache.
2253 2942 2464 2996 oder gan
1078 2955 2241 3001 Wo sind aber in „Fink und Fliederbusch“ die übrigen geblie¬
1075 3000 2245 3050 den, die selbst Ange örige jener Gesellschaftsschichte sind, für
1078 3039 2248 3086 die ihr Blatt geschrieben wird, die also Überzeugung nicht
1082 3083 2245 3143 heucheln müssen, weil sie schreiben können, wie sie denlen, wie
1087 3122 2238 3171 ihnen gerade zu Mute ist? Wenn man ein Milieustück schreibt,
2259 3133 2463 3223 Samstag
1078 3151 2239 3211 nuß man das „Milieu“, die Umwelt, auch ausschöpfen. Es
2257 3197 2459 3248 Schobe
1076 3199 2234 3257 scheint. Artur Schnitzier wollte ein Eegenpartsstück schreiben;
2256 3228 2463 3300 bildern),
1074 3247 2235 3287 dem aber keine Zukunft beschieden sein wird. Denn es soll
2262 3274 2461 3333 Dr. R. L
1082 3285 2240 3332 Journalisten geben, die die Absicht haben, in Hinkunft so laut
2256 3315 2466 3365 (mit Kle¬
1077 3318 2240 3372 und aus ihrer innersten Überzeugung heraus mitzureden, wenn
2261 3353 2461 3422 Wissensch¬
1088 3359 2240 3416 Weltreschichte gemacht wird, daß die ganze Bande, die der
1086 3397 2247 3461 Dichter nicht zu nennen wagt, an deren Stelle er den bei
2349 3404 2455 3473 Vo¬
1080 3442 2246 3502 weitem ungefährlicheren Adel einschiebt, sich's abgewöhnen
2261 3437 2448 3501 spielerin
1090 3487 2239 3529 wird, allein Weltgeschichte zu machen. Bis zu den wirklichen
2257 3491 2459 3543 Hedenstje
1083 3510 2235 3575 Drahtziebern der Puvpen, die er uns auf der Bühne vorführt,
2255 3531 2459 3596 H. Heller
1082 3554 2248 3621 dingt der Dichter nicht durch, an diesen Unsichtbaren versucht
2339 3576 2461 3642 Die
1078 3594 2244 3660 er nicht die Kunst seiner treffenden Charakteristik; denn er
2259 3601 2465 3681 Thema e
1082 3628 2243 3693 schreibt für sie, er hat vom Anfang an m.; für ihre Unter¬
2253 3669 2447 3716 pester ko
1079 3680 2245 3737 haltung gesorgt, nicht für unsere. Für Arbeit und Armut hat
2254 3701 2466 3765 Sonntag,
1131 3718 2238 3780 ein weises, bedanernswertes Lächeln bereit. Genug davon.
2259 3746 2455 3797 n.=ö. Ger
1082 3742 2245 3810 Wir sind diese Art herablassender Begönnerung satt. Ich habe
2246 3779 2454 3839 ladung d
1087 3792 2243 3847 seit jeher das wehrlose „süße Mädel“ bedauert, das niemand
2251 3824 2455 3872 Kreise de
1090 3835 2237 3894 vor den Zudringlichkeiten Schnitzlers in Schutz genommen hat.
2254 3862 2462 3933 lichkeit d
1944 3880 2196 3948 Wigand.
2225 3902 2415 3973 reichen
