3344 4384
1022 278 1093 351 e
1246 284 1367 350 bus
1665 274 2127 372 box 33/3
194 284 1522 384 27. Fink und Fli.dersesch
1146 1338 1462 1427 8-Ot2 19V
565 1362 1398 1490 Dentsche Tageszeitung. Berlin
1723 1499 3035 1572 nicht nur die eine Gestalt sondern den ganzen Spaß im Kern“
704 1511 1570 1611 fink und Fliederbusch.
1734 1553 3024 1621 unecht. An diesem Zwiespalt und dieser flauen Zweideutig=#
1735 1590 2991 1666 keit scheitert das Stück literarisch. Als Theaterulk hat es
649 1582 1696 1662 Komödie in 3 Akten von Irthur Schnitzle L
1733 1635 2999 1700 dagegen mancherlei Verdienste, manches geschliffene Wort,
866 1644 1433 1731 (Lessing=Theater.)
1735 1696 2979 1753 manche fidele Situation entschädigt für die bei unserem Poeten
599 1695 1745 1778 In das Beifallsgedröhn und das wütende Zischen am
1752 1728 2987 1816 nie ausbleibenden untiefen Redseligkeiten und angeblich
505 1744 1739 1823 Schlaß pfiff jemand hinein, ausdauernd, aber unbegabt. Er
1738 1771 2293 1835 psychologischen Tüfteleien.
501 1775 1752 1871 wal kein Virtuase des Hausschlüssels, doch hatte er Gesinnung.
1815 1815 2992 1883 Die beste Rolle war Herrn Kurt Götz anvertraut: sein
505 1839 1750 1913 Ihm gegenüber konnte Schnitzler nicht bestehen, denn in dieser
1747 1860 2991 1930 Dramatiker und Reporter Kajetan wohl eine Widerspiege¬
492 1874 1743 1956 „gut gemeinten Komödie des Journalismus kommt die Ueber¬
1750 1907 2992 1977 lung des anitzt verschwundenen Rudolf Lothar=Spitzer,
503 1936 1748 2007 zeugungstreue herzlich schlecht fort. Im übrigen hatten die
1736 1959 2983 2022 spruhte von boshafter Laune. Schon um dieser sehr beson¬
501 1975 1742 2047 Zischer unrecht und die Klatscher auch. Die Zischer, weil sie
1750 2000 2981 2061 deren, sehr farbigen Leistung willen verdiente das Stück
500 2005 1745 2087 ein an sich argloses Possenspiel tragisch nahmen und undankbar
1744 2042 2982 2092 länger zu leben. Bassermann, der die zwei Seelen
510 2061 1742 2130 waren für die darin enthaltene gemäßigte Lustigkeit; die
1745 2089 2983 2144 Fink und Fliederbusch in einer Brust zu vereinen hatte,
511 2103 1749 2172 Klatscher, weil sie die Stilunechtheit, das Zusammengeklebte
1743 2140 2993 2201 brachte — was freilich auch schwierig sein mag — die glück¬
509 2151 2991 2246 und dann Auseinanderflatternde der Komödie nicht erkannten, selige Frechheit des Schwindlers, die dem festen Glauben an
596 2193 2985 2289 Ein hoffnungsvoller Anfänger schreibt begeistert rechts sich entspringt, nicht überzeugend genug heraus; er ließ es
497 2238 2991 2332 und links, und zwar mit so verblüffenden Naturkönen, daß ihn bei der Schilderung dreisten Jugendeseltums bewenden.
503 2281 2991 2350 Demokratie und Klerikalismus hingerissen ihre Zeitungen zur Licho, Georg John, Felix und Lind wuchsen in ihre
505 2330 2987 2418 Polemik gegen sich selbst zur Verfügung stellen. Uebereifrige Redakteurstellen rasch hinein und übertrieben nicht mehr,
507 2374 1742 2437 Freunde zwingen ihn den sie durch einen der Artikel beleidigt
1743 2398 2984 2465 als zum Lacherfolg nötig war; Ferdinand Bonn mühte
509 2415 1740 2496 wähnen dazu, sich selber zum Zweikampf herauszufordern, und
1743 2444 2981 2517 sich ebenso redlich mit dem unmöglichen Grafen Niederhof,
514 2464 2986 2556 in der Prateraue wird das merkwürdige Duell so ausgefochten, wie Heinrich Schroth mit der vom Verfasser schlecht er¬
508 2513 2987 2605 daß der Held als Sieger und Gefallener zugleich den Schauplatz faßten Gestalt des Styx. Es gab auch einige ganz unzuläng¬
511 2556 2980 2634 verläßt. Besonders ausgiebig ist der Einfall nicht. Schnitzler liche Leistungen, die gerade den schwächeren Teilen des
511 2601 2278 2678 muß ihn deshalb ziehen und zerren, muß um so mehr zu Stückes Gefahr brachten.
505 2642 1765 2725 Füllkeln greifen, als er es aus guten Gründen nicht wagen
1817 2658 2975 2729 Trotzdem verdiente es die überscharfe Ablehnung nicht,
516 2674 1755 2752 mag, seiner Laune die Zügel schießen zu lassen. Immerhin ist
1742 2697 2980 2796 in der sich eine Gruppe gefiel, und die mit sachlichen, mit
508 2735 2630 2853 der erste Akt, der auf der Redaktion des demokratischen Blattes Theater=Gründen kaum etwas zu tun hat.
2773 2769 2955 2843 r. u.
509 2786 1769 2859 pielt, reichlich unterhaltend und witzig. Nur wenig fehlt
503 2816 1771 2894 hier, nur der allerdings unschnitzlerische Mut zum festen Griff,
499 2846 1752 2921 um etwas wie das Vorspiel einer wirklichen politischen Komödie
511 2913 1756 2968 zu gestalten. Die Klerikalen liegen unserem Dichter schlechter,
513 2952 1767 3027 er kennt sie wohl weniger und hat nicht genug Phantasie, um
514 2989 1752 3067 ich ein wirksames Zerrbild von ihnen zu machen. Aus seinem
502 3034 1759 3103 #eaktionären Abgeordneten spricht niemand anders als der
512 3092 1762 3151 gefällig müde, überlegen gleichgültige Verfasser, Und das macht
