3392 4352
397 149 1410 192 ein kleines Theaterstandalchen. Sie lamen von der
1419 148 2448 199 zeigte. Stilgerechte Figuren schufen Landa, Schroth,
392 186 1426 253 Galerie und ereigneten sich nach dem Schlußalt, um
1423 196 2453 238 und Lind. Ferdinand Bonn, der bei Barnowskn tut,
395 224 1416 271 die Bassermann=fteudige, Rietleicht auch Schnitztel¬
1429 233 2455 274 was er bei Reinhardt nicht lassen kann, gab einen
388 268 1413 309 getreue Applausbereitschaft des Parquetts niederzu¬
1423 264 2456 316 Grafen, der für seine matte Zynikerphilosophie viel
387 316 1405 355 ringen. Die Stimmung nach den beiden ersten Akten
1697 303 2439 360 Ilka Grüning war wie bei Deh¬
1425 313 1700 368 zu viel redet.
393 347 1400 387 der Journalistenkomödie war unverbindlich fried¬
1426 353 2445 403 mels „Menschenfreund“ die einzige Dame des
389 386 1406 437 lich, von ein paar Heiterleiten leicht angewurmt.
1429 378 2452 444 Hauses. Sie wußte über diesen Mangel mit Laune
2271 422 2428 473 E. F.—
387 426 1644 499 Aber die Losung der ohnedies schwach geführten zu trösten.
389 465 1421 520 Anetdotenhandlung war herzlich mäßig. Bei so un¬
394 484 1430 563 aufregendem Anlaß soll man nicht pfeifen. Falschef
380 553 1424 600 Entrustung! Weil Schnitzler zum Abschluß seiner
1104 588 1423 648 Als ob er in
387 594 1102 647 Komödie nichts Richtiges einfiel?
381 623 1435 699 diesem Stück vorher verwohnt hatte. Mißbrauch des
387 679 699 736 Hausschlüssels!
448 716 1428 772 Das Beruhigende an der Neuheit ist, daß sie nicht
381 764 1424 812 Schnitzlers Schaffen repräsentiert und von ihm in
380 799 1439 856 gerechter Besorgnis Jahre lang zurückgehalten wurde.
377 843 1429 888 Das Werk schien ihm in die Welttriegsstimmung
381 885 1420 928 nicht hineinzupassen, aber auch im Schalten eines
1874 860 2833 968 Zeitung: Berliner Börsenzeitung
386 916 1422 977 zehntätigen Waffenstillstandes bleibt es eine schüttere
2283 969 2682 1027 (Morgen-Ausgabe)
386 956 1425 1033 Angelegenheit. Es unternimmt eine boshafte Spie¬
385 1003 1418 1057 gelung des Journalistenstandes. Warum nicht? Ich
1882 1001 2332 1106 Adresse: Berlin
373 1044 1413 1103 wünsche sämtliche Marterinstrumente der Satire in
381 1087 1432 1152 die Hande dessen, der zur wonnigen Mißhandlung
377 1135 1424 1180 von Hetzern, Schwätzern, Strebern, Süßlingen und
1891 1139 2101 1218 Datum:
388 1171 1430 1228 Meinungsschacherern berufen wäre. Es gibt keine
2165 1192 2263 1276 1
388 1212 1415 1260 soziale Schicht, die nicht auch ihr Sodom und Go¬
373 1263 1428 1310 morrha hatte. Naturgemäß interessieren den Sä¬
383 1294 1421 1353 tyriker am stärksten die verrufenen Ecken, doch hätte
386 1333 1430 1379 er auch die Pflicht, ein bißchen Erzvater Abraham zu
377 1376 1422 1417 spielen, der für die unschuldigen Gerechten eintritt.
1953 1325 2747 1459 „Eink und Fliederbusch“.
2571 1415 2709 1461 Scm
391 1416 1420 1470 Schnitzlers Komödie ist bloß auf Sodom und Go¬
377 1446 1416 1513 morrha eingestellt, und auch da ist einzuwenden, daß
1869 1435 2860 1508 Schnitzlers neue Komödie im Lessing¬
375 1502 1411 1543 er vorwiegend flache Hiebe austeilt. Ab und zu
2241 1497 2487 1568 Theater.
373 1537 1418 1594 nimmt man Anläufe zu schärferer Charakteristik
1906 1537 2779 1618 Eine dürftige und gequälte Kamödie,
380 1583 1410 1628 wahr. Das diktatorische Gebahren eines Chefredal¬
1859 1599 2855 1645 der von Schnitzlers feinem und 7 kultiviertem
375 1624 1416 1673 teurs macht Hoffnungen auf Entlarvungsstudien; die
2017 1648 2069 1686 —
1867 1637 1990 1693 Geist
2064 1630 2162 1699 ach!
2229 1623 2861 1695 gar so wenig zu* yerspüren ist!
375 1667 1423 1708 Stellung der Tintensklaven, ihr Fänsteballen, ihre
1868 1686 2856 1732 Die bebende Erfindungsgabe des Wiener Dichters
376 1707 1416 1771 Gesinnungsgeschmeidigkeit, ihr galliger Humor lassen
1872 1727 2872 1770 hat dem alten, bereits abgebaut gewähnten Bühnen¬
381 1749 1417 1810 ahnen, daß der Verfasser Bescheid weiß. Doch er
1867 1766 2866 1810 thema des Journalismus eine neue, wenn auch aus¬
379 1790 1420 1832 will oder kann nicht. Die Ueberhand behalten aus¬
1862 1787 2870 1847 geklügelte Wendung zu geben versucht. Aber da sie
381 1832 1422 1882 gerauchte Kaffeehausspäße und Scherze über zu früh
1863 1838 2870 1890 weder mit flinkem Witz noch mit genügend guten
375 1866 1422 1920 geschriebene Nekrologe. Besser als die Verulkung
1875 1877 2865 1931 Gedanken vollführt worden ist, so blieb es eben
374 1908 1416 1956 der Tagespresse liegt Schnitzter die Entlarvung eines
1866 1913 2857 1974 bei einem Versuch mit unzulänglichen Mitteln.
379 1950 1418 1989 pikanten Wochenblattes. Hier hat er Verleger und
1863 1958 2872 2006 Mit spielerischer Grazie, die jedem, ernsten, tieferen
374 1986 1419 2055 Mitarbeiter nahezu im Griff. Nahezu. Ein saftiges
1870 1983 2873 2059 Gedanken in weitem Bogen ängstlich aus dem Wege
379 2031 1013 2075 Strafgericht wird es doch nicht.
1868 2047 2862 2084 geht, hat Schnitzler zwar die dürre Handlung aus¬
445 2059 1427 2127 Hauptproblem ist für Schnitzler ein Herr Fink,
1867 2073 2865 2121 geputzt, hier und da ein paar humoristische Lichter
1872 2117 2861 2166 aufgesetzt, etliche treffende Bemerkungen hineingelegt
367 2115 1427 2168 der bloß so heißt, wenn er in der konservativen
1869 2162 2866 2207 und ein paar witzige Glossen funkeln lassen — indessen
375 2147 1421 2224 Wochenschrift unter diesem Namen Artikel schreibt,
1866 2202 2869 2257 all' das ist zu wenig, um die drei kurzen Akte auch
386 2198 1414 2240 aber als Herr Fliederbusch in der liberalen „Gegen¬
1859 2244 2295 2291 kurzweilig zu gestalten.
381 2234 1423 2291 wart“ mit sich selber polemisiert. Der selige Schmock
1913 2250 2864 2316 Keine gehobene Publikumsstimmung — trotz des Bei¬
381 2287 1436 2329 aus Freytags Journalisten hatte es mit seinem
1867 2314 2860 2367 falls etlicher Schnitzlerfreunde — begleitete die Komödie,
375 2328 1424 2373 links und rechts Schreiben wesentlich einfacher.!
1878 2356 2863 2406 die einen Schmock zum Helden hat. Nicht den
381 2362 1420 2412 Schnitzlers Neuauflage der Gestalt hat die Senti¬
1865 2389 2867 2440 geduckten Schmock, den Gustav Freytag in den „Journa¬
381 2400 1426 2456 mentalität verloren und fühlt sich zur führenden
1879 2437 2867 2485 listen“ so ergötzlich rührend gezeichnet hat, sondern
380 2444 1424 2497 Rolle der Komödie berufen. Die dazu nötige Hand¬
1869 2460 2871 2526 einen modernen und eleganten Schmock. Sein Gewand
378 2481 1431 2547 lung wird mit einer Duellforderung des Fink an,
1868 2511 2868 2565 steht nicht im Zeichen der Zerfransung und des
369 2528 1420 2570 Fliederbusch herangefädelt. Was soll daraus wer¬
1870 2555 2861 2605 Tintenkleckses, sondern in dem der korrekten,
376 2560 1418 2619 den? Mit dieser Neugierde der Zuschauer weiß
1878 2593 2855 2649 gesellschaftsfähigen Bügelfalte. Schmock trägt in dem
371 2610 1410 2645 Schnitzler nicht ungeschickt und nicht übertrieben ge¬
1873 2631 2865 2671 Wiener Stück einen Doppelnamen, er nennt sich
378 2646 1425 2705 schickt zu operieren. Am meisten unterhielt das
1874 2662 2875 2734 mal Fink und mal Fliederbusch. Als Flieder¬
382 2692 1421 2747 Publikum die Ratlosigkeit des Herrn Fink, was er
2684 2703 2871 2757 demo¬
2587 2707 2688 2760 eine
2022 2711 2571 2764 schreibt er Artikel für
1866 2711 1998 2766 busch
383 2737 1417 2784 mit Fliederbusch anfangen solle. Als er dann doch
2746 2749 2867 2800 diese
2657 2745 2733 2796 er
1877 2749 2660 2801 kratische Zeitung, als Fink bekämpft
376 2764 1424 2835 zum Duell ging, obschon er ebenso genau wie das
1880 2798 2859 2844 seine politischen Erzeugnisse in einer klerikalen
381 2804 1416 2868 Publikum wußte, daß er mit sich selber schwerlich Ku¬
2706 2830 2864 2887 es geht,
2531 2826 2691 2883 so lang
1872 2831 2524 2873 Wochenschrift. Das geht so lang,
379 2855 1418 2914 geln wechseln könne, erwartete man mindestens, daß
2693 2871 2862 2929 Doppel¬
1875 2871 2685 2916 allein es kommt der Tag, da er diese
378 2899 1433 2952 entweder die Sekundanten des Fliederbusch oder die
2754 2913 2867 2961 ges
1873 2910 2754 2971 rolle nicht länger spielen kann und er
370 2944 1414 2991 des Fink ausbleiben würden. Es blieb aber bloß die
1868 2942 2864 2993 zwungen wird, Farbe zu bekennen. Ein Zweikampf
383 2973 1416 3030 Ueberraschung aus — nicht die Entrüstung beider
1880 2997 2855 3040 Fink contra Fliederbusch wird ihm aufgenötigt und da
865 3016 1414 3081 billige Schlußpointe mit
380 3016 832 3074 Parteien, nicht die
1871 3012 2871 3081 er sich nicht verdoppeln und mit sich selbst duellieren
372 3060 1411 3113 einem gemeinsamen Frühstück, zu dem sich die libe¬
1876 3070 2859 3125 kann, so wird das hoffnungsvolle journalistische Früchtchen
383 3097 1414 3153 ralen Fliederbüsche und die konservativen Finke unter
1877 3112 2863 3160 genötigt, die Maske fallen zu lassen. Just dieser letzte
385 3132 1420 3195 gegenseitiger Wahrung des nicht vorhandenen Cha¬
1878 3152 2868 3214 Akt, in dem der Knoten gelöst wird, leidet an einer
380 3184 871 3239 rakters einladen ließen.
1879 3185 2583 3250 beklemmenden geistigen Unterernährung.
1918 3216 2860 3276 Vielleicht wäre etwas mehr Frische aus dieser lust¬
441 3231 1415 3281 Freytags ehrwurdige Journalistenkomödie ist
1876 3266 2862 3315 losen Komödie herauszuholen gewesen, wenn nicht
374 3271 1420 3324 durch diese Neubelebung des Stoffes nicht aus dem
1879 3304 2857 3347 Albert Bassermann seinen Helden gar zu
372 3310 1417 3361 Sattel gehoben. Obwohl gelegentlich eigentlicher
1882 3348 2870 3400 heftig auf einen jungenhaften Dümmlingston gestimmt
381 3350 1415 3393 Schnitzler durchzuckt, macht die Komödie an seiner
1884 3378 2860 3441 hätte. Er stand im argen Widerspruch mit der nicht mehr
379 3379 1416 3439 eigenen Begabung gemessen den Eindruck von Hand¬
1885 3427 2859 3475 ganz so jugendlichen Erscheinung des Künstlers und be¬
383 3432 1394 3488 gelenksarbeit. Man kann ihm nicht verschweigen daß
1876 3445 2868 3514 fremdete, anstatt zu fesseln. Wahrscheinlich wäre
383 3477 1424 3533 er nicht sosehr mit Freytag als mit Otto Ernst
2575 3504 2854 3553 nicht minder
1884 3502 2536 3558 für diese Rolle ein anderer
367 3513 613 3568 wetteiferte.
1885 3527 2865 3596 intelligenter und stark begabter Schauspieler besser
445 3546 1412 3605 Das Wienerische des Lustspiels hatte seine Schwie¬
1886 3585 2862 3633 am Platze gewesen, Kurt Götz, der einen ge¬
386 3591 1425 3645 rigkeiten, so oft es durch den mit einer Chefredaktion
1885 3619 2857 3675 schäftigen Journalisten mit geölter Verve drollig über
385 3639 1410 3689 betrauten Rheinländer Wallauer oder durch den
2427 3648 2865 3713 In der guten Auf¬
1887 3664 2399 3723 die Bühne sausen ließ.
375 3677 1414 3738 östlich orientierten Herrn Licho namentlich aber in
1880 3700 2863 3753 führung, die ein paar famose Bühnenbilder
379 3705 1398 3768 der Manheimer Mundart Bassermanns zur
1872 3730 2853 3799 brachte, erschienen auch Edgar Licho, Max Landa,
379 3759 1404 3806 Geltung kommen sollte. Man könnte überhaupt bis
1885 3792 2861 3838 Ferdinand Bonn und Ilka Grüning mit
381 3799 1402 3841 auf Blut streiten, ob die Besetzung des talentvoll ge¬
1877 3829 2641 3894 vollwertigen Leistungen auf der Bildfläche.
383 3839 1408 3892 sinnungslosen Bengels Fink mit einem so vollblütigen
2708 3854 2828 3918 —pl.
377 3888 1408 3933 Künstler das Richtige war. Mir fehlt die nötige
376 3927 1425 3975 Leidenschaft. Ich stelle ohne Erbitterung fest, daß
385 3966 1427 4017 Herr Bassermann das Tintengenie mehr als Fußball¬
379 4014 1424 4050 spieler auffaßte, im zweiten Akte auf einem Beine
384 4042 1420 4108 (was ihm ein Journalist nicht so leicht nachmacht)
383 4082 1428 4142 nach rückwärts hopsen ließ und im dritten Akte in'
