3392 4352
811 265 908 328 nnd
1732 254 2211 342 box 33/3
282 261 1600 362 27. Fink u. Fliederbusch
490 1164 1578 1265 Zeitung: Berliner Neueste Nachriehten
965 1244 1357 1318 (Abend-Ausgabe)
489 1277 954 1387 Adresse: Berlin
1040 1315 1400 1431 3. JEZ 1917
496 1420 725 1500 Datum:
1769 1512 2955 1591 mit einer Anzahl von Trotteln, die als plappernde Statisten
1762 1579 2958 1645 „Fink und Fliederbusch“ flankieren, der in der Tageszeitung
573 1574 1683 1668 Schnitzlers „Fink und Fliederbusch“.
1758 1632 2956 1689 „links“ und in der Wochenschrift „rechts“ schreibt. Wohl¬
647 1646 1650 1744 Erstaufführung im Lessingtheazar¬
1770 1663 2948 1729 gemerkt aber nicht aus Rücksicht auf das Zeilenhonorar oder
1758 1715 2956 1768 aus Gesinnungslosigkeit, sondem in beiden Fällen aus
667 1712 1742 1782 77 + = —! Diese uralte mathemstische Weisheit
1757 1750 2960 1810 innerster Ueberzeugung. Ja, er greift mit Mut und Todes¬
542 1767 1748 1833 hätte Herrn Barnowsky zu denken geben soh Aber die
1756 1807 2952 1860 verachtung in der Gegenwart“ unter groben persönlichen
542 1824 1748 1885 Keritik der Bühnenleiter gegenüber den Werkeuyab#estempelter
1766 1843 2959 1905 Ausfällen gegen die Verfasser einen Artikel an, den er selbst
535 1860 1741 1925 Größen hatzweder Hörner noch Zähne und nlacht Kotan vor
1761 1884 2952 1944 für die „elegante Zeit“ geschrieben. Als Fink beleuchtet er die
532 1909 1734 1973 allen Erzelignissen, die einen berühmten Vater haben.
1756 1933 2952 1993 Medaille, als Fliederbusch die Kehrseite. In der Schrift¬
532 1949 1753 2009 Arthur Schnitzler war niemals der Mann der starken
1756 1960 2957 2039 leitung der „eleganten Zeit“ in der Klubsessel stehen und
533 1997 1741 2062 dramatischen Bewegung; aber er hat es bisher verstanden,
1758 2019 2956 2081 ein „klerikal=mondaines Lüftchen“ weht, macht man ihm klar,
548 2050 1736 2111 seine Probleme teils geistvoll, teils spitzfindig zu behandeln,
1762 2060 2958 2120 daß er den groben Klotz von der „Gegenwart“ fordern müsse.
541 2087 1742 2141 durch eine interessante Mattigkeit zu wirken, ein gerüttelt
1766 2101 2953 2157 Geschäftige Kollegen beeilen sich, den Ehrenhandel in die
542 2135 1741 2202 Maß von Ironie und Spott über MMenschen und Dinge aus¬
1754 2148 2957 2205 Wege zu leiten; auf der Gegenseite finden sich ebenso betrieb¬
539 2169 1742 2241 zugießen und reizvoll zu plaudern. Seine Stücke im ganzen
1759 2199 2955 2269 same Leutchen, und schließlich steht er als „Fink und Flieder¬
551 2221 1748 2271 betrachtet sind alle „Komödien der Worte“, wie er die drei Ein¬
1757 2225 2948 2300 busch“ auf dem Duellplatz zwischen den beiderseitigen Zeugen,
544 2266 1745 2309 akter der vorigen Spielzeit treffend nannte. Trotzdem fesseln
1754 2285 2958 2339 um sich mit sich selbst zu schlagen. Natürlich — die Welt
537 2301 1744 2373 sie durch ihre psychologische Eigenart und die durchaus per¬
1757 2321 2956 2380 will betrogen werden — macht er durch dieses qui pro quo
532 2361 1743 2412 könliche Formulierung der Lebenserkenntnis des Verfassers.
1765 2371 2235 2432 eine glänzende Kariere.
546 2394 1750 2451 Schnitzler hatte also einen Namen von Klang zu wahren!
1849 2398 2954 2468 Das Grundmotiv ist zweifellos das gegebene für eine
541 2433 1747 2497 Aber die vermeintliche Pflicht, auch im Jahre 1917 die Mit¬
1765 2452 2949 2510 Komödie — einer unserer bekannteren Berliner Literaten
542 2497 1741 2550 und Umwelt mit einer neuen dramatischen Schöpfung be¬
1762 2503 2953 2562 behauptet übrigens, daß er längere Zeit in einer Stadt à la
543 2523 1745 2582 glücken zu müssen, hat ihn alle Selbstkritik vergessen machen.
1762 2552 2945 2604 „Fink und Fliederbusch“ gewirkt habe —, aber Schnitzler hat
550 2573 1747 2625 Er hätte sich die gestrige künstlerische Schlappe ersparen
1759 2598 2948 2648 aus dem ernst zu nehmenden Thema eine Burleske gemacht.
537 2609 1743 2660 können, und Barnowsky hätte aus Hochachtung vor dem
1759 2636 2943 2701 Er stizziert den inneren Vorwurf nur oberflächlich, hilft sich
534 2652 1750 2716 Dichter diese Schlappe nicht durch eine Aufführung offenbar
1760 2680 2956 2737 im ersten Akt mit einer Milieuschilderung, „streckt“ den
536 2705 1742 2766 machen dürfen, so gut er es gemeint hat. So kam es, daß
1768 2719 2949 2782 zweiten dramatisch ganz unmöglichen durch drei Monologe
547 2751 1755 2822 das Plus einer ausgezeichneten Vorstellung das Minus des
1762 2764 2949 2831 und zwei Ferngespräche, bringt im dritten statt der völlig
539 2796 1238 2860 Stückes nicht wettmachen konnte.
1761 2814 2947 2862 mangelnden Handlung einige allerdings treffliche Bemerkun¬
633 2829 1748 2901 Schnitzter, der Mediziner, hat sich in „Fink und Rosen¬
540 2844 612 2915 5.
1768 2855 2947 2912 gen über Ueberzeugung und Ehre, und hilft sich schließlich
1771 2907 2947 2954 nach einer Verwandlung durch die Hanswurstiade des Selbst¬
546 2884 1757 2948 (busch“ auf ein Gebiet begeben, auf dem er nicht so zu Hallse
1770 2940 2948 2997 duells, die natürlich der Galerie einen hohen Kunstgenuß
541 2943 1752 2993 list wie in den Köpfen etwas beschränkter Herren und in den
1768 2987 2954 3036 bereitet. Das Publikum guckt gern einmal in die Werkstätten,
542 2983 1750 3041 Heiten liebender, fehltretender oder den Fehltritt bereuender
1773 3031 2954 3086 in denen die Leute so tun, als wenn sie am Rade der Welt¬
552 3035 1760 3092 Damen. Er macht den Versuch, ein „Schlaglicht“ auf die
1764 3070 2961 3142 geschichte drehten, aber wenn es von den Schriftleitungen der
546 3075 1749 3130 moderne Tagesschriftstellerei „zu werfen“; aber er steht diesem
1768 3118 2947 3178 „Gegenwart“ und der „eleganten Zeit“ vielleicht Schlüsse
539 3116 1760 3168 sgeistigen Handwerk zu fern, als daß er objektiv zu malen ver¬
1768 3151 2950 3225 ziehen sollte, so hat es sein Geld umsonst ausgegeben. Es
539 3159 1750 3222 stünde! Möglich, daß diese Komödie in Wien lebenswahrer
1767 3197 2954 3265 geschehen viele Dinge im Reich der Druckerschwärze, von denen
549 3208 1756 3258 anmutet, wenngleich ihre Aufnahme im Burgtheater nur
1762 3251 2948 3316 sich die Schulwoisheit der Zeitungsleser nichts träumen läßt;
551 3243 1760 3321 Shöflich“ gewesen sein soll. Man scheint also auch am Ort
1772 3291 2953 3339 aber so vertrottalte Zustände könne# dann eben nu „in
550 3291 1754 3361 der Handlung nicht sehr begeistert und überzeugt gewesen
1768 3336 2971 3392 Wien zu Beginn dieses Jahrhunderts“ goherricht haben, wie
544 3342 1746 3406 sein. Schnitzten bevölkert die Redaktionen der Tageszeitung
557 3396 2560 3462 „Die Gegenwart“ und des Wochenblattes „Die elegante Zeit der Theaterzetiel begütigend bemerkt.
3047 1513 3403 1593 Der ineren 1
2966 1567 3403 1659 als oberflächliche, j
2953 1618 3103 1699 gleich.
3048 1657 3403 1735 Soweit das Mi
2966 1708 3394 1779 hatte Barnowsky für
2978 1767 3401 1824 stellte einen prachtvoll
2970 1811 3396 1871 Edgar Licho in einer
2972 1848 3401 1921 Wallauer, Geor
2975 1890 3381 1955 hauchten Schnitzlers
2969 1927 3402 1998 Im zweiten und dritt
2973 1989 3380 2045 Schroth (Hauptsc
2967 2020 3401 2083 „Eleganten Zeit“) al
2969 2062 3393 2129 Ferdinand Bon
2969 2106 3402 2173 zeitunggründenden A
2959 2151 3403 2213 zu spielen, Ilka G
2960 2200 3401 2275 Wendolin=Fatzeburg,
2962 2242 3272 2305 keit dazu ließ.
3033 2283 3392 2346 Die Titeldoppelr
2965 2342 3393 2400 an, daß Herr Barnon
2962 2386 3394 2441 die mich nach der Lek
2957 2424 3401 2487 Wenn ich mich nicht
2963 2467 3392 2529 Bassermann den mehr
2957 2509 3393 2569 Das hat er auch red
2960 2550 3403 2622 wäre das Stück ohne
2958 2597 3401 2656 nicht nur mit zwei St
2962 2639 3393 2707 wie es gestern versuch
2967 2689 3401 2747 Kunst nicht die Bri
2973 2723 3390 2791 Langeweile geschlage
2965 2778 3391 2841 Ferngespräch das Pub
2970 2817 3391 2881 Darstellung. Er spiel
2959 2856 3395 2921 licher Auffassung lach
2962 2904 3364 2965 Schuß zu vornehm.
2962 2944 3390 3004 zu oberflächlich charakt
2967 3002 3397 3062 Vorwurf machen könt
3045 3043 3402 3115 Am Schluß ent#
2966 3080 3402 3152 denen, die sich durch
2975 3136 3386 3185 Bassermanns Spiel
2965 3178 3401 3243 lassen, daß das Stück
2973 3231 3401 3281 rasenden Beifallsstürn
2962 3273 3393 3341 erwähnte Schlüfsellon
