3344 4352
1261 254 1404 322 bus
1044 270 1142 323 6 (
714 268 842 323 unC
238 249 2152 357 27. Fink FIch box 33/3
346 901 1309 1042 eium Böisen Zeitung, Berlin
630 981 1097 1079 Morgenausgabe
492 1079 1299 1243 „Eink und Fliederbusch“.
377 1217 1409 1327 Schnitzlers neue Komödie im Lessing¬
750 1281 1030 1369 Theater.
458 1323 1307 1408 ee kürstige und gequälte Komödie,
388 1375 1403 1441 der #bof Schnitzlers feinem und kultiviertem
1732 1308 2809 1460 Zeitung: Neue Preussische (Kreuz-)Zeitung
609 1424 703 1480 ach!
763 1429 1407 1482 gar so wenig zu verspüren ist!
392 1424 550 1487 Gesst
2202 1431 2571 1505 Abend-Ausgabe¬
386 1458 1410 1529 Die ihehende Erfindungsgabe des Wiener Dichters
395 1510 1407 1558 hat dem alten, bereits abgebaut gewähnten Bühnen¬
1742 1475 2168 1577 Adresse: Berlin
397 1529 1407 1599 khema des Journalismus eine neue, wenn auch aus¬
2208 1521 2577 1646 8. OZ. 1917
403 1584 1391 1644 geklügelte Wendung zu geben versucht. Aber da sie
1389 1568 1487 1653 8
397 1616 1404 1668 weder mit flinkem Witz noch mit genügend guten
1755 1606 1983 1686 Datum:
1412 1637 1488 1698 ül
395 1668 1395 1713 Gedanken vollführt worden ist, so blieb es eben
1994 1685 2534 1750 Hus den Theatern.
393 1698 1401 1750 bei einem Versuch mit unzulänglichen Mitteln.
388 1739 1401 1787 Mit spielerischer Grazie, die jedem ernsten, tieferen
1400 1755 1488 1802 1
1716 1725 2868 1806 Arthur Schnitzlers Komödie „Fink und Fliederbusch“ wurde
395 1778 1401 1834 Gedanken in weitem Bogen ängstlich aus dem Wege
1654 1785 2863 1850 gestern im Lessing=Theater zum ersten Male aufgeführt
397 1818 1404 1870 gebt, hat Schnitzler zwar die dürre Handlung aus¬
1668 1830 2865 1891 und nur sehr geteilter Aufnahme gewürdigt. Zwischen Klatschen
395 1863 1396 1911 geputzt, hier und da ein paar humoristische Lichter
2673 1856 2875 1928 scharfes
1666 1880 2676 1925 und die Rufe nach Albert Bassermannstrich
395 1905 1403 1953 aufgesetzt, etliche treffende Bemerkungen hineingelegt
1418 1920 1463 1967 n
1666 1920 2867 1970 Zischen uns traten sogar die Hausschlüssel in Aktion. Soviel
401 1944 1392 1996 und ein paar witzige Glossen funkeln lassen — indessen
1671 1944 2861 1999 Aufregung äbgredas Stück gar nicht mal werk Es ist eine ziem¬
399 1975 1390 2022 all' das ist zu wenig, um die drei kurzen Akte auch
1669 1979 2868 2037 lich fade „Doppelgängerkomodie, die in journalistischen Kreisen
393 2015 838 2073 kurzweilig zu gestalten.
1663 2041 2870 2081 spielt. Fink ist gleichzeitig Fliederbusch. Was Fink heute in der¬
437 2044 1402 2108 Keine gehobene Publikumsstimmung — trotz des Bei¬
1670 2063 2855 2118 Eleganten Zeit schreibt, reißt Fliederbusch morgen in der Gegen¬
397 2098 1402 2143 falls etlicher Schnitzlerfreunde — begleitete die Komödie,
1674 2096 2869 2153 wart herunter. Der erste Akt geht damit hin, uns die Redaktion?
398 2131 1409 2190 die einen Schmock zum Helden hat. Nicht den
1671 2151 2873 2205 der Gegenwart zu zeigen, und der zweite Akt damit, uns in die #
392 2177 1402 2238 geduckten Schmock, den Gustav Freytag in den „Journa¬
1664 2196 2873 2238 Redaktion der Eleganten Zeit zu führen. In der Redaktion der
399 2220 1402 2263 listen“ so ergötzlich rührend gezeichnet hat, sondern
1657 2214 2878 2287 Gegenwart, die demokratisch ist, herrscht die heikloseste Aufgeregte ###
393 2253 1406 2303 einen modernen und eleganten Schmock. Sein Gewand
1668 2260 2865 2310 heit über die Parlamentsrede des feudalen Grasen Niederhof,
391 2296 1410 2365 steht nicht im Zeichen der Zerfransung und des
1665 2300 2864 2355 die von Fink in der konservativen Eleganten Zeit als ein Voll¬
395 2332 1398 2388 Tintenkleckses, sondern in dem der korrekten,
1666 2341 2856 2395 blutsausdruck der Ueberzeugung gepriesen worden ist. Und in
394 2363 1402 2417 gesellschaftsfähigen Bügelfalte. Schmock trägt in dem
1662 2383 2856 2431 der konservativen Eleganten Zeit ist man betreten über die blutige
397 2414 1404 2459 Wiener Stück einen Doppelnamen, er nennt sich
1657 2408 2865 2473 Abfuhr, die von Fliederbusch in der Gegenwart dem Artikel zuteil!
395 2434 1407 2517 mal Fink und mal Fliederbusch. Als Flieder¬
1664 2455 2873 2513 geworden ist. Graf Niederhof ist ganz entzückt über seinen Schritt¬
1214 2482 1405 2545 demo¬
1112 2495 1225 2552 eine
390 2495 989 2555 busch schreibt er Artikel
997 2497 1096 2545 für
1667 2493 2864 2546 macher Fink, er will die Elegante Zeit haufen und aus ihr eine
391 2534 1401 2584 kratische Zeitung, als Fink bekämpft er diese
1664 2530 2861 2583 Tageszeitung machen mit Fink als Hauptmitarbeiter. Da droht“
400 2568 1398 2617 seine politischen Erzeugnisse in einer klerikalen
1665 2559 2860 2628 Fink das Verhängnis. Er wird von dem Sohne des Verlegers!
398 2613 1401 2666 Wochenschrift. Das geht so lang, so lang es geht,
1667 2610 2859 2672 der Eleganten Zeit aufgefordert, sich mit Fliederbusch zu schlagen,
397 2652 1402 2714 allein es kommt der Tag, da er diese Doppel¬
1664 2649 2856 2701 er könne die Anwürfe, die Fliederbusch gegen ihn sich geleistet
1282 2696 1398 2743 ge¬
398 2686 1294 2750 rolle nicht länger spielen kann und er
1658 2697 2862 2747 habe, nicht allein mit Tinte wegwischen. Eine Blitzidee! Wie
392 2721 1390 2793 zwungen wird, Farbe zu bekennen. Ein Zweikampf
1664 2727 2858 2789 wird sie die Komödie durchzucken und durchfunkeln, wie wird sie
390 2767 1395 2822 Fink contra Fliederbusch wird ihm aufgenötigt und da
1659 2769 2863 2828 Feuer aus dem Holze des Lebens schlagen? Es verläuft jämmer¬L
388 2791 1410 2867 er sich nicht verdoppeln und mit sich selbst duellieren
1660 2800 2860 2876 lich. Fink=Fliederbusch hetzt Salz und Witz dieser Idee in Zwie¬
397 2851 1407 2902 kann, so wird das hoffnungsvolle journalistische Früchtchen
1656 2846 2860 2904 gesprächen mit sich selber zu Tode. Kein Wechselspiel, keines
396 2879 1406 2945 genötigt, die Maske fallen zu lassen. Just dieser letzte
1661 2887 2860 2939 Ironie, Satire und tiefere Bedeutung schafft eine neue Komödiel
402 2932 1405 2990 Akt, in dem der Knoten gelöst wird, leidet an einer
1665 2938 2876 2988 der Irrungen. Im dritten Akt sprechen sich der Graf Niederhofs
387 2972 1123 3023 beklemmenden geistigen Unterernährung.
1667 2976 2890 3031 und Fink=Fliederbusch über die Unmöglichkeit absolnter Wahrheitt
428 2999 1403 3074 Vielleicht wäre etwas mehr Frische aus dieser lust¬
1668 3004 2873 3068 in der Politik aus. Als Fink und Fliederbusch in einer Persouf
1667 3045 2866 3102 zum Duell erscheinen, sprüht die Ironie menschlichen Seins und.
386 3038 1405 3104 losen Komödie herauszuholen gewesen, wenn nicht
1662 3083 2864 3138 Scheins nicht Funken, sondern die Banalität setzt sich zu Tisch.
389 3092 1399 3139 Albert Bassermann seinen Helden gar zu
1666 3121 2856 3169 mit dem Grafen Niederhof als tertius gaudens und Gastgeber.
393 3130 1403 3186 heftig auf einen jungenhaften Dümmlingston gestimmt
1656 3154 2870 3227 Das Stück ist aus, Schnitzlers Witz desgleichen. Es ist das
402 3172 1398 3222 hätte. Er stand im argen Widerspruch mit der nicht mehr
1647 3214 2868 3258 schwächste, was Schnitzler geschrieben hat. An Freylags „Jour¬
392 3206 1409 3256 ganz so jugendlichen Erscheinung des Künstlers und be¬
1648 3247 2866 3302 nalisten“ ist gar nicht zu denken. Nur das Spiel rettet das Stück
389 3245 1406 3303 fremdete, anstatt zu fesseln. Wahrscheinlich wäre
402 3269 1412 3342 für diese Rolle ein anderer, nicht minder
2434 3286 2649 3358 S
400 3324 1410 3385 intelligenter und stark begabter Schauspieler besser
1657 3310 2874 3424 svor geschlossenem Hausschlüsselkonzert. Bassermann wark
395 3361 1405 3406 am Platze gewesen, Kurt Götz, der einen ge¬
1661 3376 2866 3481 wieder ganz „Detail“, Bonn als Graf Niederhof Leicester in
397 3398 1410 3464 schäftigen Journalisten mit geölter Verve drollig über
1665 3421 2329 3492 Zivil, aber die Redakteure, o weh!
950 3430 1416 3499 In der guten Auf¬
402 3441 925 3510 die Bühne sausen ließ.
2708 3456 2826 3517 hr.
402 3490 1403 3539 führung, die ein paar samose Bühnenbilder
392 3517 1407 3579 brachte, erschienen auch EdgarLicho, Max Landa,
398 3556 1427 3625 Ferdinand Bonn und Ilka Grüning mit
395 3603 1164 3682 vollwertigen Leistungen auf der Bildfläche.
1205 3635 1395 3712 —9
