3392 4256
249 83 1561 180 27. Einkund Friederbusen
727 1285 1405 1404 en en ee de e  e e een enen
1482 1355 1729 1413 e
155 1338 1739 1465 Weise unter unseren er dort wie hier seine Honorare ein, und so könnte dieses
137 1404 209 1452 er
200 1404 581 1493 ohne zureichende
582 1412 1735 1518 liebliche Spiel einer reizend verwegenen Gesinnungslumperei
126 1442 575 1526 hkeit als blutjunger
588 1462 1733 1569 noch eine Weile weiter gehen, wenn nicht der Sohn des
139 1497 562 1565 n der Redaktion der
580 1516 1735 1614 Herausgebers der „Eleganten Welt“ ein äußerst ritterlicher
129 1539 559 1617 ter mehr unnütz als
580 1555 1734 1650 junger Herr wäre, der darauf besteht, daß Fink sich mit
134 1590 557 1667 dies um so mehr, als
580 1608 1739 1711 seinem Widersacher schlägt. Man hat vor vielen Jahren in
168 1644 563 1714 nicht zu erringen
571 1654 1724 1747 Wien einmal von einem „Duell zum Quarlalswechsel“ ge¬
153 1665 551 1758 Es zieht ihn zu der
576 1703 1724 1798 sprochen — ein solches schwebt offenbar auch den Herren
139 1730 556 1811 Eleganten Welt“ zu
556 1744 1732 1851 von der „Eleganten Welt“ vor. Uebrigens geht Fink ohne
140 1796 1721 1897 ganten — äußerlich allzu großes Widerstreben auf diesen Vorschlag ein. Er läßt
138 1843 1707 1935 ellosen — äußerlich es geschehen, daß sich zwei Mitarbeiter der „Eleganten Welt“
155 1881 549 1955 scheint. Er macht
551 1896 1716 2002 in die Redaktionsstube der „Gegenwart“ begeben, um Herrn
139 1928 555 2008 jedern, indem er eine
553 1931 1710 2041 Fliederbusch, der Herrn Fink einen Snob genannt hat,
131 1975 552 2050 kafen Niederhof, die
553 1996 1707 2085 herauszufordern, und er nimmt dann, einige Stunden später,
142 2020 539 2097 Strakonitz, wo auf
552 2048 1714 2135 in der „Gegenwart“ die Herausforderung des Herrn Fink
151 2072 543 2138 Reichsrat hielt, in
544 2081 1703 2181 leichten Herzens an. So kommt zustande, worum es
144 2115 533 2188 scheinheilig reaktio
548 2135 1722 2252 Schnitzler zu tun ist und worauf sein Einfall naturgemäß
142 2168 544 2237 it unter den Redal¬
549 2175 1322 2262 hinausläuft: das Duell mit sich selbst.
146 2206 547 2291 Echo, das sich im
622 2227 1700 2324 Von hier an beginnt die Komödie zu schweben. Sie
135 2259 530 2326 ines immer dekla¬
544 2266 1694 2371 gleicht selbst in gewissem Sinne einem Aeroplan, der im
128 2303 534 2385 inner der Entrüstung
547 2328 1692 2411 ersten Akt nur eben so über den Boden hinläuft und =hüpft,
121 2346 531 2426 r von seiner Um¬
549 2368 1700 2450 sich dann im zweiten in die Luft erhebt und von da an in
132 2400 530 2473 erfaßt er unter dem
535 2430 1686 2514 immer kühneren Drehungen sich immer höher hinaufschraubt.
130 2449 525 2525 schnell eine Antwort
537 2460 1694 2557 Wenn die Heiterkeit im Theater nicht ganz im gleichen Maße
136 2497 528 2571 Abwechslung wieder
534 2505 1697 2584 steigt, so mag dies daran liegen, daß der Geist der Komödie
139 2544 529 2613 hütet er sich, seinen
533 2566 1682 2646 auf der Bühne nicht durchwegs hinlänglich leibhaftig und
131 2601 520 2662 er auch umgekehrt,
524 2611 1687 2687 für das körperliche Auge sichtbar wird. An Geist fehlt es
131 2641 506 2713 elt“ unter den ganz
521 2659 1688 2746 ihr in keinem Augenblicke, ja sie sprüht förmlich von Geist,
127 2676 512 2759 hrtlich interessierten
520 2707 1676 2785 wo immer man sie anrührt. So ist es beispielsweise äußerst
147 2734 516 2805 hat, daß es einen
515 2759 1681 2837 geistreich, daß eine zufällig in der Redaktion der „Eleganten
125 2788 516 2855 kwart“, hat er den
517 2799 1673 2893 Welt“ anwesende junge Fürstin, die Fliederbusch am Tele¬
121 2829 499 2905 heißt, Herrn Fink,
515 2849 1668 2915 phon die Bedingungen seines Pistolendnells gleichmütig er¬
124 2878 511 2954 janten Welt“ lernt
514 2897 1671 2984 örtern hört, aus diesem Anlaß ein gewisses Interesse für den
126 2934 1661 3034 nund findet sofort, Iso überaus tapferen jungen Mann saßt und ihm erlaubt, sir
139 2976 1681 3080 Uebrigens kassiert' am nächsten Morgen, unmittelbar vor den, Duell, zum
1708 77 2134 189 box 33/1
2446 1183 2661 1281 e
2953 1199 3308 1303 WNNN
1981 1260 3315 1342 Zwecke einer redaktionelten Verständigung persönlich in; Und die
1974 1318 3135 1401 ihrem Schlosse zu besuchem: Hier eröffnet sich eine ganze Lust¬
3159 1341 3314 1405 wieneri
1966 1362 3144 1432 spielentwicklung, die Schnitzler im dritten Akt allerdings
3159 1385 3313 1461 Nennen
1973 1413 3140 1493 nur andeutungsweise fortsetzt. Nicht minder geistreich geführt
1969 1457 3134 1542 ist dann die sich aus diesem Besuche ergebende Szene
3144 1464 3309 1551 füllung
1953 1504 3131 1578 mit dem Grasen Niederhof, dem Vetter dei Fürstin, der mit
3138 1531 3322 1592 „Litera#
1960 1557 3129 1628 einiger Bestürzung erfahren muß, daß sich Fliederbusch letzten
3146 1574 3314 1642 Oisitzk e
1955 1585 3130 1683 Endes doch eigentlich für seine, des Grasen, im Parlament
3142 1624 3293 1685 einen 1
1956 1639 3123 1726 vorgebrachten Aeußerungen schlagen muß. In dem begreif¬
3137 1659 3290 1733 vom be
1953 1675 3132 1763 lichen Bestreben, seine Veranssvortung herabzusetzen, zieht der
3138 1714 3323 1782 sehr glü
1941 1740 3127 1822 Graf ritterlich seine eigene Ueverzeugung, die ihn zu jener
3136 1768 3313 1831 das jon
1946 1791 3115 1863 Lede veranlaßt haben mag, in Zweifel, während Flieder¬
3124 1815 3320 1885 zu allem
1945 1834 3111 1916 busch. an dem Widerspruch entzündet, die seinige mit Würde
3122 1858 3320 1927 einer gr#
1938 1888 3114 1965 verteidigt. Im Verlaufe dieser äußerst sein dialogisierten
3134 1907 3320 1974 bunt du
1946 1925 3122 2011 Ulnterredung wirft der Graf Niederhof die allgemeine
3130 1950 3315 2030 Gedichte,
1940 1972 3114 2062 Frage auf: „Wo gibt es überhaupt im Einzelfalle einen
3127 2000 3312 2062 Staub v#
1942 2030 3106 2106 strikten Beweis dafür, daß eine wirkliche Ueberzeugung vor¬
3116 2040 3282 2113 zusberg
1935 2060 3105 2154 handen ist?“ und Fliederbusch gibt die unter den gegebenen
3121 2095 3292 2161 Reklame
1940 2114 3115 2199 Umständen köstliche Antwort: „Es gibt einen Beweis, Herr
3118 2133 3310 2209 zu diesen
1938 2164 3022 2248 Graf —: bereit sein, für diese Ueberzeugung zu sterben.
1934 2208 3104 2289 Er begibt sich denn auch wirklich zum Duell, das dann in
1932 2250 3106 2339 der letzten Szene dieses lustigen dritten Aktes als reine
3113 2283 3191 2344 her
1924 2292 3108 2397 Farre verlänft. Fliederbusch wird von der einen Partei als
3116 2334 3200 2393 früh
1931 2353 3101 2440 Finn, von der anderen als Fliederbusch erkannt und gibt
3104 2379 3203 2436 fort
1926 2392 3104 2484 seine Identität zu erkennen. Hierauf erfolgt ein Wettbieten:
1919 2446 3090 2533 der beiden Chefredakteure der gegnerischen Blätter, die sich
1917 2498 3091 2582 den vielversprechenden jungen Mann nicht entgehen lassen
3099 2518 3169 2574 bir
1924 2536 3088 2635 wollen. Aber auch der Graf Niederhof will ihn und wird
1925 2585 3087 2677 ihn wahrscheinlich seinem erst noch zu begründenden Blatte
3097 2617 3243 2678 mit ein
1924 2639 3085 2719 einverleiben. Auch er, der Graf, wohnt in Gesellschaft der
3108 2665 3266 2729 Fliederbi
1917 2685 3078 2764 hübschen Fürstin dem Duell bei, von dessen unvermeidlich
3102 2711 3170 2774 raß
1914 2730 3080 2815 unblutigem Ausgange er schon etwas früher Wind bekommen
3098 2756 3179 2823 eine
1911 2776 3080 2871 hat. Das Stück schließt sehr heiter wie irgendeine Oper oder
3088 2806 3275 2867 schaffen
1911 2818 3076 2913 ein französisches Lustspiel des achtzehnten Jahrhunderts,
3095 2855 3311 2916 Jarbe sein
1905 2863 3313 2984 indem der Grai die ganze Gesellschest zum Sremen einlädt. lich Beden
