3344 4352
752 231 806 285 II
1740 222 2185 314 box 33/2
262 221 1577 320 27. Finknd Fliederbusch
2864 911 3072 989 Mklofft.
755 932 3073 1005 liefert werden muß. Die Enschränkung, die den auch in diesem Jahre der Austausch von Neujahrs=state vo¬
746 990 1817 1058 Landwirten mit diesen Festsetzungen auferlegt wer¬
1817 999 3078 1072 glückwunschkarten zwischen der Heimat und dem rak „Li¬
1817 1042 2453 1096 Feldheer unterbleiben müssen.
743 1028 1817 1092 den mußte, ist hart und drückend. Aber sie war un¬
2859 1045 3066 1110 Esch, so
745 1077 1822 1132 vermeidlich, umeden ohnedies schon auf das unbedingt
1859 1088 3065 1150 = Feldpostpaketsperre. In der Zeit vom 9. bis Herr R
744 1103 3058 1166 erforzerliche Maß zurückgesetzten Anforderungen des  zum 25. Dezember dieses Jahres findet keine An=sowie 5
1310 1164 1708 1215 r
2167 1156 2400 1229 RETETER
1816 1217 3056 1290 redakteure in Figur und Maske waren die Herrenj tik hatt
1793 1244 3053 1327 [Schwartze und Großmann, flott und liebens= die Dar
954 1243 1642 1335 Kunft und Wisseschaft
1808 1312 3043 1375 würdig spielte auch Herr Brückner den gräflichen regte s#
685 1294 1284 1400 S
1426 1284 1813 1397 te
1815 1349 3055 1402 Zeitungsbesitzer. Von den zahlreichen übrigen „Zei= dem D#
1082 1368 1520 1430 Neues Theater.
1814 1385 3057 1447 tungsleuten“ seien noch die Herren Lobe, Kner, Grü= nismus
834 1410 1745 1479 Zum ersten Male: „Fink und Fliederbusch“.
1810 1434 2867 1493 ning, Reimann, Klöpfer lobend erwähnt. Die ein¬
2876 1435 3055 1486 Mensch
750 1447 1819 1530 Komödie in drei Akten von Arthur Schnitzler.
1817 1469 3048 1526 zige weibliche Rolle — eine Evisodenfigur — lag bei gehen
803 1499 1814 1573 Wer Gustav Freytag's Lustspiel „Die Jour¬
1817 1513 2871 1573 Frl. Sangora in den besten Händen. Die zahl¬
2869 1515 3047 1578 Der E
748 1546 1813 1608 nalisten“ gesehen hat, das trotz seines Alters und
1818 1552 2872 1608 reichen Zuhörer konnten sich für die Komödie nicht
2867 1552 3042 1610 letzten
735 1579 1821 1649 verblaßtem Zeitkolort immer noch auregend und
1820 1598 2871 1668 erwärmen, spendeten aber der trefflichen Dar¬
2869 1586 3047 1660 dem sa
738 1629 1820 1680 unterhaltend wirkt, der wird enttäuscht sein über das,
1812 1630 2489 1692 stellung dankbare Anerkennung.
2870 1643 3049 1699 ung of
2720 1640 2856 1704 Igs.
737 1657 1819 1732 was der sonst so geistvolle Wiener Autor Schnitzler
2865 1678 3060 1753 in den
738 1699 1809 1761 in seiner neuen Journal sten=Komödie „Fink und
1860 1696 2868 1763 * Das erpressionistische Drama behandelte Sonn¬
2860 1724 3014 1776 zählt,
742 1744 1802 1813 Fliederbusch“ bietet. Hier wie dort spielt ein
1819 1749 2861 1822 tag vormittag im Schanspielhaus ein von Herrn
2863 1769 3035 1820 Weise
739 1764 1807 1849 *Schmock“ der nach rechts und links schre bt, eine
1816 1794 2872 1872 Julius Bab, Köngsberg i. Pr. gehaltener Vortrag.
2862 1804 3042 1864 verstrie
746 1822 1800 1872 Hauptrolle, aber während er bei Freytag in gebüh¬
1806 1834 2872 1899 Redner begann seine Ausführungen mit der Erklä¬
2865 1852 3046 1906 die wis
745 1862 1802 1924 render Weise abgefertigt wird, macht Schniuler aus
1821 1882 2866 1927 rung des Begrisfes Impressionismus im Gegenlatz
2873 1891 3042 1943 und un
737 1902 1805 1958 ihm einen salnrisch gezeichneten „Helden“,um dessen
1810 1920 2867 1977 zum Expressionismus. Beide Ausdrücke sind aus
2868 1931 3031 1985 gerate
744 1934 1812 2002 Besitz sich die Chefredakteure der beiden Blätter mit
1811 1956 2871 2020 der bildenden Kunst genommen. Max Liebermann
2873 1971 3011 2031 Sterik
741 1988 1795 2041 Gehaltsüberbietungen reißen, für den sich sogar eine
1814 1995 2868 2060 ist der Hauptvertreter des Impressionismus in der
2856 2015 2990 2066 kind
740 2019 1805 2082 leibhaftige Fürstin interessiert und den schließlch en
1811 2038 2856 2116 Malerei. Die Entwicklung und Entstehung des Im¬
2858 2057 2999 2119 sonde
742 2054 1799 2122 fendaler Abgeordneter für seine nenzugründende Zei¬
1802 2082 2868 2142 pressionismus bedeutete eine Revolution. Die Kon¬
2857 2099 3024 2159 verrik
730 2097 1810 2167 tung kapert. „Fink und Fliederlusch“ — zwei Na¬
1801 2113 2858 2190 struktion des Bildes wurde auseinandergerissen,
2860 2142 3013 2195 regt s#
737 2149 1803 2206 men in einer Person — so heißt das Kerlchen, ist der
1807 2160 2849 2219 denn der Impressionist wollte malen, was er sah.
2862 2183 3017 2236 Mense¬
739 2193 1807 2244 „Schmock“ der bei der Tageszeitung „Die Gegen¬
1806 2200 2848 2259 Seine Bilder legten Wert auf die Verquickung mit
733 2218 1810 2267 wart“ als „Fliederbusch“ gegen die Artikel des Jour¬
2863 2216 3017 2288 Diest
1801 2240 2860 2293 Luft und Licht. So wurde der Impressionismus
742 2260 1810 2317 nalisten „Fink“ bei der Pochenschrift „Die elegante
2857 2267 3013 2324 „Die
1802 2285 2873 2345 das Produkt einer inneren Stimmung, der Mensch
741 2300 1797 2376 Welt“ loszieht, und als er schließlich gezwungen
2859 2307 3013 2362 aufgen
1797 2320 2854 2391 war in ein neues, abhängiges Verhältnis zur Natur
736 2333 1804 2407 wird, seinen Gegner wegen Beleidigung vor die
2851 2340 3010 2413 der ##
1806 2365 2860 2411 gekommen, alle Impressionisten fühlten, daß sie von
2853 2386 3014 2450 das 1#
744 2387 2848 2427 Pistole zu stellen, für seine zweifache Ueberzeugung Milien abhängig waren. Dieser impressionistischen
740 2428 2859 2502 sogar sterben will. Und die Szene, als „Fink und Richtung in der Malerei entsprach auf dem Gebiet
745 2466 1807 2527 Fliederbusch“, von einem „Kollegen“ bereits ent¬
2864 2449 3013 2526 unte 1
1801 2478 2852 2549 der Literatur der Naturalismus. Es war auch hier
741 2501 1798 2566 larpt, als Forderer und Gesorderter in einer Per¬
2863 2510 3010 2579 psucht
1800 2522 2848 2585 das Zurückgreifen auf das quellende Leben der
729 2556 1792 2610 son zum Duell erscheint, ist eigentlich die beste des
2860 2556 2988 2628 ihr 1
1795 2556 2857 2612 Natur. Seine Dichter wollten die Stimmung aus¬
739 2589 1802 2650 Stückes. Diese gelungene Schwankidee reicht aber
2859 2592 2983 2649 ins
1805 2605 2862 2676 drücken, die sie in ihrem Schaffen vollkommen von
733 2625 1801 2683 bei weitem nicht aus um eine dreiaktige Komödie
2858 2633 3011 2703 Spri¬
1799 2642 2852 2702 der Natur abhängig machte. Das Drama hatte
731 2661 1796 2732 stoffinhaltlich zu füllen, zumal fast alle übrigen
2855 2677 2984 2729 als 2
1791 2676 2858 2752 natürlich im Naturalismus einen schweren Stand.
736 2705 1801 2760 handeinden journalistischen Persönlichkeiten verzeich¬
2844 2719 3002 2780 scherz
1799 2723 2847 2791 da er ja die schaffende Kraft des Menschen leugnet,
734 2748 1790 2811 net sind und der Dichter, was man bei Schnitzler
2859 2764 2999 2838 stellte
1799 2764 2856 2837 der eben auch nur ein Produkt der Natur und so
733 2784 2855 2866 eigentlich nicht erwarten sollte, in der Charakterdar=in seinem Wollen Fühlen, Denken und Schaffen von
2854 2805 2991 2870 einzg
736 2835 2852 2902 stellung gründlich daneben gehauen hat. Denn selbst sihr abhängig sei. Eine glückliche Wendung im
2855 2844 3006 2905 Meis.
738 2875 2851 2956 in Oesterreich dürften sich solche Journalisten nicht Naturalismus hat nun Gerhart Hauptmann gefun¬
2857 2890 2978 2940 Mer¬
736 2915 2852 2969 finden. Tazu kommt noch, daß der Autor sich injden, der sein Streben auf das Drama richtete und
2853 2921 3004 2988 einch
727 2940 1798 3014 ermüdenden Dialogen und erklügelten Seutenzen
2850 2974 2983 3039 weit
1804 2970 2846 3032 so auf Grund des Naturalismus ein solches schuf.
729 2988 1792 3071 ergeht, sodaß man froh aufatmet, wenn der Vorhang
2846 3017 2990 3074 Auss
1793 3013 2858 3056 das naturgemäß nur passiv sein kann. Bei Gerhart
732 3034 1408 3098 nach den ersten Aktschlüssen fällt.
1787 3049 2846 3117 Hauptmann ist der Mensch groß durch sein Leiden.
2853 3056 2990 3110 und
797 3058 1797 3139 Herr Direktor Arthur Hellmer als Spiel¬
1788 3099 2845 3155 Die Neuromantik ist der Wiener Stil des Naturalis¬
2843 3095 2962 3156 um
722 3113 1793 3165 leiter hatte sich um die Aufführung viel Mühe ge¬
1798 3131 2846 3198 mus; sie gab im wesentlichen dasselbe wie der der
2849 3140 2966 3191 besste
722 3159 1796 3220 geben, aber die Wirkung, die das Stück haben sollte,
1794 3168 2848 3236 Verliner Richtung entsprungene Naturalismus.
2851 3179 2980 3232 tonc
729 3208 1794 3251 blieb aus. Herr Graetz in der Titelrolle verstand
1796 3213 2844 3277 Hugo von Hoffmannsthal ist hier der Hauptvertre¬
2855 3221 2984 3282 nisg
734 3238 1796 3287 in weißer Mäßigung zu dämpfen,, sodaß sein „Held“
1780 3240 2957 3314 ter. Es war Lyrik, die er gab. Sein Mensch wurde scho
727 3281 2975 3342 zu einer köstlichen Figur wurde, dagegen faßte Herr aufgelsst, die Menschheit ist bei ihm nichts als ein reie
730 3316 2093 3383 Kuckhoff als Mitarbeiter „Kajetan“ seine Rolle Taubenschlag.
2092 3337 2960 3401 Es sehlt jede Iuversicht zur Dar= natt
718 3360 2973 3450 doch gar zu temperamentvoll auf. Zwei gute Cbef= stellung eines lebendigen Menschen. Die Neuroman= aus
911 3438 1612 3634 T. Vr #
1596 3438 1822 3668 21
