3344 4320
1689 198 2129 289 box 33/1
225 187 1532 298 27 Eink und Friederbusch
2192 421 2431 540 1 10773“
1527 484 2064 573 Der Morgen Wien
1433 569 2421 700 Glossen von der Woche.
1601 700 2242 796 Von Woche zu Woche.
1442 780 2500 839 Die Woche hat uns ein Journalistenstück beschert. Als
1350 836 2497 911 Autor stand auf dem Zettel unser Arthur Schnitzler. Man
1340 885 2503 948 durfte also wohl annehmen, daß er etwpas zu sagen habe, sich
1349 929 2505 1006 etwas vom Herzen schreiben, sich mit einem Faktor der modernen
1341 995 2488 1045 Gesellschaft und dessen Menschen auseinandersetzen wollte.
1335 1038 2497 1094 Die Zeitungsleute sind immer aktuell. Jedes Ereignis setzt
1337 1080 2505 1171 das Wesen der Zeitung und die Eigenart derer, die sie schreiben,
1339 1143 2493 1217 von neuem auf die Tagesordnung. Da die große Masse das
1342 1186 2499 1237 Geschehen der Zeit, das Stück Leben, das sic mitlebt, zum
1346 1228 2504 1319 größten Teile nur durch das Temperament der Zeitungsleute
1341 1284 2500 1360 sieht, ist der Charakter der Zeit und der ihrer Tageschronisten
1342 1340 2491 1408 untrennbar miteinander verbunden. Aber es ergibt sich das
1337 1372 2498 1456 Merkwürdige, daß das Wesen der Zeitung, das Leben, Denken
1337 1455 2493 1509 und Fühlen derer, die sie machen, der Masse, die sich immer
1337 1490 2492 1564 dafür interessiert, ein mit noch weit mehr Siegeln verschlossenes
1342 1543 2489 1595 Buch ist, als das der Theaterwelt. Täglich sprechen die
1337 1582 2489 1649 Zeitungsleute zu ihrem Publikum, täglich hört sie dieses, stimm
1341 1637 2489 1715 ihnen zu oder ärgert sich über sie, setzt sich also täglich mit ihnen
1330 1707 2493 1764 auseinander und kennt sie nicht. Vielleicht kommt das zum
1328 1730 2494 1818 Teil daher, daß die Individualität des Zeitungsschreibers,
1337 1797 2487 1872 die nicht nur sein höchstes Gut, sondern auch sein höchster
1336 1833 2483 1900 Ehrgeiz ist, zumeist von der Individualität der Zeitung, in
1321 1878 2486 1969 der sie sich geltend zu machen hat, in den Schatten gestellt wird.
1335 1952 2484 2017 Die schwierige Aufgabe des Journalisten, die ihm zuweilen
1322 2005 2481 2070 zum Konflikt wird, ist eben das Geltendmachen seiner Eigen¬
1332 2053 2484 2103 art im Rahmen einer größeren und weiteren Eigenart, von der
1329 2106 2487 2171 er im besten Falle nur ein Teil sein kann. Die Menschen, denen
1324 2153 2488 2216 es vergönnt ist, ihren Lebensunterhalt in restloser Wahrung
1334 2187 2478 2274 und Betätigung ihrer Empfindungen und Überzeugungen zu
1325 2254 2489 2322 erwerben, sind seltene Auserwählte. Nicht nur der Schau¬
1333 2296 2477 2351 spieler und der Künstler, auch der Advokat und sein Gegen¬
1329 2348 2477 2423 part der Staatsanwalt, ja die Mehrzahl aller Beamten muß
1330 2404 2481 2474 sehr oft berufsmäßig in eine fremde Haut schlüpfen und gleich¬
1331 2447 2486 2522 sam mit einem fremden Hirn denken, mit einem fremden Herzen !
1325 2495 2489 2573 empfinden. Unter diesen ist der Journalist bei einem an¬
1321 2549 2473 2607 ständigen Blatt verhältnismäßig noch weitaus der Freieste
1322 2610 2475 2662 und zu einer Verleugnung seiner Überzeugung nur in den aller¬
1322 2640 2472 2723 seltensten Fällen gezwungen. Diese Fälle sind aber dann tra¬
1330 2707 2468 2761 gisch und nicht komisch und werden auch durchaus schmerzlich
1322 2760 2482 2831 und nicht lustig empfunden. Wobei man freilich zwischen An¬
1313 2792 2472 2879 sichten oder Auffassung irgend eines bestimmten Falles und
1318 2855 2390 2906 wirklichen Überzeugungen einigermaßen unterscheiden muß.
1405 2907 2469 2983 Unter den mancherlei Möglichkeiten die Zeitung und ihre
1317 2955 2471 3028 Leute ernst oder heiter zu nehmen, die Tragik ihres Lebens
1316 3016 2473 3081 und ihrer Arbeit zu schildern oder sich drüber lustig zu machen,
1317 3063 2459 3132 wie sie schweißtriefend mit ihrem Spiegel der Weltgeschichte
1318 3110 2467 3184 nachlausen müssen, hat sich Schnitzler leider für keine ent¬
1314 3160 2467 3217 schieden und kein Journalistenstück geschrieben, obgleich sein
1318 3208 2459 3281 Einfall ein solches von ihm verlangte. Das ist schabe. Denn
1305 3256 2469 3311 die Journalisten von heute hätten sich ganz gerne einmal
1315 3301 2467 3365 selber in einem Spiegel gesehen, den ihnen ein Künstler vor¬
2474 3329 2540 3379 1
1315 3359 2466 3431 halten würdet Es hätte nichts ausgemacht, wenn es ein rich¬
1308 3415 2454 3481 tiger Zerrspiegel gewesen wäre. Nur kein blinder durfte es
1309 3458 2547 3540 sein. So aber sind sie und das Publikum um die Sensation 2
2085 3523 2448 3553 =omhlote 10*.
1525 3519 1688 3592 Wchig.
1331 3574 1674 3636 betrogen worden.
1749 3569 2479 3654 Tragikomödie der Überzeugungskämpfe
1342 3624 1749 3692 hätte es werden
1745 3641 2488 3706 n und ist nichts geworden als eine
1341 3673 1691 3735 freundlich witzeln
1761 3680 2483 3754 ronisierung der Überzeugungslosigkeit
1691 3708 1738 3759 0
1338 3736 2491 3799 bei ZeitungsleutPelittlern. Kein Zweifel, daß es
1329 3780 2481 3847 überzeugungslose Schreiber und Redner gibi, aber der Ver¬
1333 3825 2487 3903 such, das Wesen und das Milieu der Politik und der Zeitung
1331 3887 2488 3946 als den Nährboden der Überzeugungslosigkeit hinzustellen,
1325 3930 2483 3983 muß mit Nach###'s völlig verfehlt zurückgewiesen werden.
1324 3982 2486 4050 So wenig man die ehrlichen Dichter für die Unanständigkeiten
1316 4032 2481 4096 der Stückefabrikanten verantwortlich machen kann, so wenig
1325 4083 2471 4157 darf man einen weit weniger erträgnisreichen Beruf, zu dem
1316 4127 2482 4176 wahrhaftig kein anderer Weg als der der Begeisterung zum
