3344 4320
184 199 2110 295 27. Einkund Friederbusch bos 33//1
354 1405 3233 1486 Es hätte dieser Vorsicht nicht bedurft. Was! Ueberzeugungen für Humbug erklärt und das das Herz kam bei dem Ganzen zu kurz. Das zeigt
319 1455 1289 1517 Schnitzler schreibt, ist viel zu persönlich prägnant,
1283 1463 3216 1512 ganze Leben nur vom Sport=Standpunkt wertet. schon die knapp und klar schematisch konzirierte
316 1494 1304 1559 als daß selbst ein Zusammentreffen zufälliger
1289 1492 3226 1563 Wie nun der wahre Protz der Gesinnungslosigkeit Fabel mit Hinweglassung jeder Nebenhandlung.
1284 1539 2243 1592 gegenüber jenem Spötter und Verächter für die
328 1542 1291 1592 Stoffgleichheit seinen Wert irgendwie herabsetzen
2248 1540 3218 1606 Man geht aus dem Theater mit dem Gefühl.
86 1547 283 1626 theater
1292 1578 2252 1626 Sache der Ueberzeugung eintritt, das ist mit
329 1580 1299 1634 könnte. Und gerade diesen Journalistenstoff hat
2244 1581 3225 1642 einer eleganten Sezierübung beigewohnt zu ha¬
1287 1599 2250 1663 einem wahrhaft insernalischen Hohn gesehen und
324 1620 1284 1667 der Dichter mit besonderer Liebe angefaßt. Mit
2242 1617 3227 1685 ben. Allein Gefühlswärme war nie in hohem
327 1645 1294 1709 Liebe — nicht mit Wärme. Vielmehr hätte nie¬
1280 1653 3228 1721 wiedergegeben. Zum Schluß muß sich der Jour=Grade Schnitzlers Sache. Schon der jugendliche
86 1675 239 1746 nic
317 1695 1290 1755 mand dem sonst so reichen und konzilianten Dich¬
1282 1700 3216 1762 nalist mit dem Januskopf freilich selbst demas= Anatol gab sich blasiert kühl. In die Fünfzig ge¬
194 1699 333 1780 Mi¬
1285 1728 2262 1796 kieren. Denn auf dem Kampfplatz erscheint nur
330 1730 1301 1801 ter solche Kraft der Satire, so ätzende, unerbitt¬
2239 1744 3220 1795 kommen, sieht er naturgemäß Welt und Menschen
91 1753 329 1818 schon kurz
1277 1765 2250 1832 ein Duellaut, der sich nach rechts als Fink, nach
325 1777 1136 1843 liche Härte der Beobachtung zugetraut.
2237 1779 3221 1825 mit noch ungleich größerer Bitterkeit und Schärfe.
102 1801 344 1858 sten Arbei¬
1281 1812 2261 1875 links als Fliederbusch vorstellt. Aber die Ent¬
371 1811 1288 1865 Sein Held ist ein junger Zeitungsmensch ohne
2239 1814 3220 1864 Aber er sieht sie gut! Wie lebt dieser liebens¬
116 1842 333 1899 Spricht es
1294 1848 2250 1898 karvung verläuft unerwartet gemütlich. Die bei¬
335 1848 1295 1908 jede Ueberzeugung — als die eine, möglichst rasch
2247 1862 3224 1915 würdige Gesinnungslump Fink=Fliederbusch, wie
100 1880 320 1937 daß er —
1288 1893 2244 1943 den Chef=Redakteure trachten sich den witzigen
99 1901 1298 1967 nberr—und günstig hinaufzukommen. Da ihm das bei
2250 1893 3224 1960 leben und atmen die Episodenfiguren, dieser her¬
1296 1931 2252 1979 Mitarbeiter förmlich ligitando gegenseitig abzu¬
312 1935 1296 1993 der „Gegenwart“, einem politischen Tagblatt farb¬
2248 1928 3225 1995 abgekommene Aristokrat und Mitredakteur der
93 1963 1291 2020 Ern bemüht loser Richtung nicht in der erwünschten Weise ge¬
1290 1976 2249 2020 jagen, der Graf bietet ihm die selbständige Lei¬
2243 1978 3221 2032 eleganten Welt, dieser köstliche Cajetan, das jour¬
102 1998 1293 2077 die Gesell= lingt, kokettiert er unbedenklich mit der Gegen¬
1282 2015 2242 2064 tung einer nenzugründenden konservativen Zei¬
2248 2007 3222 2064 nalistische und schriftstellerische Mädchen für alles,
86 2034 328 2095 ausdauernd
1283 2054 2246 2107 tung an und — ladet die ganze Gesellschaft zum
339 2053 1295 2103 richtung. Die Gelegenheit ergibt sich, der Graf
2251 2061 3221 2115 der in seiner Aktentasche Artikel, Lieder, Fest¬
92 2084 331 2136 8 Versstück
331 2079 1297 2144 Niederhof, ein aristokratischer Sportsmann und
1288 2092 2258 2153 Frühstück ein. So geht alles in schönstem Wohl¬
2242 2092 3241 2156 spiele und Nekrologe mit sich schleppt, wie leben
92 2117 341 2174 Neuland be¬
1291 2138 2247 2185 gefallen aus und nur die — spärlichen — Fana¬
328 2138 1295 2188 nebstbei Politiker, hat eine selbst vom fendalen
2242 2119 3233 2190 diese beiden Chefredakteure, der kühl=brutal=egoi¬
1286 2154 2220 2225 tiker der Gesinnung schnauben Haß und Rache. —
327 2167 1297 2217 Standpunkt brutale Rede gehalten, worin er die
2248 2172 3233 2233 stische Sports=Aristokrat, die naiv kokette Priska
94 2195 343 2253 at, so zeigt
340 2200 1296 2264 Erschießung eines Knaben bei einem Arbeiterauf¬
1314 2197 2249 2257 Es ist klar, daß es Artur Schnitzler um
2289 2224 3220 2270 kurz, alle, alle! Und welch eine kultivierte,
94 2232 346 2292 ich genannt
332 2252 1295 2298 stand als belanglosen Zwischenfall bezeichnet. Der
1296 2233 2256 2297 diese Handlung, gegen deren Einzelheiten sich
2247 2251 3228 2322 von Geist gesättigte Sprache sprechen diese Men¬
88 2275 1290 2343 tten seiner Artikel erregt in der pfendo=liberalen Redaktion
2254 2288 3224 2351 schen! Eine wahre Erholung nach dem betrüben¬
85 2320 331 2370 aum je hat
1288 2210 2254 2384 pent. Minte eien e her heliltr s
337 2333 1290 2376 der „Gegenwart“ Entrüstung, Fliederbusch — so
2252 2339 3233 2405 den Tiefstand des herkömmlichen Theater=Dia¬
97 2354 342 2411 berlegen ge¬
335 2352 2251 2416 heißt der Vielgewandte — wagt einen Meister= ihm der Hauptcharakter, dieser samose Fink=Flie¬
2249 2373 2382 2435 logs.
97 2393 343 2457 mit welcher
1283 2406 2253 2459 derbusch. Ich glaube nicht — wogegen sich einige
324 2411 1305 2459 streich. Er verfaßt eine höchst aggressive Entgeg¬
2272 2394 3217 2469 Das Publikum drang wohl nicht in alle verbor¬
91 2434 322 2498 n seine —
1284 2438 2226 2491 Kritiken der Tagespresse entrüstet verwahren —
326 2440 1289 2494 nung auf einen Artikel, den er selbst (unter dem
2237 2447 3225 2500 genen Tiefen der Schnitzlerschen Intentionen ein,
1296 2486 2241 2536 daß der Dichter in seinem Helden etwa einen
318 2476 1292 2550 Namen Fink) in der reaktionären Wochenschrift
2253 2497 3227 2550 sondern hielt sich mehr an die Oberfläche und
97 2509 339 2577 ntag und
338 2528 1297 2576 „Die elegante Welt“ untergebracht hat. Diese
1296 2525 2252 2582 repräsentativen Vertreter des modernen Jour¬
2251 2532 3228 2589 lachte über die Kniffe des doppelzüngigen Zei¬
99 2563 340 2627 elikan“) bei
1285 2561 2244 2610 nalismus zu konterfeien beabsichtigte. Die Licht¬
331 2548 1308 2628 Wochenschrift ist im Begriffe, unter der Patronanz
2242 2560 3226 2635 tungs=Protens, über die Einblicke in die Kulissen
1295 2597 2255 2654 seiten fehlen neben der düsteren Hauptgestalt ja
97 2597 335 2658 gen. Daß
333 2593 1307 2650 des schon genannten Grafen Niederhof in ein
2240 2614 3228 2671 des journalistischen Betriebes, und insbesondere
101 2648 2254 2687 säglich ver= Tagesblatt umgewandelt zu werden. Als der nicht ganz. Siehe den fanatischen politischen Re¬
2240 2653 3214 2703 die glänzende Duell=Szene, der der jüngst erschie¬
1282 2680 2246 2730 dakten: der „Gegenwart“, der lieber den Zorn des
96 2674 1290 2727 Beweisfüh= Fliederbuschische Angriff erscheint, hält man es in
2247 2684 3224 2752 neue kaiserliche Verbots=Erlaß eine ungeahnte
90 2708 2244 2772 he Journa=diesen Kreisen für unerläßlich, daß sich „Fink“ mit Hochmögenden auf sich nimmt, ehe er gegen seine
2243 2730 3217 2780 Aktualität verlieh. Die Aussprache zwischen
105 2758 2256 2807 s mit einer dem Verfasser des persiden Angriffs schlagen muß. Ueberzeugung schriebe. Aber freilich — der Haupt¬
2239 2764 3224 2823 Graf und Fliederbusch, die an die tiefsten Wur¬
111 2798 346 2858 Stoff kann
1289 2786 2256 2850 grundzug der Komödie ist unleugbar tief pessimi¬
330 2805 1311 2868 Fliederbusch geht belustigt darauf ein. In der
2250 2804 3227 2866 zeln des Werks rührt, blieb, wie so manches an¬
1294 2845 2254 2889 stisch, boshaft, unbarmherzig und doch durch ein
101 2822 1309 2908 lten. Wenig„Gegenwart“ freut man sich, den Autor des
2246 2837 3219 2900 dere, sichtlich unverstanden. Trotzdem gab es
1287 2881 2261 2931 Uebermaß an Geist und Witz, wie es unter den
124 2889 1311 2937 vor dem Artikels nennen zu können, weil der allseits ver¬
2242 2882 3230 2937 einen lauten Erfolg, der sich nach dem zweiten
125 2918 2257 2968 — Komödie haßte junge Streber seinerzeit erklärt hatte, für lebenden Dramatikern nur Schnitzler zur
2243 2926 3231 2982 Akt beim Erscheinen des Dichters zu stürmischer
1291 2952 2248 3006 Verfügung steht, angenehm gemildert. Vor allem
94 2953 1295 3007 rbarerweise jedes Wort mit seiner Person einzustehen. Flie¬
2242 2953 3226 3029 Herzlichkeit steigerte. Der Schluß litt durch das
1299 3002 2252 3048 jedoch — das Ganze ist, von einzelnen Uebertrei¬
103 2994 1308 3058 wie Artur derbusch=Fink erlebt vor seinem Ehrenhandel noch
2242 2992 3227 3070 traditionelle Forteilen. Die Aufführung war
1292 3044 2245 3094 bungen und Unglaubwürdigkeiten vielleicht abge¬
92 3038 1293 3088 Werk, eine einen kleinen Flirt mit Fürstin Priska, für die
2245 3054 2977 3107 gut, aber keineswegs hervorragend.
99 3068 2263 3127 Dichter da=ser erst durch sein bevorstehendes Duell interessant sehen, verblüffend lebenswahr, und sichtlich von
2711 3081 3191 3152 Dr. Oskar Bendiener.
124 3118 2260 3178 Prioritätwird, und hat eine äußerst interessante Unter= den edelsten Absichten des Satirikers getragen, die
332 3143 2284 3229 redung mit dem Grafen Niederhof, der alle Hand bessernd auf Wunden zu legen. Allerdings,
