3392 4320
1747 206 2193 304 box 33/1
283 200 1601 308 27. Eink-und Frjederbuscn
1521 1137 1742 1254 779. 8
741 1181 1425 1283 Nautad Zutung, Sam
1713 1321 3352 1418 Wendung der Angelegenheit, die vielleicht als Pointe vor dem Jahren ist, besteht auch
940 1245 1681 1433 Zeileien.
1719 1370 3352 1458 zweiten Fallen des Vorhanges ihre Schuldigkeit getan hätte, ver= oder ein „Madele“ ei
1727 1421 2923 1497 sagt als Hauptmotiv vollkommen. Der gesinnungslose kleine
2917 1434 3364 1505 braven, arbeitsamen P#
1715 1460 2917 1537 Journalist wird als Fink gezwungen, von Fliederbusch, dem Mit¬
2912 1484 3331 1546 und 's Magazin, und
499 1395 1038 1572 Neue Werke von
1723 1485 2907 1578 arbeiter des anderen Blattes, ritterliche Genugtuung für die be¬
1023 1461 1720 1598 Schnihler und Schönherr.
2924 1529 3334 1590 allein, „koan Kreuzer“
1326 1539 1469 1618 Somen.
1715 1552 2922 1638 leidigenden Ausdrücke zu fordern, die er gegen Fink gebraucht
2923 1571 3351 1635 Pfennig bezahlt. Von
1071 1572 1202 1632 Von
1718 1592 2915 1667 hat. An diesem Punkt der Handlung gewinnt man den Eindruck,
2918 1615 3352 1689 Gläubiger, der manchm
966 1609 1275 1710 Rudolf Eger.
1720 1635 2916 1717 als hätter der Dichter plötzlich die Lust zur Fortführung der Ar¬
2917 1660 3346 1729 schaugn wie a kranker
1710 1668 2903 1757 beit verloren. Der Dialog bleibt zwar immer noch höchst reiz¬
1217 1681 1697 1762 Wien, Mitte November
2918 1702 3356 1780 ist“. Aber auch ein #
1725 1730 2913 1794 voll, aber die amüsantesten Gespräche vermögen bekanntlich den
594 1733 1725 1802 Die „Eingeweihten“ sagten es seit langem jedem, der es
2908 1754 3341 1810 restlos glücklich, wenn
1728 1773 2904 1845 gänzlichen Mangel an Geschehnissen nicht auszugleichen. Dazu
521 1770 1717 1845 hören wollte: Arthur Schnitzler schreibt das Journalisten¬
2907 1788 3342 1860 ihn zu erben. Ist das
1720 1814 2910 1895 kommt, daß die Figur des unbedenklichen Journalisten nur sehr
515 1835 1717 1889 stück. Und nun, nach der Uraufführung am Wiener „Deutschen
2915 1835 3331 1902 Anna Suitner, diese
1730 1860 2908 1940 flüchtig skizziert ist, so daß man nicht recht klar darüber wird, ob
523 1867 1725 1932 Volkstheaier“ hat sich ergeben, daß die Komödie, die der Dichter
2905 1882 3362 1944 durch die Tat. Sie nic
1726 1910 2908 1981 man seine Handlungsweise als Dummenjungenstreich, als ge¬
511 1914 1716 1966 — wie man hört — eine geraume Weile in seiner Schreibtisch¬
2916 1926 3343 1986 ins Haus, in deren F
1718 1956 2905 2026 nialen Bluff, als raffiniert erdachten Versuch, sich in Szene zu
513 1944 1723 2011 lade zurückhielt, bevor er sich entschloß, sie der Oeffentlichkeit
2911 1968 3354 2038 Sitte geübt wird, bilde
1719 1993 2906 2070 setzen, beurteilen soll oder ob das Ganze etwa nur dem Wunsch
514 2012 1716 2063 zu übergeben, nur — ein Journalistenstück ist. Und nicht einmal
2918 2014 3341 2085 „Küchltoag“ ganz nach
521 2039 1722 2098 ein sonderlich gutes. Es ist eine eigene Sache um solche Bühnen¬
1727 2044 2899 2102 entspringt, mit Hilfe seiner agilen Feder und seiner Ueberzeu¬
2905 2053 3350 2122 bringt ihr alles bei, i
513 2077 1712 2150 werke, in denen ein ganzer Stand als agierende Person auftritt.
1728 2085 2900 2160 gungslosigkeit eine kleine Verbesserung seines mageren Zeilen¬
2902 2100 3361 2175 Verkäuferin, wissen mi
517 2123 1713 2187 Man sieht Typen, die mehr oder minder gelungen sind, freut
1732 2130 2895 2206 honorar=Daseins zu erreichen. — Ist diese wichtigste Figur der
2911 2158 3354 2208 einer robusten Generat
519 2171 1712 2229 sich an den flott hingepinselten Charakterporträts, bewundert
1723 2172 2904 2234 Handlung vom Dichter der Komödie etwas nebensächlich behau¬
2908 2190 3360 2261 nach kürzester Zeit wei
510 2217 1718 2278 die sorgsam ausgeführten Genrebildchen und hat am Schluß den¬
1714 2224 2904 2285 delt worden, ho hat er die übrigen Rollen mit desto liebevollerer
2910 2225 3353 2302 die „Schuechnägl“ liegen
517 2261 1722 2314 noch den Eindruck, daß man nur einige wenige Exemplare der
1727 2261 2893 2342 Sorgfalt ausgeführt, wenngleich man nicht umhin kann, zu be¬
2912 2282 3349 2346 Suitner nun gar noch
513 2299 1721 2361 Gattung gesehen hat, ziemlich willkürlich ausgewählte Repräsen¬
1717 2298 2907 2389 dauern, daß er sie samt und sonders von ein und derselben Ecke
2899 2323 3364 2387 „Madl“ Gefallen findet
515 2339 1720 2411 tanten überdies, die in den Zuschauern den Wunsch erwecken,
1724 2353 2903 2425 gesehen hat oder wahrscheinlich: sehen wollte. Ganz erstaunlich
2899 2376 3354 2436 genommen wurde, da a
511 2382 1719 2449 auch jene Vertreter des Standes lebendig werden zu sehen, die
1718 2396 2903 2469 ist es, wie uninteressant die einzige weibliche Figur des Stückes
2898 2415 3353 2476 dem schon im 3. Akt die
512 2426 1714 2484 der Autor aus nicht bekannten Gründen ungeboren in den Papier¬
1716 2443 2892 2508 ausfiel, die Fürstin Priska Wendolin=Ratzeburg, die der Dichter
2900 2461 3359 2521 verwendet werden wird,
505 2471 1709 2536 korb gleiten ließ. — Schnitzlers neuer Komödie, die „Fink und
1707 2475 2900 2557 neben den Ereignissen einherspazieren läßt, ohne — was doch
2908 2505 3363 2574 samen Standpunkt vert##
515 2519 1714 2583 Fliederbusch“ betitelt ist, liegt ein hübscher Einfall zu¬
1718 2531 2902 2608 nahe läge — von ihren amourösen Fingern den Knoten schür¬
2906 2554 3364 2627 men“ muß, Gelegenheit
507 2563 1706 2629 grunde, der aber für einen ganzen Theaterabend nicht ausreicht.
1710 2581 2900 2648 zen, entwirren, lösen zu lassen, jenen Knoten, auf den erstaun¬
2901 2596 3267 2666 Ende zu bereiten.
510 2605 1718 2669 Der erste Akt spielt in der Redaktion der Tageszeitung „Die
1720 2621 2907 2694 licherweise hier ganz verzichtet wird, wiewohl sich mehr als ein
2962 2627 3362 2702 Wäre Frau Suitne
505 2639 1719 2709 Gegenwart", deren Parlamentsberichterstatter ein gewisser
1708 2669 2892 2734 Mal Gelegenheit böte, die dramatische Schlinge zuzuziehen, den
2895 2670 3356 2750 könnte sich dieses Unfr
502 2690 1710 2750 Fliederbusch ist, ein bescheidener, junger Mensch, anfangs der
1719 2709 2900 2768 theatralischen Patentknopf sozusagen, von dem nur der Dichter
2893 2728 3363 2800 heben. Es geht aber nich
506 2742 1711 2794 Zwanzig. Er ist halb und halb entschlossen, seine Stellung auf¬
1713 2758 2897 2826 wissen soll, wie man ihn öffnen kann, was der Zuschauer — nach
2899 2776 3359 2833 Ehepaa einander herzlich
504 2782 1706 2833 zugeben, die ihm nicht recht zusagt, als der Chefredakteur, dem
1716 2798 2898 2872 den urewigen Gesetzen der Stückschreibekunst — im 3. Akt zu
509 2823 1711 2880 er einen politischen Artikel vorlegen ließ, auf ihn aufmerksam
2902 2817 3360 2882 ein bißchen bedauern, da
1715 2846 2891 2913 erfahren erwartet. — Ein Budapester Dichter läßt einmal in
511 2850 1712 2920 wird. In diesem Artikel wird die jüngste Rede des Grafen
2895 2866 3359 2928 und dieses Bedauern d#
1715 2886 2891 2954 edler Selbsterkenntnis eine seiner Figuren sagen, daß alle dritten
506 2898 1711 2965 Niederhof, eines Abgeordneten, scharf kritisiert und gleichzeitig
2896 2911 3357 2970 schehnisse als treibendes
1713 2928 2892 3002 Akte ungarischer Autoren schlecht sind. Arthur Schnitzler scheint
509 2947 1708 3003 ein Publizist namens Fink, der im Wochenblatt „Die elegante
2890 2956 3357 3023 zunützen. Schließlich st
1703 2981 2894 3070 seinen Kollegen jenseits der Leitha dieses Vorracht nicht zu
506 2995 1696 3054 Welt“ den Stand ankt des Grafen mit Nachdruck verteidigt,
2898 3006 3359 3054 jede seiner Gestalten in
1713 3018 1878 3078 gönnen.
507 3036 1706 3099 temperamentvoll angegriffen. Im zweiten Akt erfährt man, daß
2887 3046 3357 3105 Publikum aber hinwiede
502 3089 1713 3138 Fink und Fliederbusch dieselbe Person ist. Diese Idee, so er¬
1787 3075 3356 3147 Karl Schönherrs fünfaktiges Schauspiel „Frau Suit= dem Ableben von Perso
500 3123 1704 3182 giebig sie auch scheinen mag, muß offenbar nicht recht entwick¬
1698 3110 2882 3197 “ errang am „Burgtheater“ nur einen Achtungserfolg In
2884 3127 3363 3209 erscheint, teilnahmslos g#
506 3165 1702 3225 lungsfähig sein, denn sonst hätte ihr Schnitzlers theatralische
1711 3168 2884 3235 sechs Bildern von beklemmender Primitivität entrollt sich das
2887 3182 3340 3240 auf der Galerie zogen
501 3191 1703 3257 Meisterschaft doch wohl wirksamere Szenen abgerungen, als dies
1707 3208 2891 3287 Schicksal dieser Landkrämerin, das nicht viel tragisches an sich hat.
2892 3218 3349 3306 höebar. Im Parkett gäh
487 3258 2908 3353 im Mitiel= und Schlußakt der Fall ist. Eine scherzhafte Das Ehepaar Suitner ist Kuderlos und da die Frau schon bei
