3392 4256
1728 150 2193 259 box 33/1
263 161 1593 256 27. Eink-und Friederbusch
990 878 1305 974 I5N04 1917
429 1165 3351 1229 „ Limes“ teilen mit, daß Geneia Cusor #l#  Mliegen sei. Odr alem beschle Hindendatgfaret er Alllag.
2049 1237 2266 1313 M
1652 1286 3354 1379 den Antrieb empfängt, hat es doch nur wenig zu tun. Schon vor dem Hauptmann.
809 1269 1333 1392 Feuilleton.
1673 1331 3353 1426 bei Gustav Freytag, der die Journalisten in ein paar unterhaltenden Leitartikel zu schreibeng
1664 1371 3352 1466 Strichen zeichnete, steht dem Schmock, der rechts und links dingen, weil es interch
680 1392 1423 1502 Deutsches Volkstheater.
1675 1426 3341 1521 schreiben kann, der fröhliche und zielsichere Kämpfer Bolz sein kann. Und The
1664 1483 3334 1562 gegenüber. Schon dort heißt es: Alle Welt klagt schreibenden Kollegen
416 1449 1670 1586 Zum erstenmal: „Fink und Fliederbusch“, Komödic in drei Akten von
890 1531 1236 1615 Artur Schnitzler—
1667 1534 3336 1603 über den Journalismus und jeder möchte ihn für sich benutzen. Gegenteil: Kollegen h
981 1567 1117 1642 Won
1657 1569 3340 1655 Und das ist es: jeder klagt, viele schimpfen, suchen nach der Außenstehenden. M
1656 1619 3318 1701 Wurzel ihrer Abneigung, glauben sie zu kennen, zu erkennen, Journalisten kaufen,
796 1604 1316 1708 Leopold Jacobson.
1656 1658 3344 1750 meinen, daß sie sich abseits vom Journalismus stellen dürfen! Energien rege sind, i
517 1676 3347 1744 Wenn Artur Schnitzler der Erstbeste wäre, nur so ein und können, und dennoch ist ihnen die Zeitung letzten Endes doch Korruption nicht imm
413 1720 1673 1821 Hundwerker des Schristtums und nicht ein geistiger Schrittmacher,
1672 1761 3342 1852 immer der Impuls des Zeitgeschehens und Zeitempfindens; von Menschenköpfen die Z
402 1786 1670 1862 der Wort und Ansehen hat, dann ließe sich die Geschichte mit
1662 1810 3347 1908 ihr empfangen sie ihn oder geben ihn ihr selber, gehen mit ihr anders; wo Persön
412 1826 1676 1910 einem Achselzucken abtun, mit einem überlegenen Lächeln, viel¬
1656 1860 3328 1957 oder gegen sie. Nicht deshalb, weil es bedrucktes Papier ist (oder scheidet, doch der
416 1878 1662 1984 leicht mit Spott. Bei Schnitzler wird man aufmerksam, prüft,
1658 1905 3129 1981 im schlimmen Sinne: als Sättigungsmittel für Neuigkeitenhunger), geleugnet,
3153 1923 3291 1990 daß
406 1915 1326 1988 fragt und mißt die Tat an den Erkenntnissen.
1650 1955 3338 2038 sondern aus dem einfachen Grunde, weil hier geistige Kräfte frei= verschieben. Aber es
511 1989 1662 2058 Vorweg: das Stück ist mißraten, ist überhaupt kein Stück
1661 2010 3348 2093 gemacht werden, gleichgültig, ob sie nun aus Einzel= oder Journalismus Märt###
397 2017 1668 2106 von Schnitzler, sondern erst der Plan dazu, — aber sein
1667 2046 3343 2139 Massengehnnen stammen. Erst als die Zeitung anfing, dem nur Schreibbeamte sieh
405 2084 1665 2159 Gedankenbild macht stutzig. Schnitzler bringt nicht nur Journalisten
1665 2094 3342 2187 Industrialismus, dem Unternehmertum zu verfallen, schien sie ein hat das Problem ein
405 2129 3318 2231 auf die Bühne, sondern gleich den ganzen Journalismus und Problem zu werden. Man hat den Schreibbeamten mit dem Rademacher in den „I
397 2173 3335 2272 exemplifiziert dann die Idee durch ein paar Figuren, die Journalisten in einen Topf geworsen, weil das Seelische mit der seine ganze Kraft
403 2213 3338 2317 sich zur Sache stellen wie: Gelebtes zu Gedrucktem. Was dem Metier gewissermaßen verschmolz. Aber ein anderer kluger unb nie dazu kam, se
403 2261 3331 2366 dazwischen liegt und darüber hinausgeht, war sonst dem Journalistenpsychologe, der gute Augier, der uns so schmeichelhaft Ruhmloser unter den
392 2302 2889 2416 Tief= und Fernblick dieses Dichtermenschen nie entgangen. die Unverschämten“ nannte, wußte ganz gut, daß es für das
2886 2355 3344 2425 nalisten, auf dessen Rü
403 2356 1663 2442 Hier aber zeigt sich ganz überraschend ein klägliches Scheitern,
1649 2382 3337 2468 Wesen der Dinge ganz gleichgültig ist, ob die Ueberzeugung vor immer nur der Schem
390 2411 1665 2491 nicht an der letzten Erkenntnis — so hoch soll die Forderung gar
1650 2430 3338 2527 der Schlacht oder während der Schlachten kommt. (Während der dabei ist es gleichgültig
399 2465 3313 2516 nicht eist gespannt sein! —, nur ein Scheitern an der Formulierung Schlacht ist sie immer vorhanden.) Es kommt dann nur auf den oder Kunst handelt.
397 2509 2475 2600 von Sinn und Inhalt dessen, was ihn zur Ausdeutung reizte. Betrachter an, wie er sich das ausdeutet.
2980 2547 3346 2621 Schnitzlers Jour
398 2547 1659 2634 Es ist nicht das erste Journalistenstück, das geschrieben wurde,
1757 2584 3342 2664 Artur Schnitzler macht es sich leicht. Er sieht die Neben= drehen den Mantel na
395 2597 1649 2677 wahrscheinlich auch nicht das letzte, aber es ist das künstlerisch
1638 2607 3348 2732 erscheinungen und übersieht die Hauptsache. Die Nebenerscheinungen Er finder in seiner
396 2655 1660 2720 gehässigste. Auch andere Journalistenstücke waren gehässig, aber sie
1646 2670 3338 2771 sind das Unterhaltende, aber sie zeigen ihm ein falsches Bild. sagen wir künstlerische
397 2692 3329 2799 wollten so sein. Bei Schnitzier kommt jedoch diendenz nicht Genau so„ wie eine Stirnlocke, ein Samtjackett mit Haarschuppen selbst wenn er wollte,
396 2743 3338 2854 aus der Absicht, sondern aus einem lockeren Komödieneinfall. Um auf dem Kragen noch nicht den Dichter richtig darstellen. Er nicht brauchen. Den
395 2787 2883 2903 ihn möglich zu machen, brauchte er eine geistige Umwelt, die sich zeigt ein halbes Dutzend Journalisten: jeder ein schwacher
2880 2837 3316 2907 konstruiert wie die Fi
396 2849 2883 2945 ebenso weit von der Wirklichkeit entsern“, wie sie dem Einfall Charakter, ein Einerseits=Anderseits=Mensch, jeder nur Zeitung,
389 2868 856 2957 selbst näher kam.
2878 2883 3310 2944 junges Bürschchen ist
883 2878 1219 2955 Jeder Stand
1200 2901 2887 3003 hat seine Ehr',nicht Persönlichkeit, die ihren eigenen Ausdruck findet oder geben
2877 2939 3337 2996 zeitung als Berichterstat
397 2940 2884 3043 jeder seine Lumpen, seine Schwachköpfe, seine Pelikane, seine kann. Falsch, Herr Schnitzler. Das sind, meinetwegen, Unter¬
2861 2961 3340 3042 dem Namen „Fliederbus
390 2988 2869 3083 Kompromißler. Auch die Journalistik, der freieste aller freien Be=stöne des journalistilchen Betriebes. Aber die Obertöne,
2866 3036 3330 3100 „Fink“ für irgendein ih
387 3038 3327 3083 ruse, zeigt Erscheinungen aller Art. Aber mit dem Wesen, mit die Zwischemöne sind anders. Man schwenkt vorkonservativer Richtung.
390 3079 3344 3145 der ethischen und der öffentlichen Idee, von der der Journalismus! dem Chefredakteur nicht ein wie ein Unteroffizier gegen den Adel und die
