3344 4320
354 198 1416 260 mit den ihm so geläufigen Marionettenspielen
354 236 1406 302 des Todes und der Liebe — sein satirischer Sinn
361 283 1413 358 war auf ganz anderes gerichtet, auf die Verullung
368 336 1411 416 gewisser bedauerlicher Übelstände im modernen Zeitungs¬
364 391 1399 460 wesen, die ihm als ebenso lächerlich wie traurig er¬
366 433 1422 514 schienen, jedenzalls als bekämpfenswert. Schade, daß
370 485 1423 559 er nicht genauer kennt, bloß dürftige und lückenhafte
358 533 1418 617 Eindrücke von dem gewonnen hat, was er temperament¬
370 602 1407 662 voll zu parodieren beabsichtigt. Ein blutjunger Jour¬
367 653 1408 716 nalist des Namens Fliederbusch, vielleicht ein Talent,
368 714 1409 762 keinesfalls ein Charakter, ist bescheidener Mitarbeiter,
374 741 1417 817 Parlamentsberichterstatter der freiheitlichen Tageszeitung
379 784 1418 873 „Die Gegenwart“, die die Interessen des Bürgertums ver¬
357 839 1413 905 tritt. Das hindert den unedlen Jüngling jedoch keines¬
368 877 1424 965 wegs, in dem konservativen Wochenblotte „Die elegante
369 937 1417 1010 Welt“ unter dem Decknamen „Fink“ die feudalsten
373 1002 1418 1061 politischen Anschauungen mit Eifer zu vertreten. Der
377 1029 1431 1113 famose Herr hat zwei Tintensässer, ein rotes
373 1088 1429 1165 und ein blaues. Seine Frivolität und Gesinnungs¬
377 1132 1430 1221 losigkeit geht so weit, daß er mit sich selbst
375 1207 1428 1263 heftig und erbittert zu polemisieren anhebt. Fink
1033 1233 1439 1317 Fliederbusch greift
375 1251 1036 1323 schreibt gegen Fliederbusch —
385 1289 1431 1364 Fink an. Zwei niedrige Seelen wohnen in derselben,
383 1343 1437 1420 Brust. Die beiderseitigen Kollegenschaften finden,
383 1387 1415 1456 daß der leidige Zeitungszwist bereits Formen ange¬
370 1434 1419 1521 nommen habe, die in das persönliche Gebiet hinübergreisen,
379 1489 1437 1558 daß beleidigende Ausbrüce gesallen seien, die aus
369 1543 1433 1617 im ritterlichen Zweikampfe mit der Schußwaffe in
372 1569 1440 1653 der Hand vertreten werden können. Der Autor des
379 1629 1423 1697 Stückes übersiedelt nun eiligst mit seinem zusammen¬
378 1682 1432 1759 gerafften satirischen Gepäck auf ein anderes Gebiet
381 1730 1420 1802 und nimmt das Duellunwesen aufs Korn. Der Zwei¬
372 1796 1427 1853 kampf wird, wenn, wie hier, die beiden Gegner nur
375 1827 1436 1900 einer sind, als Selbstmord ad absurdum geführt. Um
385 1870 1441 1952 dieser einen bescheiden spaßhaften Situation und Pointe
383 1933 1432 1994 willen wird der bedrückte Zuhörer zweiundeinhalb Akte
385 1992 1424 2047 — ach wie lange, unendlich gesprächige Akte! — hin¬
372 2032 1445 2110 durch bemüht. In keinem Falle soll Schnitzlers Kunst
386 2082 1437 2158 unterschätzt werden, die es doch dahin brachte,
380 2137 1433 2198 den unergiebigen und unerquicklichen Stoff so lange
387 2168 1440 2246 hin und her zu wenden, zu drehen, zu strecken, zu
385 2241 1438 2306 dehnen, zu zerren, bis er endlich einen Theaterabend!
390 2280 1421 2357 füllte, aber es wäre doch viel besser, jedenfalls unter¬
388 2337 1439 2396 haltender gewesen, wenn er lieber — ein ganz anderes
394 2391 1439 2455 Stück geschrieben hätte als dieses unlustige, dessen
389 2435 1437 2498 man an keiner Stelle so recht von Herzen froh wird,
383 2498 1441 2548 dessen Satire nicht trifft, weil sie nicht zutrifft, und
397 2516 1442 2608 dessen sittliches Pathos durch possenhafte Voraus¬
394 2588 1432 2655 setzungen um alle Würde gebracht ist. Eine mit mora¬
1090 2607 1443 2705 — eine mit Un¬
393 2635 1075 2707 lischen Tendenzen beschwerte Posse
391 2693 1392 2743 wahrscheinlichkeiten aufgeputzte Gesellschaftskomödie —
390 2706 1441 2798 ein Tendenzstück, das zur Farce ausartet! Somit weder
404 2786 1437 2851 Posse noch Gesellschaftskomödie noch sonst irgend
1030 2830 1447 2899 Herr Edthofer:
405 2837 967 2911 etwas Rechtes und Ganzes.
405 2862 1440 2958 gab dem traurigen Doppelhelden etwas von der
396 2927 1439 3008 sympathischen Anmut seiner eigenen Natur; er milderte,
399 2975 1454 3047 wo und wie er konnte, die Dreistigkeit durch schalk¬
412 3014 1446 3105 hafte Spitzbüberei. Ganz meisterlich war Herr
402 3078 1454 3154 Thaller als alter Aristokrat, den die Spielschulden
849 3129 1443 3200 — zur Zeilenschinderei ver¬
407 3137 851 3209 zur Zeitungsschreiberei
401 3190 1443 3266 schlagen haben. Frl. Waldow spielte eine vor¬
401 3223 1453 3308 nehme Dame wahrhaft vornehm, dabei wienerisch
400 3294 1457 3358 liebenswürdig. Die Kombination von Herablassung
404 3339 1443 3408 und Zurückhaltung gelang ihr überaus fein. Einen
405 3400 1439 3458 geistreichen Grafen, dem alles zum Sport wird,
411 3450 1439 3512 sprach und spielte Herr Kramer mit eleganter
408 3501 1449 3556 federnder Leichtigkeit und Geschmeidigkeit. Herr
404 3551 1446 3616 Forest hatte als eiliger, schusseliger Reporter,
391 3606 1441 3669 als überheizter Schmock großen und verdienten
403 3649 1443 3718 Erfolg. Die übrigen Rollen, vom Verfasser
400 3701 1438 3750 recht kärglich bedacht, waren mit den allerersten und
403 3758 1442 3812 glänzendsten Kräften des Hauses besetzt worden, die
401 3807 1447 3858 sich selbstlos und opferbereit in den Dienst des von
395 3856 1448 3917 Herrn Dr. Schulbaur geschmackvoll und umsichtig
404 3903 1441 3969 geleiteten, tadellos klappenden Zusammenspieles stellten.
389 3963 1443 4017 Der anfangs lebhaft einsetzende Beifall ermattete von
398 3996 1439 4056 Akt zu Akt mit dem erlahmenden Stück. Der Dichter
394 4047 1433 4113 wurde gleichwohl wiederholt vor die Rampe geklatscht.
2658 1571 2939 1671 Tg·
1949 1553 2749 1717 URESDNER ANZEIGee
1946 1823 2080 1875 —e T
1916 1849 3020 1955 Arthur Schnitzlers neué Ihmodie Fink und
1899 1892 3014 1989 jederbusch im Wiener Deutschen
1837 1927 3017 2023 Velkstheater nur einen mittelmäßigen Ofolg gehabt. Das
1845 1959 3026 2074 Stick bebandelt Zeitung und Zeitungsleute ohne besondere
1841 1991 2598 2100 Ehenart und volle Überzeugungskraft. 1
2448 2449 2732 2538 61941977
2209 2598 2879 2725 Vesasche Zoitsug, Berlte
2954 2710 3008 2774 —
1850 2675 3088 2823 Archur Schninlerdnene Komödie „Fink und Flie¬
1792 2742 3074 2883 [T verbasch“ hat, wie unser a. p.=Borichterstatter aus Wien
1835 2814 3069 2928 drahtet, im Deuschen Volkstheater mäßig angesprochen.
1807 2845 3064 2965 Das Stück behandelt das Thema Zeitung und Zeitungsleute mit
1798 2912 3062 3022 lanstem Sarkasmus, es hat einen spaßigen Grundeinfall, aber nicht
1795 2945 3074 3072 den Mut zu herzhafter Lustigkeit. Im Bestreben vornehm zu
1789 3004 3056 3129 # bleiben, wird die Komödie saftlos, die Schilderung des Zeitungg
1846 3018 2433 3125 nsbiauts geriet wenig originell.
1790 3077 2976 3207 #a .
