3392 4256
275 111 1576 207 27. Einkund Fljederbusch
406 592 512 664 403
1173 612 1491 669 Echo der Bühn
371 738 1409 790 das Milieu ist kleinlich, wo man es doch weit und aus¬
374 783 833 838 greifend erwarten mußte.
447 820 1415 871 Ein Stück, das einen ganzen Stand vorführen will,
367 869 1417 906 muß ihn erschöpfen, insofern wenigstens, als es Ver¬
368 906 1404 950 treter verschiedenster Gattung desselben vorführt. Hier
365 951 1412 988 haben wir wohl Leitartikler, Kunstkritiker, Lokalreporter;
366 987 1413 1040 doch sie alle gehören in die tiefste Kategorie der Lohn¬
364 1026 1398 1087 schreiber, ihre Gesinnung ist durchweg niedrig, sie ver¬
371 1065 1414 1122 achten sich und ihren Beruf, kein Ollendorf oder Bolz
371 1107 1408 1152 findet sich unter ihnen; daß es derartige Eristenzen
374 1151 1402 1197 gibt, wird niemand bestreiten, und es ist Schnitzler
365 1190 1412 1236 gewiß nicht eingefallen, zu behaupten, er habe in seinen
368 1225 1407 1267 Figuren die gesamte Welt der Presse wiedergegeben;
371 1265 1399 1309 aber, da er nicht ein einziges Lichtbild seinen dunklen
368 1302 1399 1341 Ehrenmännern gegenüberstellt, erweckt er den Anschein
371 1343 1413 1396 einer Verallgemeinerung, die ihm ferne gelegen. Und
361 1385 1411 1435 gerade sein Held und was er erlebt, hätte dringend
358 1419 1412 1463 einer hellen Folie bedurft. Die Fabel seines Stücks wäre
369 1461 1408 1509 wohl zu einer Groteske wirksam auszugestalten gewesen.
365 1501 1408 1541 Der kleine Fliederbusch, Parlamentsberichterstatter des
358 1530 1401 1581 Blattes, ein unbevenklicher bel am der Journalistik,
371 1582 1413 1631 liefert unter dem Namen Fink an ein bedenkliches Wochen¬
363 1617 1403 1667 blatt, „Die elegante Welt“ einen Artikel über eine Rede
371 1653 1420 1717 des Grafen Niederhof und repliziert in heftigster Weise
365 1694 1407 1752 auf ihn in der Gegenwart", fähig, rechts und links
365 1730 1395 1779 zu schreiben, wie seine Ahnherrn Schmock und Giboyer.
364 1769 1409 1809 Er tritt in enge Verbindung mit dem kleineren Blatte,
375 1812 1404 1868 das sich in Händen der katholischen Partei zu einem großen
379 1852 1412 1891 Tageblatt ausgestalten soll, und gewinnt persönliche Füh¬
365 1891 1401 1935 lung mit ihrem Führer, dem Grafen, und einer einfluß¬
371 1939 1411 1984 reichen Fürstin. Aber sein Angriff war zu heftig, der
373 1980 1408 2019 ritterlich sich gebärdende Sohn des Herausgebers der
369 2012 1408 2055 „Eleganten Welt“ fordert, daß Fink sich mit Fliederbusch
367 2071 1407 2107 schlägt, er kann nicht auskneifen, und muß seine, wohl recht
374 2090 1408 2129 unwahrscheinliche Doppelrolle festhalten, bis zum Duell,
372 2133 1412 2171 das erst die in seiner eigenen Person vereinigte „Identität
365 2178 1410 2225 der Gegensätze“ enthüllt und ihm schließlich eine glän¬
372 2212 1408 2259 zende Stellung bei dem vom Grafen neubegründeten
381 2250 1409 2303 großen Zeitungsunternehmen verschafft. Das wäre eine
369 2286 1413 2331 wirksame komische Situation, nur müßte sie drastischer
366 2324 1422 2376 gebracht werden. Aber das Stück ist in Rede und
365 2365 1416 2417 Gegenrede leblos, die Menschen sprechen aneinander vor¬
361 2404 1403 2454 bei, sie sind nur gedacht und konstruiert, Begriffe, nicht
373 2451 1416 2498 Wesen, das Wort ist nirgends Fleisch geworden, selbst
378 2486 1409 2526 die sichere Technik versagt mit den zahlreichen Monologen
375 2520 1412 2565 des Helden, alle Welt doziert, selbst der Graf, der aus¬
375 2563 1412 2606 führlich Ibsens Lehre von der Überflüssigkeit der Ideale
365 2605 1409 2647 in etwas anderer Form predigt, wenn er Überzeugungen
363 2644 1415 2697 als verschwendete, sentimentale Nebenzwecke und Surrogate
373 2682 1410 2730 hinstellt.. Keine Figur in dem Drama, die sich nicht in
362 2731 1427 2779 ähnlicher Weise selbst negierte, und zwar, das ist das
377 2757 1412 2801 schlimmste, schwach negierte. Es fehlt, wie bei Schnitzler
370 2797 1409 2842 selbstverständlich, nicht an manchem feinen Worte, an
368 2842 1415 2899 treffend beobachteten Figuren; namentlich der herabge¬
376 2874 1401 2921 kommene, aristokratische Journalist, der vielgeschäftige
366 2916 1410 2954 Theaterstückfabrikant und wohlvorbereitete Nekrologist sind
372 2957 1422 3003 sehr hübsch intentioniert, aber auch ihnen gebricht Fülle
363 3004 1409 3052 und Ausdruck, sie sind Idee und Absicht geblieben, wie
372 3036 1415 3087 das ganze Werk, das sich von einem kleinen Einfall
365 3078 1413 3129 zum andern mühsam weiterhilft. Daß Schnitzler auch
365 3123 1408 3170 hier wieder seinen unbeirrbaren Geschmack zeigt und seine
369 3162 1408 3212 Dialoge meist sicher an den Klippen der Gemein¬
371 3203 1409 3248 plätze und Banalitäten vorbeisteuert, sei nachdrücklich
376 3239 1404 3288 betont. Mit Übermut und Keckheit wäre der Stoff
372 3276 1408 3332 wohl zu bewältigen gewesen; tiefer, sittlicher Ernst
377 3324 1417 3373 hätte ihn von einer anderen Seite ergreifen können.
369 3344 1413 3411 Indem Schnitzler sich weder für die eine noch
368 3391 1403 3434 für die andere Behandlung herzhaft entschied, schwankt
373 3433 1417 3486 sein Stück in Inhalt wie in Form. Gewiß kein Unglück
368 3480 1416 3535 bei einem so echten Künstler, der leicht die Scharte aus¬
382 3512 1415 3552 wetzen wird; aber eine Freude hat er seinen ehrlichen
362 3554 971 3619 Freunden diesmak nicht bereitet.
845 3585 1380 3664 Alerander von Weilen
1646 110 2167 213 box 33/1
2038 523 2768 623 Krakgner Zeitung, Krakau
2188 633 2695 725 E
2469 763 2832 859 10. 2. 1973
1922 826 2956 922 Fink und Fliederbusch“, Komödie in drei Ak¬
1859 901 2944 957 tey von Arthur SchnitzlenBarlin 1917. S.
1859 951 2945 1014 Iyscher Verlag. — Ber Ger Erstaufführung im Wie¬
1869 994 2945 1039 ner Deutschen Volkstheater hatte das Stück nur
1867 1045 2946 1111 einen Achtungserfolg und ein großer Teil der Wie¬
1866 1079 2944 1153 ner Kritik fand nur Tadel. Es ist möglich, daß
1860 1143 2936 1208 man von einem neuen Schnitzler zu viel verlangt,
1867 1176 2935 1254 und daß die Komödie einen großen Erfolg gehabt
1861 1216 2936 1301 hätte, wäre ihr Verfasser ein Neuling oder einer
1861 1267 2940 1333 unserer weniger berühmten Schriftsteller gewesen.
1859 1311 2933 1397 lch halte aber diesc subjektive Beurteilung für
1867 1360 2937 1435 ungerecht und finde das Stück, dem man nur den
1866 1407 2921 1468 Vorwurf machen kann, daß die Fabel nicht ur¬
1861 1458 2927 1537 eigenster Erfindung Schnitzlers ist, in der Lektüre
1859 1500 2936 1576 sehr amüsant, weil es einige ganz hervorragend
1862 1547 2924 1626 gezeichnete Typen von Journalisten bringt. Es
1851 1604 2930 1663 mag auch das der Grund für die ablehnende Hal¬
1851 1644 2937 1726 tung der Wiener Kritik gewesen sein, da cs wohl
1849 1689 2931 1753 für manchen nicht angenehm war, sein getreues
1857 1736 2925 1815 Spiegelbild zu sehen. Man hat ja auch Gustav
1851 1781 2928 1860 Freytag lange Zeit den Schmock nicht vergessen
1849 1822 2931 1920 und so wird auch Herr Fliederhusch lange Zeit
1851 1877 2925 1951 den Preßicuten ein Dorn im Auge sein. Der un¬
1853 1914 2931 2006 parteiische Leser aber mag sichfreuen, daß
1849 1974 2940 2062 Schnitzler in der ernsten Kriegzit ein so lusti=
1839 2020 2415 2096 ges Bich geschrieben hat.
2734 2027 2876 2109 P. E.
1892 2563 2748 2653 Penz #., cnpra
1810 2624 2580 2722 Gnese S
1851 2686 2153 2801 22 1061918
2294 2736 2853 2836 Ceteren
1887 2873 2977 2981 „Fink und Fliederbusch“. Komödie v. Artbur S##l
1754 2911 2273 3000 S. Fischer Verlag, Berlin.
1888 2961 2970 3027 Arthur Schnitzler vermag immer etwas zu sagen, auch wenn
1762 2995 2966 3059 eer, wie in dieser Komödie, die Gesinnungslosigkeit eires gewißen
1766 3058 2948 3109 Journalismus lobpreist. Fink und Fliederbusch, das ist der
1763 3104 2946 3140 Mann, der sür und gegen sich schreibt. Dazwischen liegt eine
1772 3124 2955 3178 autgesehene Geschichte der Korruption unserer Zeit. Um voll
1766 3165 2955 3212 wirken zu können, etwas zu weitschweifig, zu viel Detailarbeiten.
1764 3214 2947 3259 In den paar Großstädten wird diese Komödie wirken, wo man
1763 3244 2933 3289 Zuhörer hat, die hinter den Kulissen gewöhnt und befählat find
1759 3281 2948 3340 Sie werden schmunzeln. Die große Menge wird ein bischen
1761 3326 2957 3380 gelaugweilt von Arthur Schnitzler wünschen, daß er mehr
1762 3357 2047 3416 erotisch wirke.
2771 3374 2942 3457 S
