3392 4320
1725 184 2181 283 box 33/4
262 196 1582 295 27. Einkund Friederbuscn
1925 860 2097 936 erschau
2564 867 2791 942 Seite 53
1961 996 2106 1058 mödie
2118 1000 2813 1057 „Frau Warrens Gewerbe“
1963 1042 2813 1111 und Wildgans' erotische Ballade
1965 1087 2816 1163 „Liebe', die freilich seither nicht über¬
1959 1147 2777 1219 zeugender geworden ist, zur Aufführung.
2069 1194 2816 1264 Bernau wird dem Volkstheater endlich
1962 1247 2806 1303 Physiognomie geben, ohne ihm Gewalt an¬
1978 1300 2820 1354 zutun; es gehört nämlich zu den Lügen des
1964 1347 2812 1409 Wiener Feuilletons, daß man dieses bürger¬
1969 1385 2817 1457 lich-allzubürgerliche Theater zu einem großen
1964 1438 2818 1501 Theater aufstacheln könne. Es soll und wird
1966 1484 2813 1550 Wiens Amusierbühne bleiben; zu regulieren
1970 1546 2821 1600 ist nur sein Niveau. Es kann gar nicht hoch
1972 1593 2827 1647 genug sein! Zur Lehre und Erkenntnis
1966 1641 2801 1697 diene jenen Kritikern, die aus dem Volks¬
1963 1692 2808 1740 theater eine mondäne oder, besser gesagt:
1972 1731 2798 1784 hysterische Küche dramalischer Retortenpro¬
1962 1783 2812 1841 dukte machen wollen, der Erfolg der drei
1961 1840 2805 1899 Einakter Felix Saltens „Kinder der
1955 1886 2807 1940 Freude“. Die Art mag einem im allge¬
1958 1934 2810 1997 meinen und besondern zuwider sein: das
1959 1982 2802 2048 Können, das in ihnen steckt, ist nicht zu
1962 2029 2806 2109 leugnen. Die solide, sichere Theaterarbeit
1956 2081 2804 2147 bewährte sich und schuf Erfolg. Alle drei
1964 2126 2810 2202 Stücke sind nichts mehr als gute Einfälle;
1963 2176 2815 2244 sie sind schon in der Form ganz auf
1963 2228 2804 2300 Schärfe und Eleganz der Sprachkunst ge¬
1963 2285 2804 2339 stellt; darin aber gepflegt, virtuos, wir¬
1967 2329 2806 2381 kungssicher. Drei dialogisierte feuillekoni¬
1954 2383 2804 2433 stische Skizzen, in der Manier Artur Schniß¬
1960 2426 2812 2497 lers zu artigen dramatischen Vorspiegelun¬
1958 2483 2235 2547 gen gestaltet.
2050 2513 2799 2592 Dabei ergab sich, daß diesmal der
1955 2575 2810 2630 Nachahmer glücklicher im Erfolge war als
1953 2626 2809 2688 der Originale. Artur Schnißlererschien
1950 2667 2800 2730 mit einem angeblichen Journalistenstück. Es
1953 2729 2811 2776 war ungemein poelisch benannt: „Fink
1953 2787 2806 2841 und Fliederbusch" und war doch von
1955 2819 2803 2894 einer Dürre der Lebensanschauung, Enge
1954 2874 2800 2937 des Gesichtskreises, daß es — in Anbetracht
1955 2922 2814 2992 der Autorschaft eines so raffinierten Autors
1951 2973 2799 3031 wie Schnitzler — als Natur- und Schulbei¬
1957 3021 2799 3101 spiel des Danebengreifens angesehen werden
1957 3075 2087 3129 kann.
2043 3099 2795 3183 Die Vorliebe Schnitzlers für über¬
1947 3171 2784 3219 spitzte psychologische Probleme — ein Jün¬
1959 3219 2792 3278 gel arbeitet unter den angenommenen Na¬
1949 3270 2805 3326 men Fink und Fliederbusch bei einem
1954 3321 2800 3375 „Adelsblatt“ und bei einer jüdischen Zel¬
1941 3364 2804 3433 tung mit — kommt auch hier zur Geltung;
1943 3433 2808 3480 ja, sie nimmt einmal einen nicht sexuellen
1187 3348 1941 3484 lice denchen d.
1053 3466 2805 3527 spiele Bernhard Shaws beste Ko. Vorwurf auf. Aber der Autor versagte
