3392 4352
250 203 446 302 27.
1714 195 2181 297 box 33/4
444 211 1564 303 Eink-und Friederbusen
1236 659 2244 754 Hans Teßmer, Der Redakteur in der modernen Literatur
1745 783 2790 881 Gerichte, welche Satan für die Neuesten kocht, in den
677 818 1729 911 der die Dichtungen der weit über hundert bekannten
1747 871 2791 933 allerkleinsten Bissen durchkosten, darum müssen Sie
687 876 1733 946 und noch im Werden begriffenen Minnesänger aus
1743 914 2794 983 uns schon etwas zugute halten. Der tägliche Arger
680 931 1726 1002 vielen Winkeln hervorsuchte und sorgfältig zu einem
1748 964 2798 1028 über das Verfehlte und Schlechte, die ewigen Auf¬
689 978 1728 1044 Ganzen vereinigte, als eine Art wissenschaftlich=künst¬
2431 1008 2793 1080 das arbeitet in
1739 1029 2440 1095 regungen über alles mögliche, —
683 1029 1741 1101 lerischen Redakteurs anzusehen. Von ihm zum mo¬
1744 1081 2791 1137 dem Menschen. Zu Anfang ballt man die Faust,
685 1078 1603 1154 dernen Tagesredakteur ist ein weiter Weg.
1745 1125 2792 1178 später gewöhnt man sich, darüber zu spotten. Wer
762 1119 1733 1198 Die Zeitung als Kampfmittel, die Presse in ihrer
1746 1162 2791 1222 immer für den Tag arbeitet, ist es bei dem nicht auch
684 1176 1731 1243 Bedeutung für die Politik, den Redakteur als Ver¬
1748 1203 2798 1279 natürlich, daß er in den Tag hinein lebt?“ — Doch
691 1219 1741 1296 treter einer öffentlichen Meinung, als Typus einer
1757 1279 2801 1332 freilich: selbst dieser Versuch der inneren Deutung
683 1292 1727 1342 durch ihr Milieu und ihre beruflichen Aufgaben be¬
1750 1328 2805 1376 steht heute nur noch als ein ziemlich oft angewendeter
685 1327 1746 1388 stimmten Gesellschaftsschicht versucht eben Freytag
1746 1361 2798 1437 Gemeinplatz da. Und Freytags Stück verblaßt gegen¬
681 1372 1738 1459 in den „Journalisten“ erstmalig auf die Bühne zu
1742 1403 2799 1467 über den frischen Farben und geistreichen Abwand¬
690 1420 1748 1493 bringen. Von der klassisch gewordenen Figur des
1752 1444 2799 1522 lungen des zur Diskussion stehenden Themas in Arthur
685 1474 1734 1544 Schmock, der „nach jeder Richtung schreiben kann“,
1748 1503 2808 1567 Schnitzlers Komödie „Fink und Flieder¬
691 1525 1744 1590 abgesehen, zeichnet Freytag zwei verschiedenartige
1757 1550 2794 1629 busch“, die als= Bühnenwerk gleichermaßen Auf¬
693 1581 1753 1638 Typen des Redakteurs: Professor Oldendorf, den
1759 1600 2806 1680 sehen erregte, wie sie abgelehnt wurde. Grund für
691 1616 1743 1708 Leitartikler par excellence, und Bolz, den breitspuri¬
1758 1658 2805 1721 diese Ablehnung war — wie vielleicht auch bei ähn¬
686 1661 1741 1736 gen Alleskönner, wie er in der kleinen Provinzpresse
1765 1700 2796 1770 lichen neueren Stücken, die den Journalismus persi¬
691 1722 1749 1796 besonders begehrt ist. Oldendorf hat sich um
1760 1755 2807 1829 flieren — wohl nicht zuletzt in einer Verletztheit des
688 1770 1751 1839 nichts zu kümmern, als um die politische Nichtung
1773 1805 2810 1871 Standesbewußtseins der literarischen und Theater¬
693 1829 1742 1901 des freisinnigen Blattes, um die Verteidigung der
1762 1850 2806 1913 krntik zu suchen. Allerdings geht Schnitzler seinen
702 1867 1747 1946 hinter ihm stehenden Partei, und es werden, freilich
1759 1898 2809 1971 Gestalten und Problemen mit größerer Verve zu
705 1921 1749 1981 recht zahm, die inneren Kämpfe gezeigt, in die er einer
1760 1946 2820 2013 Leibe, als der Ahne des Journalistenstückes. Streug
696 1965 1749 2032 gegen seine besten Freunde zu führenden Wahlkam¬
1761 1998 2811 2059 unterschieden werden in der Nedaktion der Tages¬
705 2011 1752 2093 pagne halber gerät. Dagegen: Bolz, — er kann reden
1753 2039 2813 2121 zeitung „Die Gegenwart“ die Nessorts der Lokal=,
708 2065 1750 2138 wie ein Buch; seine Bibel ist das Konversations¬
1758 2104 2818 2159 Feuilleton= und politischen Redakteure; in ständiger
701 2110 1750 2193 lexikon; er ist immer fabelhaft beschäftigt, ständig
1765 2148 2826 2220 Witzelei hinüber und herüber werden die Nichtigkeiten
711 2164 1760 2235 auf der Suche nach Neuem, stets bereit, durch Lügen
1772 2194 2810 2270 jeder Sparte aufgedeckt, wird ihr Wesen in scharf
709 2234 1758 2281 eine winzige Notiz zur Staatsaktion aufzubauschen,
1760 2250 2812 2310 gesehenen Typen profiliert. Nur dann und wann
707 2261 1756 2344 nie verlegen um Auswege, wenn journalistischer Über¬
1771 2284 2826 2364 erhebt sich diese satirische Betrachtungsweise ins All¬
700 2305 1755 2391 eifer ihn in Sackgassen geraten läßt. Seine Moral
1775 2340 2835 2416 gemein=Menschliche des Berufs. Und auch bei Schnitz¬
704 2362 1762 2444 und sein Berufsbekenntnis, das er allen Mitarbeitern
1771 2403 2810 2456 ler ist das Nesultat dann ein negatives. Der Lokal¬
712 2406 1754 2487 predigt, lautet: „Es gibt so vieles, was geschieht,
1778 2438 2825 2509 redakteur Frühbeck verteidigt gleich in einer der ersten
709 2459 1767 2528 und so ungeheuer vieles, was nicht ge¬
1775 2487 2822 2553 Szenen seine Nubrik gegen jede andere; die seinige
711 2514 1761 2584 schieht, daß es einem ehrlichen Zeitungsschreiber
1773 2540 2820 2608 sei die unbedingt wichtigste. Und nun zählt er auf;
715 2562 1764 2630 nie an Neuigkeiten fehlen darf.“ Bolz ist immer
1768 2601 2833 2656 was er dort alles an interessanten und aufregenden
721 2615 1752 2680 „mitten drin“, ganz gleich, ob es sich um Politik,
1770 2647 2824 2710 Dingen bringt, z. B. auch „Wiederauftreten der
719 2658 1756 2727 Wirtschaftsfragen, um Angelegenheiten des Feuille¬
1770 2698 2832 2764 Reblaus“, — und kommt zu dem maßlos bornierten
719 2708 1767 2767 tons oder des lokalen Teiles handelt; überall hat er
1780 2731 2824 2800 Schluß: „Ja, wenn irgendwo im Namen der Politik
720 2761 1767 2838 seine Witterung, — und es ist unzweifelhaft richtig
1784 2795 2825 2861 gemetzelt oder geschändet wird, dann bilden sich auch
723 2812 1773 2869 und wahr, daß darin ein wesentlicher Bestandteil
1785 2858 2821 2907 die andern Leut' ein, sie interessieren sich für Politik.
710 2853 1760 2918 des geborenen journalistischen Talents zu sehen ist.
1777 2890 2831 2952 Aber das ist eben nur Einbildung. Nehmen Sie den
718 2899 1765 2968 Nicht zuletzt ist Bolz Geschäftsmann. Schmock beklagt
1778 2938 2835 3016 Ereignissen ihren trügerischen Parfüm von zukünf¬
717 2955 1767 3024 sich: „Mein Nedakteur ist ein ungerechter Mensch. Er
1779 2991 2842 3052 tiger Weltgeschichte, was bleibt übrig —? Die Reb¬
717 3003 1759 3066 streicht zu viel und bezahlt zu wenig.“ Auch das
1783 3044 2842 3104 laus.“ — Und der Chefredakteur Leuchter wird,
716 3045 1758 3125 gehört ja leider zum Beruf des leitenden Redakteurs;
1777 3102 2829 3161 gelegentlich einer Beratung mit seinen Redakteuren,
720 3106 1758 3167 der geschickte Notstift; der geübte Blick fürs Honorar¬
1775 3143 2834 3205 in wenigen Sätzen typisiert: „Der Artikel ist gewiß
720 3160 1761 3236 konto. Doch freilich: all das sieht heute, in den
1773 3190 2833 3254 kein Meisterwerk, er verrät sogar deutlich den An¬
715 3200 1767 3279 großen Städten wenigstens, schon wesentlich anders
1784 3237 2826 3310 fänger, aber — es ist Stellungnahme darin; und
721 3251 1772 3315 aus, als Freytags für damalige Zustände unerhört
1787 3291 2837 3348 wir haben Stellung zu nehmen, meine
727 3297 1774 3364 ironische Feder es zeichnete. Und all seine Satire scheint
1787 3334 2824 3407 Herren, besonders in einer politisch so bewegten Zeit.“
717 3346 1764 3413 heute schon recht trocken, beinahe oberflächlich gegen¬
1783 3388 2832 3454 Derselbe Leuchter (—schon im Namen beginnt, wie
714 3387 1769 3459 über den riesigen Ausmaßen, die der Journalismus
1791 3430 2833 3497 auch bei den übrigen Hauptpersonen des Stückes,
713 3448 1770 3507 als äußerlicher Faktor, aber auch als inneres Problem
1788 3480 2840 3541 Schnitzlers Satire —) spricht gegen den Schluß zu
723 3490 1777 3563 inzwischen angenommen hat. Nur ein einziges Mal
1792 3533 2842 3598 Fliederbusch, dem Demokraten, der sich selbst als
727 3538 1777 3620 steigt der Dichter in die psychologischen Gründe des
1789 3580 2841 3647 konservativer Fink (beim Konkurrenzblatt) gefordert
719 3589 1779 3651 Journalistentums; das ist im dritten Akt, wo Bolz
1790 3644 2832 3706 hat (— das Schmock=Prinzip auf die Spitze ge¬
725 3645 1785 3713 zu Adelheid sagt: „Wir Zeitungsschreiber füttern
730 3686 2854 3773 unsern Geist mit Tagesneuigkeiten; wir müssen alle trieben! —), das große Wort gelassen aus: „Wissen
