3344 4256
215 161 2136 284 27. Einkund Fliederbusch box 33/4
1237 642 1454 721 7 #ast
1184 713 1493 831 (
1581 824 1845 897 Das Neue
1009 837 1231 917 Seite 54
973 953 1833 1031 gänzlich. Das Motiv der Zweiseelen Theorie
981 1016 1832 1082 kommt zu keiner freien Gestaltung. Die
980 1057 1830 1138 bürgerlich-demokratische und die aristokra¬
975 1110 1832 1190 lisch-konservative Weltanschauung zeigen
988 1154 1836 1235 gleicherweise einen beängstigenden Grad von
990 1200 1841 1289 Albernheit. Gar nicht aus Tendenz, ledig
993 1257 1852 1344 lich aus einem verblüffenden Mangel n
998 1319 1428 1401 Gestaltungsvermögen.
1085 1348 1838 1418 Unter dem Pfeudonym Engel¬
997 1408 1840 1478 hardt erschien ein neuer Aulor. „Meinen
988 1454 1842 1522 Namen werdet Ihr nie erfahren; ich bin
986 1505 1846 1566 der Kaiser Josef!“ so ähnlich drückte sich der
990 1562 1849 1631 Herr Ministerpräsident aus, als er sich da¬
1002 1612 1851 1680 gegen verwahrte, mit Wilhelm Engelhardt,
1001 1639 1856 1721 dem Verfasser des Schauspieles „Durch
998 1707 1857 1781 Feuer und Eisen“, eins zu sein. Dieses
1007 1762 1847 1826 historische Schauspiel behandelt den be¬
994 1808 1853 1866 kannten Fluchtplan des Kronprinzen Frie¬
1007 1847 1853 1915 drich Wilhelm von Preußen und den Tod
1008 1907 1868 1972 des Leutnanks von Katte. Engelhardt erhebt
1009 1952 1861 2022 diese Episode des späteren großen Königs
1009 2015 1854 2062 in ideales Pathos. Das Feuer eines Schil¬
1012 2053 1863 2134 lerschen Jünglingsidealismus lodert in dem
1014 2096 1864 2181 Prinzen und in seinem edlen Freunde.
1011 2135 1870 2219 Wogen eines hochgehenden Don Carlos¬
1010 2196 1872 2275 Ethos durchdringen das Stück. Der Dichter
1011 2254 1868 2317 folgte der Geschichte ziemlich treu in der
1019 2293 1869 2382 Entwicklung der Handlung. Katte ist an
1011 2348 1860 2429 dem Fluchtplan des Prinzen insofern be¬
1025 2395 1877 2465 teiligt, als er sich für ihn opfert, auf sich
1024 2444 1869 2523 den Zorn und das Nasen Friedrichs I. ab¬
1014 2493 1869 2570 lenkt. Er stirbt, als deutscher Jüngling,
1016 2549 1875 2627 opfert eine Heldenseele seinem Freunde und
1029 2585 1876 2665 Preußens künftigem Könige. Prinz Friedrich
1024 2638 1870 2713 wird im Gegensatze zu seinem königlichen
1033 2688 1880 2775 Vater gezeigt. Die Parallele zu Philipp
1032 2736 1876 2817 und Carlos ist handgreiflich. Mit der Er¬
1024 2803 1881 2862 hebung und Läuterung zum künftigen star¬
1030 2855 1718 2923 ken Herrscher schließt das Stück.
1129 2866 1877 2964 Die fünf Akte sind ehrliches
1022 2933 1880 3015 Theater. Die Handlung wickelt sich
1027 2993 1884 3056 nicht in einer geschlossenen Entwicklung ab,
1024 3036 1877 3117 sondern bringt Bilder, die von außen nach
1030 3088 1892 3157 innen wirken. Spannung fehll keineswegs.
1039 3128 1880 3213 Manch kräftiges Wort schlägt ein; manch
1028 3191 1900 3256 schöner Gedanke leuchtet lange zurück.)
1041 3236 1889 3310 Dr. Ritler von Seidler brauchte sich nicht:
1035 3285 1892 3368 Wilhelm Engelhardts zu schämen. Und da er¬
1032 3348 1906 3411 ihm so nahestehen soll, wie jeder Dichten
1030 3331 2749 3445 seinem Stück aus Jugendjahren, brauchte botenroman in zahllosen Fortsetzungen an.
1897 3406 2741 3506 Alle „spannenden' Personen sind da: ein
1041 3440 1742 3534 er sein Drama nicht zu verleugnen.
3160 4088 3221 4143 W
