3344 4352
1630 198 2152 302 box 33/2
230 179 1627 317 27 Finkund Fliederbusch
2102 1115 3264 1191 Frank=au den Antien, die sich in Bord eines finkenden]
308 1134 3265 1222 bei den in Südtirol stehenden italienischen reich sich sehr eingehend m't der Möglichkeit! Schiffes begeben. Seine rückhaltslose Frei¬
294 1191 1307 1253 Trunnen faktisch keine Pianelinie mehr g'bt.
1288 1200 3254 1264 eines Durchbruches an der Westsront beschäftigt] mütigkeit bewe se, daß der Krieg sehr ernst
208 1231 1311 1296 1 4Die Pigvelipfe hätte nur dann als Verteidi¬
1289 1239 3274 1297 und einen solchen, wenn Hindenburg ihn will, fel. Der Schriftsteller Massingham schreibt,
306 1265 3312 1321 gunasknie gewählt werden können, wenn die keineswegs mehr mit so hochtrabenden Worten! er erinnere sich nicht selt Chamberlains Be¬
1292 1366 2275 1433 ist auch die theatralische Aktion erledigt. Alles
2273 1381 3253 1446 ginnt, als sie durch ein Telephongespräch hört,
406 1370 1222 1475 „Fink und Fliederbusch“.
1310 1413 2278 1469 weitere ist geistreiches Sviel und verliert sich
2268 1423 3270 1498 daß Schmoekchen sich duellieren will. Es ist für
1303 1459 2279 1513 aus dem Bezirk theatralischer Realitäten ins
2267 1462 3258 1528 die Komödie ganz nebensächlich, was diese Für¬
474 1453 1160 1543 Komödie von A. Schnitzler.
1307 1496 2283 1564 Gebiet des Erklügelten, die frische Quelle der
2275 1503 3254 1554 stin Priska für eine Rolle spielt, aber es ist
383 1517 1255 1583 Erstaufführung im Neuen Theater.
1298 1536 2285 1595 Erfindung versiegt und es bleiben nur noch
2274 1544 3261 1599 merkwürdig, wie diese oft recht lanaweilige Ko¬
1305 1573 2273 1633 geistreiche Gegensätze. Feinheiten der Diglogie,
368 1580 1307 1633 In der Reihe der dramatischen Milienstücke
2271 1583 3262 1635 mödie an Farbe und Leben gewinnt, wenn
1294 1606 2273 1673 flott gezeichnete Flauren. Ansätze zum Lustspiel¬
2277 1614 3249 1666 Schnitzler mit wenigen Worten, ganz skizzen¬
318 1608 1298 1678 is die Journalistik immer noch am besten durch
1305 1652 2269 1708 mäßigen, aber es gestaltet sich kein harmoni¬
2273 1658 3252 1725 haft, mit dem ihm eigenen Talent diese Frau
316 1652 1303 1715 Custav Freytag vertreten. Seit er seinen
1303 1696 2268 1749 sches Gebilde mehr. Dazu kommt noch die aus
2269 1691 3282 1748 in Erscheinung treten läßt. So verfehlt man¬
1304 1725 2265 1785 der liebenswürdigen Art Schnitzlers erklärliche
2264 1741 3251 1790 ches in dieser Komödie ist, so schwach die künst¬
322 1669 1302 1805 Schragsche det die eirichenecherauie lrien
1298 1768 2266 1827 Schen, einzelne Gestalten so hinzustellen, wie es
2267 1777 3250 1833 lerischen Reagentien und so falsch manche Fi¬
325 1763 1300 1827 sich wohl in der Publizistik für Tagesbedarf vie¬
1309 1804 2270 1864 ihre dramatische Psychologie und die Wirklich¬
318 1819 1308 1869 les geändert, die Schmocks aber sind sich gleich
2276 1815 3252 1868 guren geschaut sind, so sicher steht die Fürstin
1294 1849 2270 1905 keit bedingte. Wenn Schnitzler das Zeitungs¬
2274 1847 3257 1903 mit ihrer zarten mondänen Grazie inmitten der
314 1841 1309 1916 geblieben. Sie schreiben heute noch nach rechts
1294 1881 2266 1950 gebiet zum Gegenstand einer Komödie machte
2263 1889 3246 1963 schwankenden Gestalten der Zeitungsmenschen
316 1893 1307 1953 und nach links, sie sind heute noch dieselben Ge¬
1294 1932 2262 1984 so hätte er nicht gerade eine Schmockiade aus
2257 1929 3248 1992 von denen höchstens zwei als Typen, — auch
310 1922 1304 1997 sinnungslümpchen wie damals, aber — und das
1302 1972 2266 2024 dem Witz des doppelgängerischen Gesinnungs¬
312 1983 1299 2039 ist das Wesentliche — sie haben mit der Journa¬
2272 1966 3259 2037 wieder im neantiven Sinne — Anspruch auf
1294 2014 2269 2073 lumpen zu machen brauchen, um dessen journa¬
2268 2012 3259 2072 lünstlerische Vollendung haben: der Hanswurst.
318 2017 1301 2060 listik weiter nichts gemein, als daß sie Mit¬
1303 2053 2264 2097 listische Fähiakeiten sich die gegnerischen Ches¬
312 2051 1299 2115 läufer eines Berufs sind, der viel zu bedeutend
2270 2048 3260 2115 Kajetan, der Mann, der alles macht, am
1303 2083 2272 2146 redakteure am Schlusse reißen. Niemand mag
317 2102 1293 2150 und in seiner Wirksamkeit zu westreichend ist,
2272 2090 3259 2141 meisten aber Reklame für seine eigenen The¬
1298 2125 2267 2184 den Humor der Schnitzlerschen Komödie besser
2267 2132 3254 2177 aterstücke, eine Figur, die der Wirklichkeit ent¬
309 2131 1292 2191 als daß eine gewisse Hefe sich nicht auch in ihm
1294 2155 2266 2225 zu empfinden als der Journalist selbst das hin¬
2260 2169 3262 2232 lehnt ist, und der finstere Stor, der nieder¬
311 2174 1305 2233 zu Boden schlagen würde Arthur Schnit¬
1295 2205 2267 2250 dert aber nicht an der wahrheitsgemäßen Fest¬
2264 2205 3251 2260 gebrochene Arlstokrat, der sich zur Presse ver¬
317 2204 1304 2279 ler, von den Wiener Autoren derjenige, der
1301 2244 2262 2296 stellung, daß die drei Akte eine künstlerische Ent¬
2258 2233 3248 2312 irrte, dessen Schwänke vor Material bersten,
310 2242 1293 2303 dem Leben und seiner Zeit die interessantesten
1295 2287 2259 2339 täuschung sind, weil das eigentliche Wesen der
2255 2290 3249 2340 ein entschlossener Desperado, der Fink=Flieder¬
316 2282 1299 2343 Seiten und Gestalten abzugewinnen weiß, hat
1294 2322 2266 2381 Sattre verpufst und weil die geistreiche; ral¬
307 2328 1298 2394 die Umwelt der Journalistik, die für das große
2259 2318 3254 2400 busch durchschaut und Kapital aus ihm schlägt.
1288 2349 2268 2424 lele zwischen journalistischer und varlamentari¬
321 2363 1296 2426 Publikum beinahe so interessant ist wie das
2311 2375 3249 2438 Schnitzler hat in seiner Komödie das klassi¬
1297 2402 2258 2456 scher Ueberzeugungslosigkeit nach schärferen Mit¬
307 2394 1297 2469 *Theater, zum geistigen Fluidum einer Komödie
2265 2410 3245 2478 sche Vorbild Freytaas in keiner Weise erreicht;
1284 2427 2264 2494 teln verlangt, als sie der liebenswürdige Schnitz¬
307 2446 1294 2505 gemacht. „Fink und Fliederbusch“ sind in Per¬
2267 2453 3250 2524 indem er nur die minderwertigen Abarten der
1298 2468 2262 2525 ler anzuwenden für gut fand. Fink=Flieder¬
317 2488 1285 2534 sonalunion Schmock redivivus; nur hat Schnitz¬
2257 2500 3259 2559 Spezies schilderte, seine Satire auf halbem.
1285 2514 2264 2579 busch mag hingehen der Kerl wirkt komisch, weil
311 2517 1301 2591 ler, als er glaubte. aus einem guten Witz eine
2263 2532 3250 2595 Wege aber bremste und lediglich die Komik, sei¬
1287 2559 2259 2619 er für seine doppelte Moral und zwiefältige
310 2567 1289 2619 gute Komödie machen zu können, sich in den
2264 2579 3244 2639 ner Grundidee wirken ließ bereitete er eine be¬
1293 2595 2269 2661 Ueberzeugung eine pathologische Beaabung vom
315 2605 1291 2652 Voraussetzungen getäuscht, er hat neben das
2269 2617 3245 2673 dauerliche Enttäuschung. Die Rückwirkung auf
1291 2629 2260 2692 Autor mitbekommen hat. ohne die ja auch die
309 2634 1296 2703 Wesen der Leute getroffen, die angeblich ihren
2256 2651 3246 2711 das Publikum blieb nicht aus, der schätzenswerte
1293 2665 2266 2735 Duellgeschichte selbst als Farce undenkbar wäre;
314 2683 1290 2743 Beruf verfehlt haben und trotzdem am sausen¬
2259 2701 3235 2760 Name Schnitzler allein rettete den Abend eini¬
1285 2714 2265 2770 aber der fendale Graf Niederhof, der seine bru¬
308 2712 1287 2775 den Webstuhl der Zeit an der Gottheit leben¬
2266 2727 3234 2795 germaßen. Das übrige tat die Darstellung, die
1284 2747 2264 2800 tale Parlamentsrede über die Opfer eines mili¬
305 2756 1299 2815 digem Kleid wirken, denn er hat dem Publi¬
2256 2769 3236 2829 unter Direktor Hellmers Leitung bei vielen
1297 2799 2265 2853 tärisch niedergeworfenen Ausstandes nicht mit
304 2793 1298 2853 kum nur dle Neaative seiner Aufnahmen ge¬
2258 2810 3241 2876 glücklichen Einzelzügen einen vorteilhaften Ge¬
1284 2829 2267 2901 der Verantwortung seiner Ueberzeugung decken
312 2843 1284 2898 zeigt und die Bilder von einer falschen Platte
2260 2859 3229 2907 samteindruck auszulösen vermochte. Als Fink¬
1296 2859 2272 2940 kann. ist eine verfehlte Schönfung des Dichters.
305 2870 1289 2924 ahaezogen. Wenn der Parlamentsberichterstat¬
2265 2884 3237 2951 Fliederbusch wußte Graetz den Schmockcharak¬
1287 2902 2264 2969 Dagegen berührt es wie ein geistreicher Witz,
311 2921 1287 2964 tex Fliederbusch in der Redaktion der „Gegen¬
2262 2927 3241 2990 ter aus der Ueberzeugungstreue des Unbewuß¬
1278 2935 2258 3007 wenn das journalistische Chamäleon Fink=Flie¬
301 2949 1291 3009 wart“ plötzlich sein joernalistisches Talent in
2257 2973 3229 3035 ten abzuleiten, und da er sich auch sonst großer
1284 2985 2263 3050 derbusch derart in seiner Doppelrolle ansacht,
300 2988 1298 3059 einer Philipvika gegen Herrn Fink in der
2259 3007 3231 3067 Natürlichkeit und kluger Bescheidenheit beflei¬
1288 3029 2264 3092 daß er —— für seine Ueberzeugung sterben will.
309 3033 1289 3092 „Eleganten Welt“ offenbart und wenn Kollege
2257 3048 3226 3102 hiate, vermochte er starke Sympathien für sei¬
308 3071 1288 3128 Fink dann gegen Kollege Fliederbusch loslegt
1342 3079 2266 3142 In die mit lanem Sarkasmus geschilderte,
2254 3086 3226 3147 nen minderwertigen Helden zu werben. Einen
302 3115 1285 3170 und dabei doch ein und dieselbe Person ist, die
1286 3112 2262 3172 aber mit einigen guten Typen von Zeitungs¬
2255 3126 3231 3182 anschaulichen Charakter wußte Kner in dem.
314 3153 1290 3210 zuanterletzt sich selbst zum Duell fordern läßt,
1278 3158 2261 3212 leuten besetzte Journalistenkomödie ist eine
2263 3162 3220 3226 aufbrausenden, ehrlichen Leitartikler Füllmann
3212 3172 3321 3226 sing
313 3179 1296 3253 so ist das ein Einfall, der seiner humoristischen
1294 3191 2274 3251 Frau hineingezogen, eine Wiener Aristokratin, die
2253 3202 3318 3257 zu zeichnen, die beiden Chefredakteure der feind= die
296 3231 3313 3272 Wirkung auf der Bühne sicher ist. aber damit I sich für Fink=Fliederbusch zu interessieren be¬1 lichen Orgaue fanden in Großmann undl gei
607 3302 1219 3447 Ive- bent
792 3406 1307 3563 101P
