3344 4320
1302 262 1375 322 U
1424 253 1525 355 h
1609 247 2078 358 box 33/1
194 250 1457 354 27. Fink und Fliederbise
103 945 516 1057 .
104 948 526 1162 Zeitng Wück
1159 1208 1424 1294 S
1439 1199 1626 1297 ae
690 1237 3159 1384 Schreibt in der „Gegenwart“ demokratisch, in der „Ele=sprunghaft im journalistischen Marktwert. Auflösung des
104 1274 316 1379 eion.
698 1324 3159 1439 ganten Welt“ unter Fink, reaktionär. (Fink=Fliederbusch, Knötchens in allgemeines ironisches Wohlgefallen. Man
698 1353 1931 1451 man versteht, die gehören sozusagen biologisch und ästhetisch
86 1372 491 1475 kolkstheater.
1911 1396 2262 1477 geht frühstücken.
692 1415 1928 1509 zusammen.) Und polemisiert hann wieder, als Flieder¬
105 1449 714 1547 Fliederbusch“, Komödie
2011 1463 3157 1549 Chefredakteur Leuchter sagt einmal, am Schluß, zu
698 1471 1927 1551 busch, in der „Gegenwari“, gegen den Fink der
111 1516 580 1600 thur ScniL-
696 1519 1926 1600 „Eleganten Welt". Teilweise tut er das auch aus
1920 1487 3157 1596 Fink=Fliederbusch: „Sie haben ad absurdum geführt Ich
699 1563 1916 1641 journalistischem Temperament. Gewissermaßen: aus einem
1916 1561 3164 1628 meiß zwar noch nicht genau, was, aber Sie haben!“ Das
104 1570 705 1656 ien. Sie sind nicht liebevoll,
691 1613 1927 1701 Uoberschuß an geistiger Elastizität. Hier könnte die Komödie
1907 1606 3151 1690 paßt auch auf. Fink und Fliederbusch, die Komödie. Ihre
99 1634 708 1705 pshaft gesehen. Nur ziemlich
1912 1655 3155 1724 (sicher stichhältige) Höchstweisheit: das Leben, insbesondore
687 1660 1935 1736 ein Zeutimeterchen unter die Oberfläche führen. Der
106 1679 711 1767 es Essig. Aber, lächelt mild¬
693 1704 3153 1771 Dichter läßt aber dieses hübsche Charakter= oder besser: die Politik, ganz insbesondere die Zeitung ist eine dialek¬
119 1745 1499 1827 Charakter, Ueberzeugung, Charakterlosigkeitsmotiv ganz fallen.
1898 1751 3156 1835 itische Angelegenheit. Der Meinungsmacher, seinem Wesen
103 1773 716 1844 trakta zu eigentlichen Helden
1913 1800 3160 1882 nach, ein namenloses Individuum oder ein individuumloser
809 1791 1914 1875 Zweiter Akt: In der Eleganten Welt“ Gefügiges
106 1832 1913 1924 weg. Sie bestehen nicht vor serviles Tratsch=Wochenblatt. Eben im Begriff, klerikal und
1905 1829 3161 1922 Namen. Und: alles ist relativ. Besseres habe ich aus den
111 1878 1922 1987 Geist. In der Luft der Tageszeitung zu werden. Chefredakteur des Unternehmens
1909 1896 3161 1980 drei stellenweise ganz leer laufenden Akten nicht heraus¬
121 1922 711 1998 reErhabenheit zu eitel
1905 1948 3157 2020 gehört. Der fidele Grundeinfall entwickelt sich in's Breite
691 1947 1916 2032 heißt: Satan. Bizarrer Einfall, nicht? Ganz sonderbar,
106 1960 700 2042 enerisch=weiche Luft, versieht
1912 1986 3148 2074 und Dünnc. Etwas Elementar=Komisches scheint ja in ihm
698 1994 1897 2077 wenn man so im Text liest: „Satan (lacht höhnisch)“
99 2022 700 2108 ire ist gemütlich, die Lange¬
1915 2047 3151 2119 zu gähren, aber es wirft nur ein paar groteske
688 2041 1916 2113 Satan ist aber ein käuflicher Zeitungsmacher gewöhn¬
101 2069 351 2153 tKultur.
1900 2080 3147 2167 Blasen. Der richtige Mut zum Uebermut fehlt. Schnitzlers
681 2098 1918 2168 lichster Sorte. Sein Hauptmitarbeiter: ein herabgekom¬
1897 2135 3156 2222 literarische Noblesse bleibt nicht unmerkbar; den billigsten
107 2132 1921 2222 aktion der demokratischen mener Aristokrat Lump mit bitterer Philosophie, schreibt
1899 2183 3158 2251 Humoren auszuweichen, zu denen Zeitung, Zeitungs¬
107 2189 1922 2263 ngs=Auskocherei (für allejunter „Styx“. Fliederbuse erscheint. Er hat sich bei den
1901 2229 3157 2325 schreiber, Zeitungsbetrieb locken, hatte er doch nicht die
122 2241 3146 2369 rituellen Einschlag. Jour=adeligen Hintermännern der Zeitung durch seine Fink= Willensstärke. So bekam die Geistigkeit des Spiels ver¬
139 2299 1919 2373 =Treiben. Branche=Witze. Artikel bemerkbar gemacht. Wittert Korriere. Und will jetzt,
1906 2328 3143 2406 waschene Farbe; und die Schilderung blieb in einem dürf¬
104 2335 3149 2467 ter“ Er leuchtet nicht selbst, Fink, auf die Flegeleien des Fliederbusch gegen Fink, intigen Sarkasmus stecken. Von Tragik, Komik, Tragikomik
109 2382 1916 2458 st lächerlich temperamentvoll, der „Eleganten Welt“, antworten. Aber der junge Satan,
1909 2426 3149 2516 des Berufs spürest du keinen Hauch. Nur von seiner. Un¬
105 2439 1923 2511 tikel=Klein. Der Feuilleton=Kavalier, dringt auf Forderung, Duell. Fink hat nichts
1907 2472 3155 2550 appetitlichkeit dämmert dem Zuhörer ein Ahnen. Auch
110 2479 3149 2611 wertes an sich. Der Lokal=dagegen. Die Forderung wird, in Fliederbusch' Abwesen=technisch ist, die Komödie keineswegs auf Schnitzler=Höhe.
108 2526 1915 2609 g für Lokales. Kajetan, der heit, von den Leuten der „Gegenwart“ für den Kollegen
1902 2566 3152 2668 Es geht beim Hin und Her der Personen, bei Verwicklung
105 2579 1908 2656 de von einem zum andern, sangenommen. Furchtbare Bedingungen. Pistolen, drei¬
1890 2609 3145 2679 und Lösung ziemlic) gewaltsam zu. Und wenn diese Gewalt¬
99 2622 3153 2688 de weg, ist betriebsamlmaliger Kugelwechse mit Avance. Fink=Fliederbusch siehls samkeit auch spöttisch=überlegen tut, so als mokiere sie sich
103 2671 3164 2804 lé, steckt voll Neugier, Sen=der Sache naturgemäß mit äußerster Kaltblütigkeit gegen= über das Theater (Monologe), bleibt sie immerhin ver¬
110 2719 1913 2798 halt so ein Schmock unter üher. Der Akt bringt noch zwei Figuren ins Spiel. Den
1905 2752 2104 2834 düchtig.
96 2749 1910 2847 ht von journalistischer Ge=Grafen Niederhof, überlegener Weltmann, Politiker aus
112 2810 1923 2905 und sein Sprechapparal sportlichem Interesse, kühler Kopf mit lautlos drehbarer
1997 2807 3143 2901 Die Aufführung im Deutschen Volkstheater war
110 2855 1913 2952 äuschvoll, von überallher Weltanschauung. Und die Fürstin Wendolin, Frau im
1899 2869 3135 2946 sauber, ober lustlos, glattgehobelt wie das Stück selbst und
133 2895 692 2979 Papierfetzchen wirbelnd
688 2899 1724 2982 wienerischen Komtesserl=Stil, gescheit, belanglos.
1904 2930 3152 3001 wie das Stück selbst zwischen Charakterkomödie und Groteske
104 2934 702 3018 de Vorbild). Der Theater¬
781 2947 3139 3038 Driiter Akt: Große grundsätzliche Debatte zwischen schwankend. Sehr spassig Forest als Kajetan, Flieder¬
99 2983 709 3070 t, Abendstern. Zerbrochener
683 2996 3147 3085 Grafen und Fliederbusch über Politik, Gesinnung, Ueber=Ibusch=Edthofer ein liebenswürdiges freches kleines
113 3036 699 3115 einziger Trost die Bosheit.
687 3059 3151 3138 zeugung, Wahrheit. Fliederbusch Verteidiger. Graf Be= Beest" Thaller, als Styx, gemütlich auf düsterer
117 3100 3133 3153 aber auch, wenn er muß, zweifler dieser idealen Werte. Hier wird der geistige Höhe= Grundierung, Götz ein reizender Chefredakteur, Kramer
112 3123 3147 3198 enwart“ sehr oft. Dann ist punkt des Stückes erstiegen. Weiter Rundblick ins Flach= ein Graf von bestem Theater=Lack, Klitsch ein politischer
106 3190 700 3262 derbusch. Anfänger. Wohnt
683 3207 1900 3277 land des Skeptizismus. Dann folgt Szenenwechsel.
1896 3213 3144 3301 Redakteur von hinreißender Nervosität. Auf deren Höhe¬
100 3229 1903 3328 lso trübstes Wiene: Ghetto. Schauplatz des Duells. Fast sämtliche Personen der Komödie
1899 3256 3155 3343 punkten kam er sogar ins Jüdeln. Zauber des Milieus!
124 3301 1946 3370 Will vorwärts kommenl anwesend. Es kommt an den Tag. Fink=Fliederbusch steigt!
2908 3328 3115 3418 a. P.
