3392 4256
275 186 1582 284 27. Eink und Fliedersusch
650 1074 968 1180 G —
424 1159 1307 1264 Bosnische Post, Sarajevo, Bosnen
339 1219 606 1301 27s9V1922.
340 1287 634 1369 Pdle Blultt—
431 1337 1409 1441 (Arthur Schnitzler: Fink und Flleder¬
357 1390 1342 1482 busch. KöHfONiE. (S. FISCHEF Verlag, Berlin.)
364 1444 1340 1520 Die Buchausgabe der neuen Komödie
383 1506 1350 1593 Schnitzlers, die bei ihrer Uraufführung im
379 1556 1352 1646 Wiener Deutschen Volkstheater von der
370 1606 1338 1680 Galerie mit Beifall, von der Kritik mit bei¬
373 1658 1338 1721 nahe einmütigem Widerspruch aufgenommen
370 1715 1350 1789 wurde, begegnet einem besonderen Inter¬
364 1761 1346 1829 esse. Denn wer das Stück nicht geschen hat!
361 1803 1328 1883 oder nicht sehen kann, wird es unbedingt le¬
360 1854 1332 1937 sen wollen, um alle die Vorwürfe der Kunst¬
356 1906 1328 1979 richter nachzuprüfen, da gerade Schnitzler
356 1960 1336 2023 bisher der Wiener Kritiker Liebkind gewesen
367 2016 1339 2078 war. Es sei gleich gesagt: das Buch bestärkt
364 2064 1332 2136 das ablehnende Urteil. Die heitere Anekdote
368 2109 1334 2181 von dem Journalisten, der in zwei gegnerischen
364 2162 1335 2229 Blättern programmatische politische Artikel
365 2217 1335 2274 schreibt, dabei natürlich mit sich selbst pole¬
359 2253 1339 2340 misiert und dadurch in die groteske Situation
351 2308 1331 2401 gerät, sich mit sich duellieren zu müssen,
349 2366 1324 2411 diese Schwankpointe ist von Tristan Ber¬
356 2404 1338 2471 nard viel besser benützt worden. Das Milieu
365 2461 1328 2515 aber erst, mit dem Schnitzler den =Heldene
395 2512 1320 2579 — ausstattete, ist einfach unecht, konstru¬
354 2560 1330 2632 iert. Die Wiener Presse ist, bei allen Fehlern
362 2615 1313 2681 und Schattenseiten einzelner Redaktions¬
353 2661 1321 2728 stuben. weit entfernt von so viel käuflicher
360 2702 1328 2782 Charakterlosigkeit, Sklavengeist und — ja!
412 2762 1331 2828 von Dummheit, mit der Schnitzler seine
357 2807 1331 2879 Journalisten belastet. Selbst der Dialog, der
352 2866 1332 2942 auf der Bühne stellenweise so etwas wie
347 2914 1322 2978 blitzte, erweist sich beim Lesen als mit Geist¬
345 2956 1324 3025 Ersatz aufgeputzt. Dass das Stück bloss der
336 3011 1324 3083 Galerie gefiel, sollte Schnitzler zu denken
345 3049 1318 3124 geben. Ist nicht er just jener Wiener Autor.
340 3114 1324 3174 der sonst seine Modeile und sein Publi¬
351 3156 1322 3231 #u im Parkett, un Burgtheaterparkett sitzen
346 3193 491 3259 1.„ □
1115 3211 1289 3291 F. H.
1736 195 2180 295 box 33/1
2132 1588 2557 1692 el.——
1911 1670 2914 1787 Ausschrike mukches Centralblatt, Leipzig
2150 1754 2396 1828 4-OtZTR
1914 1781 2100 1844 vom:
1754 1839 2922 1932 „Schnitzler, Arthur, Fink und Fliederbusch. Komödie in drei Akten.
1770 1907 2475 1963 Berting 1917.S. Fischer. (8.) K 3.
1765 1944 2916 2022 Uraufführung im Deutschen Volkstheater zu Wien am 14. November 1917.
1823 2006 2904 2088 Das neue Stück von Arthur Schnitzler ist für seine
1744 2061 2909 2128 große Gemeinde eine arge Enttäuschung geworden. Es
1754 2114 2896 2163 wäre ja lächerlich, wollte man behaupten, daß der Journalis¬
1749 2176 2907 2228 mus von Gesinnungslumpen frei sei, wie sie wohl ein jeder
1746 2195 2908 2261 Stand aufweist, aber aus solchen charakterlosen Massen, wie
1748 2265 2901 2314 uns der Anatoldichter hier weismachen will, besteht der
1750 2297 2908 2368 deutsche Journalismus denn doch nicht. Im übrigen besitzt
1745 2350 2931 2415 das Stück keine Handlung und keine neuen Einfälle. Die
1746 2396 2913 2448 Figur des Schulnans Gustan Freytagsewig jungen und
1743 2425 2903 2483 noch immer mustergültigen „Joulrnalisten“ hat Sch. moder¬
1739 2467 2897 2526 nisieren wollen, hat aber dabei leider stark daneben gegriffen.
1758 2524 2893 2590 Ses Fliederbusch, ein junger politischer Mitarbeiter eines
1760 2628 2918 2669 demokratisch=liberalen Blattes, bekämpft sich selbst unter dem
1761 2659 2915 2712 Pseudonym Fink insolange in einem konservativ=klerikalen
1768 2708 2912 2778 Blatte, bis er von dem Sohne seines Chefs zu einem Duell
1773 2776 2920 2829 gedrängt wird. Fink soll sich selbst mit Fliederbusch schlagen.
1761 2817 2919 2863 Da setzt die Farce ein und zieht sich durch zwei Akte, bis
1772 2838 2918 2915 es sich endlich herausstellt, daß Fliederbusch mit Fink identisch
1773 2907 2924 2956 ist. S. verrät eine ganz unglaubliche Unkenntnis der journa¬
1770 2944 2928 3010 listischen Umwelt, witzelt und geistreichelt in der Exposition
1777 2995 2920 3056 viel herum, versagt aber später gänzlich. Die beste und
1777 3057 2932 3108 dankbarste Figur des Stückes ist der zapplige Reporter
1777 3094 2920 3154 Kajetan, aber leider ist diese Figur nicht genug tragfähig. Ein¬
1786 3150 2915 3196 Schnitzlerstück, auch wenn es so schwach ist wie das gegen¬
1779 3202 2926 3245 wärtige, bedeutet immerhin einen Kassenerfolg für ein Wiener¬
1774 3229 2917 3291 Theater und von diesem Standpunkte aus ist es zu ver¬
1789 3287 2933 3346 stehen, daß Direktor Wallner eine so tadellose Aufführung
1783 3324 2933 3397 herausbrachte. Die Darstellung war erstklassig, der Erfolg
2521 3371 2915 3446 Rudolf Huppert.—
1780 3383 2251 3464 am ersten Abend stark.
