3344 4352
263 200 428 282 27
1736 207 2190 302 box 33/2
430 212 1594 295 Finkund Frjederbusch
1231 1011 1445 1093 —.—
1772 1036 2736 1117 falls nicht entgehen lassen und unter Steinrücks
1777 1094 2705 1160 Regie aus den drei Akten herausgeholt, was sie
1038 1078 1625 1174 Theater und Musik
1786 1124 2716 1193 hergeben konnten. Die Titelrolle spielte Herr
898 1143 1794 1233 * Residenztheater. Fink und Flieder¬
1788 1175 2717 1244 Janssen und bot viel Energie auf, um frisch und
834 1207 1734 1275 busch. Komödie von Arthur Schnitzler.
1782 1218 2709 1278 elegant und munter zu erscheinen. Im Verkehr
876 1252 1762 1308 Seit Gustav Freitags Journalistenkomödie ist
1791 1244 2730 1317 mit dem Grasen darf er etwas Selbstbewußtsein
840 1297 1767 1346 der Versuch einer behaglichen Zeitungssatire auf
1791 1296 2711 1365 zulegen, wenn jener den Hut aufsetzt, braucht er
841 1343 1770 1391 der Bühne nicht wieder recht gelungen. Das
1787 1353 2712 1401 ihn nicht in der Hand behalten. Um das zahl¬
843 1384 1782 1433 bleibt bedauerlich, denn das Zuständliche in
1783 1390 2712 1449 reiche Aufgebot der mehr oder minder vathetisch
849 1412 1786 1477 jenem Lustspiel mutet heute so altmodisch an, wie
1784 1427 2721 1481 charakterisierten Wiener Redaktenctypen machten
842 1463 1778 1518 die Kostüme der fünfziger Jahre, und so fehlt
1784 1465 2713 1527 sich verdient: die Herren Höfer (Leuchter),
847 1497 1779 1564 dem meisterlichen Stück) trotz allem Witz, die un¬
1774 1505 2717 1579 Lützenkirchen (Satan), Schwanneke (Kajetan),
842 1549 1608 1597 mittelbare Beziehung zur Gegenwart.
1786 1540 2713 1609 Jacobi (Füllmann), Basil (Abendstern), Stett¬
1784 1587 2722 1665 ner (Frühbeck), Stadler (Oberndorfer), Alten
882 1596 1780 1651 Dieses Problem wird auch bei Schnitzler nicht
1797 1623 2306 1697 (Egon) und Gura (Wöbl).
846 1638 1780 1695 gelöst, obwohl er die Dinge kennt, und manche
842 1677 1780 1740 komische Verzerrung zustande bringt. Der erste
1810 1659 2737 1728 Den lustigen Styx, ein etwas reduziertes
843 1715 1773 1779 Akt gibt Stimmungsbilder aus einer Wiener
1789 1723 2725 1781 Pumpgenie, spielte Herr Waldau mit so viel
840 1746 1775 1821 Redaktion, die ihre grotesken Wirkungen aller¬
1790 1762 2720 1816 versönlichem Charme, daß die Figur in unmit¬
843 1795 1779 1857 dings nur durch schwankhafte Uebertreibungen
1787 1800 2718 1860 telbare Beziehung zum Zuschauer trat. Die be¬
841 1842 1770 1893 erreichen. Die in eine einzige Redaktionsstube
1785 1836 2719 1903 zwingende Komik der Erscheinung und ihr ge¬
849 1881 1776 1940 zusammengesperrten Kollegen, der ewig pol¬
1794 1874 2725 1936 winnender, zarter Unterton hoben die Episode
848 1918 1778 1980 ternde Chefredakteur und allerlei andere Unz
1794 1923 2726 1980 in die echte Komödienstimmung. Waldau wurde
847 1956 1786 2021 möglichkeiten ergeben keine ganz zwingende Vor¬
1799 1969 2717 2019 wieder mit herzlichem Beifall auf offener Szene
855 2011 1778 2064 stellung. Wenn auch nirgends zweifelhaft bleibt,
1791 2009 2727 2069 bedache Herr Graumann war als weltgewandter
841 2054 1780 2098 was gemeint ist und der Autor gerade in diesem
1795 2045 2723 2107 Graf Gisbert von überzeugender Vornehmheit.
849 2090 1772 2132 Akt auf eine lustige Weise dartut, daß er sich
1785 2090 2724 2152 Fran v. Hagen. unter so vielen Männern als
851 2121 1785 2180 auskennt in seiner Wiener Welt. Individuelles
1786 2129 2711 2185 Fürstin Priska die einzige Dame im Stück, zeigte
845 2150 1795 2226 Interesse erweckt von diesen unterschiedlichen
1793 2169 2712 2226 sich mit schalkhafter Ueberlegenheit ihrer Sen¬
848 2216 1787 2259 Schwanktypen nur Herr Fliederbusch. ein junger
1790 2212 2713 2268 dung gewachsen. Und mit einem Humor, der in
853 2248 1777 2300 Parlamentsberichterstatter, der sich den immer¬
1798 2249 2716 2311 seiner spezifisch österreichischen Färbung dem
848 2292 1778 2356 hin begabten Scherz leistet, zwei einander be¬
1791 2279 2716 2363 zweiten Akt die Amosphäre gab. Der etwas
859 2331 1775 2374 sehdende Blätter zu bedienen. In der demo¬
1794 2317 2742 2394 problematisch gewordene Begriff der Salon¬
853 2371 1781 2427 kratischen „Gegenwart“ bekämpft er seine eige¬
1783 2377 2717 2435 dame als einer Erscheinung, die das Aeußerste
856 2419 1772 2467 nen Artikel, die er als pfendonymer Fink in der
1782 2398 2720 2470 an Eleganz zu bieten hat, und die dem Lustspiel
844 2448 1783 2503 galbosfiziösen und reichlich rechts stehenden „Ele¬
1786 2451 2729 2512 verloren zu gehen droht, nahm hier wieder ein¬
840 2494 1772 2541 ganten Welt“ veröffentlicht. Er treibt den
1784 2487 2725 2573 mal jene Schaubarkeit an, die Stilisierung und
855 2521 1787 2585 Scherz auf die Spitze und seine etwas voreiligen
1793 2540 2172 2612 Symbol bedentet.
848 2575 1782 2626 Freunde treiben ihn noch weiter. Bis zum Duell
1830 2572 2728 2665 Der Beifall zeigte sich den Abend über mehr
847 2617 1784 2665 nämlich, das Fink mit Fliederbusch austragen
1794 2640 2715 2706 an die Darstellung als an das Stück gebunden.
855 2655 1784 2708 soll. Da kommt die Geschichte an den Tag, aber
1791 2682 2718 2739 Wird man es verstehen, für den einzigartigen
854 2697 1777 2756 leider hat der Zuschauer schon viel zu oft und
1795 2724 2710 2770 Rahmen des Residenztheaters immer sicherer die
860 2743 1773 2789 ausgiebig davon gehört, und Wiederholungen
1797 2750 2722 2825 passenden Stücke zu finden, so wird dieses Thea¬
854 2780 1780 2850 stumpfen einen Scherzl auf der Bühne außer¬
1787 2803 2682 2876 ## Münchens beste Lustspielbühne sein. E.
858 2817 1152 2884 ordentlich ab.
887 2843 1789 2918 Allerlei Kluges wird gesagt über Politik und
1888 2842 2722 2921 Hof und National=Theater. Es ist eine
861 2906 1784 2965 Kunst, über Kunstpolitik und politische Kunst.
1791 2909 2712 2960 eigentümliche Tatsache, daß ans die Figuren
857 2944 1775 3007 Doch werden die Dinge gegen das Finale zu im
1782 2955 2714 3004 der allermeisten Opern Verdis keine tiesere
1795 2981 2717 3041 Tellnahme entlocken. Wie die Handlung, worin
847 2988 1787 3047 mer dünner; und die Längen der redseligen
1799 3025 2719 3087 sie steben, wohl immer theatralisch effektvoll,
853 3035 1783 3104 Dialoge durch eine Verwandlung im letzten Akt
1781 3071 2708 3117 aber dramatisch sehroft schlecht begründet und ge¬
860 3074 1177 3124 noch fühlbarer.
890 3084 2734 3177 Die Darstellung nat sich das Material jeden= fügt ist. so kommen auch sie seiten über einen
1297 3184 1910 3394 M.k-h.
