3392 4352
290 210 1599 312 27. Eink-und Fliederbusch
644 1169 822 1240 BUNE.
556 1218 1505 1351 Zeitung. Frankfurter Zeitung
973 1332 1404 1439 Frankfurt a K.
566 1378 817 1457 Adresse:
985 1455 1377 1548 à e. N0V. 194)
554 1500 782 1573 Datum:
672 1647 1489 1743 „Fink und Fliederbusch“.
623 1720 1551 1794 Eine Journalistenkomödie von Artyur Schnitzler.
544 1794 1622 1842 Deutsche Erstaufführung im Frankjürter
717 1809 1473 1898 Neuen Theater am 17. Novembery
574 1865 1656 1941 Es ist auffällig, daß seit Gustav Freytags „Journalisten“
511 1909 1662 1983 kein rechtes Journalistenlustspiel mehr geschrieben worden ist
513 1956 1667 1993 oder wenigstens keines auf der Bühne Fuß gefaßt hat: aus¬
527 1998 1661 2060 fällig sicherlich für den, der der Zeitungswelt sern steht, aber
518 2037 1664 2080 dem Journalisien selbst eigentlich kaum verwunderlich. Weiß
521 2072 1663 2130 er doch nur zu gut, wie wenig Talent er hat, sich als lustige
521 2117 1661 2160 Person zu empfinden und wie wenig andererseits vom jour¬
522 2158 1660 2202 nalistischen Geist denen vertraut ist die Bühnenlustigkeiten
513 2194 1668 2245 fabrizieren. Und wenn schon Freutags biederer Humor im
522 2232 1663 2276 Grunde kaum von seinen Zeitungsleuten selber ausgeht, son¬
516 2267 1668 2312 dern aus alt vertrauten Lustspielquellen fließt, wie sollte wohl
510 2316 1667 2354 in der modernen Zeit des Telegraphen und des Telephons, der
521 2353 1666 2408 Schreibmaschine und des Diktaphons noch viel von Konrad Vol¬
760 2387 792 2406 „
512 2393 1664 2438 zens Laune übrig sein! Gewiß haben die Zeitungsleute ihre
521 2430 1668 2473 Originale und schnurr.gen Känze, ihre Clowns und Windhunde,
526 2475 1670 2523 und manche Stunde in einer Redaktion ist mindestens
523 2502 1664 2566 so lustig und vergnüglich wie nur ein Lustspielakt auf einer
510 2543 1653 2605 Bühne; aber dieser Humor hat mit dem Metier an sich nichts
512 2586 1664 2628 zu tun, zieht seine Nahrung sicher nicht aus Druckmaschinen
518 2626 1668 2678 und Manuskripten, die höchstens einen spärlichen, im Grunde
522 2667 1667 2711 nur Fachleuten ganz eingängigen Jargon=Witz erwachsen
517 2696 1670 2747 lassen. Viel eher möchte Tragik auf dem Wege des heutigen
516 2746 1667 2786 Journalisten keimen, und wenn die Bübne davon wenig weiß,
514 2783 1672 2819 so mag sie es der Verschwiegenheit der Leute danken, die sonst
517 2816 1659 2864 der Welt Fanfare blasen. Vielleicht haben die Geister des
512 2863 1659 2912 Humors die Zeitungswelt geräumt, als die moderne Technik
519 2925 1664 2986 stieg, desto mehr trat die Bedeutung des Einzelnen zurück, das
519 2987 1653 3029 gedruckte Wort erhob sich immer gewaltiger über den lebendigen
524 3016 1665 3052 Schreiber, es löste sich von ihm los zu unheimlichem Ge¬
521 3052 1658 3093 spensterieben von Begriffen, von Ideen und Schlagworten, die
523 3088 1663 3144 sich fast körperlos im leeren Raum bekämpfen. Kommt es da
519 3139 1656 3191 überhaupt noch auf den Urheber einer Meinung an?
515 3168 1653 3221 Und kann eine Persoulichkekt wirklich nicht mehr als eine
518 3208 1660 3252 Ueberzeugung haben? Wenn Freytags Schmock rechts wie links
518 3250 1667 3296 schreiben konnte, kann da ein Ueberschmock nicht rechts
517 3292 1661 3340 und links zu gleicher Zeit schreiben? Denn ist das Spiel solcher
509 3328 1651 3379 furnalistischen Geister nicht eine tolle Komödie der Worte?
517 3372 1647 3420 Läßt sich der Kampf der öffentlichen Meinung nicht futuristisch
511 3405 1663 3470 als ein Wirbelreigen von fingerfertigen Schreiberhandgelenken
520 3441 700 3500 malen?
581 3466 1653 3532 Dies Schreckbild einer grausen Zukunft, die niemals
515 3523 1665 3564 Gegenwart werden darf, beschwert Arthur Schnitzler
523 3562 1667 3624 in seinem neuesten Bühnenwerk, der Komödie „Fink und
513 3595 876 3649 Fliederbusch“
899 3602 1657 3654 (Buchausgabe bei S. Fischer, Berlin).
527 3640 1194 3682 Denn der Titelbeld seines Stückes i#
1195 3639 1661 3692 sowohl Fink als Flieder¬
514 3675 1664 3736 busch: Fink als Mitarbeiter eines konfervativen Gesellschafts¬
515 3726 1679 3789 blattes, Fliederbusch als Mitarbeiter einer bewolratischen
1746 215 2192 298 box 33/2
1696 1639 2826 1691 Zeitung, und daß er als Fink gegen Fliederbusch polemisiert,
1691 1684 2828 1739 ja sogar ein Duell mit sich selber annehmen muß, das fast
1694 1733 2831 1777 zum Austrag kommt, das ist die groteste Glpfelung des lusti¬
1686 1773 2832 1819 gen und geistreichen Einfalls, der dem Dichter vielleicht aus
1695 1803 2817 1850 einem tatsächlichen Vorkommnis in der Wiener Zeitungswelt
1687 1845 2827 1903 zugeflossen ist. Der Einfall taugt sowohl für einen Schwank
1683 1891 2820 1935 wie für eine Komödie, und als Schwank ist er auch schon ein¬
1697 1925 2816 1967 mal, unabhängig von Schnitzler, durch den Franzosen Tristan
1693 1962 2830 2009 Bernard bearbeitet worden. Schnitzler mußte ihn als Ko¬
1698 2000 2819 2053 mödie behandeln, und daß er zu einer heiteren, aber nicht ge¬
1699 2042 2833 2094 rade sehr lustigen, und im Grunde bitter ernsten Komödie
1692 2086 2829 2133 gedieh, ist auch im Wesen des Dichters bedingt. Niemand kann
1692 2124 2821 2175 aus seinem Schatten heraustreten. Die Gestalt des Ueber¬
1699 2165 2824 2218 schmocks kommt eigensten Gedankenkreisen Schnitzlers zu sehr
1688 2197 2822 2250 entgegen, als daß sie ihn nicht zu gedanklichster Vertiefung
1695 2244 2817 2290 herausgefordert hatte Sein Dichterauge hat stets das weite
1684 2286 2818 2329 Land der Seele gesehen, von ihrer ständigen Lüge und unend¬
1698 2327 2819 2383 lichen Anpassungsfähigteit, von ihrer Chamäleon= und Pro¬
1682 2360 2827 2400 teusnatur gewußt; sein Dichtergeist hat je und je den ewigen
1685 2400 2831 2440 Gegensätzen Sein und Schein, Wahrheit und Lüge, Wirklich¬
1697 2439 2833 2486 keit und Traum nachgesonnen, und ist gern auf den Grenz¬
1696 2483 2827 2536 gebieten gegangen, wo beide ineinander übersließen und wo es
1698 2518 2827 2565 nur der geschickten Hand des Meisters bedarf, um Spiel und
1695 2564 2372 2623 Ernst verwirrend leicht zu tauschen.
1850 2591 2677 2676 „Es fließen ineinander Traum und Wachen,
1838 2648 2673 2705 Wahrheit und Luge. Sicherheit ist nirgends.
1844 2690 2707 2756 Wir wissen nichts von anderen, nichts von uns.
1848 2732 2243 2797 Wir spielen immer.“
1737 2774 2826 2835 Sagt sein Parazelsus. Und Fliederbusch fragt sich in allem
1679 2829 2818 2883 Komödiantenernst, ob er eigemlich Fink oder Fliederbusch sei.
1692 2872 2824 2915 „Ein Fliederbusch, den es gelegentlich juckt, einen Fink zu
1689 2917 2819 2967 spielen? Oder ein gebarener Fink, der nur durch einen Ferium
1692 2950 2820 3004 des Schicksals als ein Fliederbusch auf die Welt gekormen
1696 2987 2832 3041 ist?“ Denn er ist nach der Formung des Dichters kein be¬
1684 3031 2823 3077 wußter Betrüger, der vor sein wahres Gesicht eine Maske
1697 3065 2831 3106 hält, sondern ein naider Jüngling, der in der Entwickelung zu
1696 3103 2828 3147 sich selbst begriffen ist sich in der Redaktion der demokratischen
1689 3149 2821 3186 Zeitung zu Hause und im sicheren Hafen gelandet glaubt, als
1687 3186 2822 3225 ihn deren Chefredakteur als journalistisches Talent entdeckt
1697 3230 2819 3273 und fest verpflichtet hat, der seine Meinung aber instinktiv
1694 3260 2831 3304 sofort über Vord wirft, als er sich bei dem Herausgeber des
1690 3300 2828 3353 konservativen Gesellschaftsblattes von der aristokratischen
1692 3337 2522 3380 Sphäre angezogen und ebenso freundlich
2520 3341 2822 3390 aufgenommen
1698 3376 2830 3420 fühlt. Seine endültige Ueberzeugung findet er, in ihrer letzten
1687 3415 2833 3473 Formulierung, auch erst dann, als er die Bekanntschaft eines
1690 3462 2828 3509 feudal=klerikalen Politikers macht, der sich auf dem Weg zur
1695 3495 2829 3537 Ministerlaufbahn dem Gesellschaftsblatt mit Kauf= und Neu¬
1687 3531 2823 3583 gründugsabsichten nähert und dabei das schreibfertige Hand¬
1685 3574 2824 3617 gelenk des jouralistischen Verwandlungskünstlers schätzen
1692 3614 2831 3652 lernt. Dieser Schmock mit zwei Ueberzeugungen hat also im
1695 3652 2821 3705 Grunde gar keine; dieser Gesinnungslump ist eigentlich jeder
1684 3691 2834 3729 Gesinnung bar und der Dichter vermeidet beflissen, ihm Ge¬
1697 3727 2837 3781 danken oder Meinungen unterzulegen, läßt ihn vielmehr nur
2842 1641 3357 1701 handeln, benutzt ihn aber aus
2848 1682 3363 1741 Komödienschach; er hat eben
2846 1726 3367 1778 Naivität seines Helden ein
2845 1767 3365 1828 ist, die der Figur ihre Exist
2844 1804 3363 1855 und vom Abgleiten in den
2843 1836 3376 1891 Doppelspiel zu einer bewußt#
2853 1882 3360 1937 Bedeutung für Schnitzlers
2853 1915 3357 1972 verliert natürlich bei der 1
2849 1953 3367 2014 spiel jenseits bewußter Erke
2847 2000 3359 2055 wahrscheinlichkeit und wird
2848 2029 3359 2086 symbolischen Verkörperung
2851 2073 3372 2120 Metiers. Damit kommt frei
2849 2117 3372 2163 künstlerische Stilreinheit de
2846 2154 3369 2205 in einer ziemlich realistisch,
2853 2192 3376 2246 Uebertreibungen, gezeichnel
2846 2229 3371 2293 dem flüchtigen Blick des Be
2845 2268 2949 2320 tant
2972 2267 3343 2325 des Kreises sei
2846 2309 2970 2360 kann.
2984 2301 3358 2361 Einer solchen Ve
2847 2351 3368 2392 anständige Journalist bein
2855 2388 3372 2446 fühlen, und so wird Schn
2855 2425 3373 2481 Männer von der Presse un
2850 2460 3358 2525 haben. Die herbe Ironie,
2856 2504 3363 2561 tischen Redaktion als kett
2851 2542 3371 2598 Wiener Lokalfarben ausgem
2860 2587 3372 2635 der Heimatstadt des Dichter
2856 2620 3366 2680 ist dem fernerstehenden Be¬
2854 2668 3357 2719 ob hier rein künstlerische S
2858 2701 3365 2762 letzenden Schlüsselstückes vo
2853 2733 3376 2804 spiegel blickt zwar trüb, aber
2852 2781 3375 2840 Besten zu halten? Mit war
2845 2819 3370 2872 er, daß er von dem beinahe
2852 2861 3369 2922 dem er sich an seine antitl
2855 2903 3376 2959 und Leben, Traum und Wir
2857 2940 3367 2991 Reporterjournalisten, Dr. K
2857 2981 3378 3032 selber vor, der stets mit solchg
2851 3019 3376 3088 und ein epochales Werk üb
2857 3067 3024 3128 verheißt.
2900 3107 3370 3191 Schnitzler müßte nicht de
2847 3168 3376 3225 er ist, wenn ei seinem He
2844 3206 3381 3281 bestimmter Prägung gegeber
2847 3251 3363 3306 mit der hellen Stimme des
2853 3294 3374 3345 blüht nicht in klare Luf. hine
2854 3324 3383 3387 ters überspinnen ihn mit ein
2855 3370 3375 3423 Symbolik: er hat nicht nu
2858 3406 3378 3465 Handwerkertums, sondern a
2858 3448 3366 3496 Snobs zu gelten, „dieser k
2852 3485 3378 3546 Feiglingen und Renegaten“,
2851 3522 3349 3584 genossen des Feudalismus“
2855 3553 3371 3616 der Dichter auch den Vertr
2865 3610 3370 3667 einen klerikal=konservativen
2858 3644 3381 3692 Ehrgeiz in der Mitte des L#
2860 3682 3368 3745 und den Typ des blasiertin
2837 3722 3368 3787 einen Typ, der Schnitzler
3310 3764 3357 3815 #
3034 4102 3228 4191 Ste
