3344 4320
273 188 436 281 27.
1741 192 2182 291 box 33/2
462 202 1596 290 Eink-und Fliederbusch
204 384 1131 513 ne München-Augsburger Abendzeitg.
201 493 1037 671 Klnchen i Gorz 191
411 580 584 665 1
206 637 307 708 7.
290 658 1976 785 P
1214 769 2156 846 und besonders Frau v. Hagen die eine Wiener
472 783 1026 882 Fink und Fliederbusch
1224 809 2148 872 Weltdame mit blendender Noblesse und vollen¬
1222 847 2154 918 deter Haltung gab, nahmen sich der übrigen wich¬
388 839 1103 919 Komödie von Arthur Schnitzler
1227 880 1645 940 tigen Gestalten an.
315 902 1189 955 (Erstaufführung im Münchner Rasidenztheater)
1249 925 2150 995 Das Publikum, das an Journalistenstücken stetz
323 938 1210 1012 Man ist in Wien und es handelt sich um die
1225 964 2150 1030 seine Freude hat, weil es miit Interesse zuschaut,
286 982 1215 1051 politischen Artikel von Fink und Fliederbusch.
1210 1008 2132 1074 wie und wo „die öffentliche Meinung gemacht“
282 1031 1206 1091 Fliederbusch schreibt in der „Gegenwart“ wild¬
1226 1047 2138 1103 wird, wurde diesme“ nicht recht warm. Der Bei¬
286 1061 1208 1111 demokratisch, Fink in der „Eleganten Welt“ hoch¬
1213 1082 2171 1163 fall galt ausschließlich den Darstellern. Besonders.
282 1096 1208 1158 konservativ. Zwei Weltanschauungen platzen auf¬
1217 1118 1416 1183 Waldan.
277 1139 1211 1207 einander, und bei diesem Anprall fehlt es nicht
282 1179 1201 1243 an saftigen Verbalinjurien. Schließlich wird
1495 1188 2806 1270 ns Der umeben Reichs=nsd und Teie= einstelle. Hierneit hase"
282 1214 1213 1281 Fink sogar dazu getrieben, seinen Widersacher
273 1260 1210 1313 Flioderbusch auf Pistolen zu fordern, und da stell;
1220 1246 2663 1313 utschen graphenbeamten, wird eine Zuschrift aus Bayern brauch gemacht.
280 1290 1204 1355 es sich denn natürlich heraus, daß Fink und
3242 1297 3360 1361 S
272 1330 1214 1383 Fliederbusch ein und dieselbe Persönlichkeit sind.
1394 1349 2345 1392 wickalten Minnenspiels, aber die größere Stiltreue
2357 1345 3323 1427 Artikel in einem anderen Organ so scharf volemisie#t,
282 1368 1206 1429 Ein geschickter, lebsüchtiger und leichtbeschwingter
1374 1386 2336 1446 hatte das Blut heißer und schneller rollen lassen, wie
2346 1393 3313 1446 daß er am Schlusse ein Pistolenduell mit sich selbst
283 1403 1197 1468 Journalist, der in Wirklichkeit Fliederbusch heißt,
1203 1421 1384 1496 spiel
2345 1429 3324 1501 ausfechten soll, das natürlich nicht zustande kommen
267 1438 1205 1506 hat seine eigenen Artikel unter dem Pfeudonym
1392 1475 2340 1524 herausging. Die Szene am vermeintlichen Grabe sei¬
1231 1473 1380 1526 Hof¬
2349 1474 3315 1532 kann und sich in ein Raketenfeuer von geistreichelnden
268 1483 1203 1541 Fink angegriffen und sich so in zwei Lagern lieb
1217 1512 1367 1574 sell er¬
1389 1513 2341 1570 nes häuslichen Glückes im vierten Akt (nach hiesiger
2347 1516 3309 1569 Bosheiten auflöst, da sind die demokratischen Mannes¬
265 1505 1199 1584 Kind gemacht. Diese erstaunliche Gesinnungstüch¬
1227 1559 1378 1617 hiesigen
268 1555 1207 1608 tigkeit hat ihm aber kein bißchen geschadet, denn
1380 1563 2333 1618 Zählung) bildet den Höhepunkt des ganzen Gastspieles
2358 1564 3324 1611 stolz mimenden und servil unter der Chefredakteurs¬
269 1588 1205 1643 schon steht der bewußte Dritte bereit, sich die un¬
1211 1604 1370 1662 engerer
1376 1591 2350 1661 des ausgezeichneten Künstlers, mag man der eindring¬
2342 1613 3321 1678 suchtel zusammenknickenden unterschiedlichen Redak¬
276 1634 1210 1693 schätzbare journalistische Kraft, die von keinerlei
1236 1650 1379 1703 Kam¬
1386 1645 2339 1707 lichen Darstellung oder der wundervollen Gesangs¬
2348 1660 3322 1718 tionsherrschaften, da ist der Politik als Sportsmann
273 1674 1200 1739 Ueberzeugungen belastet ist, zu sichern: Flieder¬
1386 1692 1861 1749 kultur den Vorzug geben.
1209 1691 1377 1749 sofoper.
2340 1701 3327 1771 treibende feudal=konservative Graf mit dem bekannten
269 1706 1198 1777 busch ist die Treppe hinaufgefallen und in locken¬
1446 1721 2337 1788 Eines aber hatte Schwarz mit Forsell gemein:
1206 1738 1373 1793 schwarz
2340 1741 3314 1804 Tropfen modernen Oeles, da ist der entgleiste Aristo¬
266 1740 1211 1808 der Weite winkt ihm auch die Gunst einer schönen
1212 1779 1375 1834 Abende
1384 1779 2332 1834 beide befinden sich auf jener Höhe der Gesangskunst,
2344 1778 3325 1847 krat, der den Expreßrevolver knacken läßt, die mondäne
274 1788 1206 1846 Frau. Die „Fabel“ ist natürlich ironisch gemeint.
1262 1822 1381 1887 und
1388 1824 2335 1868 die aus dem darstellenden Sänger den singenden Dar¬
267 1828 1211 1888 Ein Wiener Journalist kann sich nicht blamieren,
2352 1827 3285 1874 V ganz nach der schönen Pauline M. gezeichnete —
1213 1864 1373 1921 ich die
1378 1850 2349 1922 steller entwickelt. Das Riesenmaß des Könnens steigt
262 1859 1208 1912 sagt Schnitzler, und im Ernste geht es um die
2349 1861 3318 1929 Fürstin Priska — alles gut beobachtette, geschickt gezeich¬
266 1900 1208 1971 Ueberzeugungstreue im allgemeinen. Nur kommt
1387 1909 2335 1966 weit über Gewöhnliches hinaus, so daß der Drang
1217 1906 1383 1978 hr vor
2346 1914 3315 1976 nete Figuren, die auch verschiedenes. Geistreiche sagen
268 1937 1214 1982 das nirgends recht heraus, alles bleibt in den
1214 1950 1364 2009 sstätig¬
1379 1952 2333 2004 nach Gestalten, nach Dramatisieren mit elementaren
2347 1963 3316 2023 und klatschende Peitschenhiebe nach allen Seiten aus¬
262 1979 1199 2038 Ansätzen stecken und von einer „Komödie“ kann
1384 1996 2343 2053 Wucht ausschlägt, wie die unzählbaren Triebe der
2342 1999 3320 2066 teilen. Aber die horrende Unwahrscheinlichkeit, um
270 2018 1206 2061 man wirklich nicht reden. Das ist schon mehr eine
1233 2028 1371 2096 egreif¬
1380 2042 2338 2097 Blumen unter den fruchtbaren Strahlen des Lanzes.
2342 2050 3316 2100 richt zu sagen Unmöglichkeit der Situationen die auch
270 2050 1201 2117 Posse mit all ihren Hemmungslosigkeiten, und
1231 2079 1379 2144 ariton
1391 2081 2347 2131 Ein Teil unserer hiesigen Künstler ist auch bereits auf
2349 2090 3313 2150 durch Schnitzlers Gewandtheit in Szenenführung und
258 2088 1205 2149 darum tat auch Herr Waldau gut, daß er die
1270 2130 1369 2185 Cha¬
1379 2121 2340 2180 jener Höhe angelangt, aber noch nicht der größere.
258 2126 1200 2178 originellste Figur des Stückes, einen verbummel¬
2350 2132 3321 2200 Dialog nicht aus der Welt zu schaffen ist, fordert ein
253 2159 1192 2228 ten Kavalier, der Skandalreporter geworden ist,
1268 2172 1372 2224 , die
1384 2173 2338 2228 Was ich heim Rückblick auf Forsells Gastspiel shrieb,
2348 2175 3324 2235 großes Maß ven Selbstverleugnung vom Zuhörer. Von
263 2200 1199 2262 frisch und frei als Possenkarikatur spielte. Damit
1287 2211 1374 2274 sich
1381 2216 2330 2273 das hat heute dieselbe Geltung. „Forsell (und auch
2346 2214 3330 2292 der Ursprünglichkeit und Kraft anderer Schnitzlerschen
256 2242 993 2297 hatte er alle Lacher auf seiner Seite.
1242 2261 1377 2319 t er¬
1374 2260 2336 2312 Schwarz) ist nicht ein Ueberlicht, vor dem die Sonnen
2344 2259 3323 2329 Musenkinder ist diese Journulistenkomödie, von der
291 2274 1193 2335 Im übrigen mag wohl die Fülle der gut aus¬
1387 2305 2341 2355 und Sterne unserer Hofoper vergehen; es ist ein Fermant,
1256 2294 1383 2359 s zu
2356 2309 3322 2364 man fast meinen könnte, der Wiener Medizinminn
254 2327 1204 2379 zubauenden Rollen die Intendanz veranlaßt ha¬
1250 2342 1380 2403 chnif
1390 2347 2331 2401 das anregt und zu allerlei nützlichem Tun spornt.“
2348 2347 3329 2419 schriebe sich damit einen Groll gegen die ihn kriti¬
257 2359 1196 2416 ben, nach dem Stück zu greifen. Für den Spiel¬
1265 2386 1377 2448 zwar
1380 2382 2336 2448 (Im übrigen sei für einzelnes hierher Gehörige auf
261 2397 1205 2452 leiter Steinrück bot sich auch die Möglichkeit,
2354 2387 3326 2452 sierende Presse vom Herzen, wenig belastet. Etliche
1380 2430 2339 2479 einen Artikel verwiesen, der morgen an dieser Stelle
1269 2421 1383 2494 zität
247 2429 1199 2495 in der weanerisch=gemütlichen Redaktionsstube
2352 2445 3326 2500 Längen der ausgesponnenen Unterhaltungen treten
245 2471 1205 2532 des ersten Akts Stimmungsregie zu treiben. Nur
1380 2471 2342 2529 erscheinen wird. Die Red.) In der Oper, die seit
1277 2478 1378 2527 dem
2357 2483 3326 2543 noch schädigend hinzu und sind nur durch ganz vor¬
251 2513 1200 2570 sollte bei der bedenklichen Geschwätzigckeit des gan¬
1371 2516 2343 2566 Kriegsbeginn hier fehlte, war die Titelralle mit Frau
1279 2520 1369 2576 Da¬
2358 2511 3326 2586 zügliche flotte Wiedergaben einigermaßen auszugleichen.
258 2555 1190 2609 zen Stückes das Tempo nicht noch über Gebüh¬
1279 2563 1380 2620 isten
1382 2561 2336 2611 Porard=Theissen neu besetzt. Die beiden Ele¬
2345 2566 3311 2624 In dieser Beziehung tat die hiesige Aufführung viel.
249 2587 1195 2650 gedehnt werden. Den unbeschwerten Gesinnungs¬
1271 2605 1381 2665 lus¬
1375 2602 2339 2665 mente, eus denon die Rollu der Amalia gemischt ist,
2354 2602 3327 2667 Janssen war in seiner Doppelrolle ganz vortteff¬
247 2626 1196 2685 athleten Fliederbusch stattete Herr Janssen
1386 2640 2349 2703 stille, gemütsinnige Weiblichkeit und passive Leiden¬
1272 2658 1329 2706 #1
2350 2642 3329 2722 lich, geistig und körperlich agil und schuf den sich selbst
243 2659 1187 2725 mit der nötigen Beschwingtheit bestechend lie¬
1389 2687 2340 2745 schaft, fanden in der sympathischen Künstlerin aus¬
1273 2694 1372 2751 chen
240 2698 1196 2762 benswürdig aus; er hatte in dem pedantischen
2353 2704 3316 2752 die journalistischen Bälle zum Polemisieren zuwerfen¬
1383 2736 2339 2795 gegeichnete Versinnlichung. Die übrigen Darsteller der
1279 2736 1373 2793 ing
250 2732 1187 2791 Füllmann des Herrn Jacobi einen kontrastrei¬
2355 2747 3316 2805 den Preßjongleur fast glaubhaft — mehr ist wirklich
1273 2780 1378 2835 sten
1377 2771 2343 2831 Hauptrollen: Wolf. Ivogün, Färber=Straßer bestanden
244 2771 934 2837 chen Widerpart. Graumann,
940 2784 1187 2839 Schwan¬
2352 2789 3313 2856 nicht möglich. Graumann zeichnete wie immer
243 2816 1190 2891 neke, Höfer. Lützenkirchen, Nahler
1389 2821 2343 2873 in vollen Ehren noben dem Gaste. Den unerschöpf¬
1276 2826 1373 2878 ing
2357 2822 3318 2883 seinen gräflichen Abgeordneten scharf und mit wirk¬
1386 2856 2332 2917 lichen Reichtum an melodischer, rhythmischer und ins¬
2351 2880 3313 2938 samer Prägung, die kuriosen Sentenzen; die ihm
1282 2911 1381 2969 am
1389 2909 2340 2966 besondere instrumenialer Färbung, durch den sich
2350 2921 3316 2984 Schnitzler in den Mund legt, hatte ja er nicht zu ver¬
1389 2944 2341 3016 gerade diese Oper Verdis auszeichnet, brachte Wal¬
1275 2949 1375 3009 zen
2346 2948 3320 3023 antworten, die Wiener Redaktionsinsassen waren ins¬
1378 3007 2340 3049 terzin sich immer steigerndem Temperament zu fen¬
2342 2995 3320 3065 besondere bei den Herren Höfer, Lützenkirchen,
2128 3032 2324 3095 J. L. F.
1281 3043 1376 3097 ho¬
1375 3035 2139 3086 riger und charakteristischer Wiedergabe.
2344 3048 3315 3094 Basil, Nadler, Stettner und Jacobi in
1450 3094 2341 3147 Kgl. Residenztheater. „Fink und Flieder¬
2347 3088 3313 3155 liebevollster Pflege, die den verschiedenen Abschattie¬
1274 3110 2342 3188 uz#husch“, Jaktige Somödie von Artur Schnitzler,
2353 3134 3314 3199 rungen gerecht wurde, Waldau holte sich für seinen
1373 3171 1974 3228 Erstaufführung am 8. Dez. 1917.
1277 3167 1384 3231 #
2337 3181 3316 3240 strichsicher gezeichneten freiherrlichen Beinaheerpresser
1449 3199 2340 3279 Der geistreiche Wiener Plauderer scheint in seinem
1273 3209 1385 3280 her
2344 3230 3318 3285 einen Spezialapplaus, Schwannckes geschäftiger,
1377 3254 2338 3325 Verkehr mit den Wiener Zeitungsschreibern einige von
2347 3276 3313 3332 im Tolegrammstil redender Schmockepigone war eine
1383 3303 2341 3361 Ueberzeugungstreve und Beständigkeit der Gesinnung
2344 3305 3322 3385 feine Leistung. Die elegante Priska der Frau
1378 3347 2339 3399 recht unbeschwerte Herren kennen gelernt zu haben,
1283 3350 1386 3402 uch
2350 3359 3311 3417 von Hagen brachte als einzige Frau Wärme und
1372 3389 2340 3449 wenn sie auch nur in etwas den in seiner neuen satiri¬
1274 3393 1382 3446 em
2348 3398 3322 3468 Grazie auf die Bretter. So half alles zusammen zu
1385 3429 2334 3489 schen Komödie sor mobil gezeichneten Fabrikanten
1282 3435 1385 3490 #re
2353 3428 3319 3503 einer sehr freundlichen Aufnahme — det Dichter hat
1386 3479 2337 3529 öffentlicher Meinung gleichen. Gemessen an diesen Herr¬
1286 3482 1378 3535 ur
2353 3495 3311 3562 alle Ursache, sich bei den Darstellern und Steinrücks
1383 3522 2332 3571 schaften von der „Gegenwart“, und der „Eleganten
1284 3522 1379 3579 m
2351 3534 3123 3589 Spielleitung für diesen Erfolg zu bedanken.
1283 3568 1352 3619 ich
1382 3565 2341 3617 Welt“ birgt ja der von Freytag geprägte Typus
2961 3556 3286 3642 L. Soyfried.
1391 3603 2342 3663 Schmock, der „schreiben kann links und rechts“, noch
1285 3611 1388 3673 im
2418 3608 3315 3668 Das Gärtnertheater beschleunigt gegen Jahres¬
1288 3652 2341 3707 ar Grundsatzfanatiker. Da ist der talentvolle Jüngling
2349 3659 3313 3714 schluß das Temvo seiner Erstaufführungen. Noch steht
1289 3699 3309 3774 at=] Fliederbusch, der in einem Blatt gegen seine eigenen] die Wiener Tanzoperette „Die oder keine“ im Zeichen
2123 3749 2844 3929 100 Cuter
2325 3890 2773 4050 GO
