3392 4384
1659 273 2159 370 box 33/4
241 285 1567 381 27. Einkund Fliederbusch
1822 1226 2816 1280 Lebensaufgabe, wern sie über die Meinungen des
1834 1259 2806 1312 Tages zu einer solchen emporgewachsen ist, und wenn
1832 1301 2799 1355 sie nicht nur ihren eigenen Vorteil in der Formu¬
1838 1324 2814 1396 lierung von Massenmeinungen sieht, kann nur darin
1833 1371 2820 1437 gesehen werden, daß sie das Urteil der Massen ein¬
1825 1399 2817 1469 dringlicher zu gestalten versucht, daß sie also ein
1840 1452 2818 1507 Jago ist, der den Mohren von Venedig nicht zum
1848 1497 2814 1538 Morde an einer Unschuldigen treibt, sondern zur
1833 1535 2817 1595 wahren Erkenntnis der Sachlage. Die Güte einer
1848 1569 2819 1640 Presse ist in der Eindringlichkeit ihres Urteils zu
1333 1580 1728 1638 Telephon 12.801
1846 1610 1987 1672 suchen.
1897 1637 2807 1704 Arthur Schnitzlers leichte und feine Satire trifft
1834 1686 2808 1734 die Parteistellung der Journalisten. Sucht sie zu
755 1662 1700 1767 BOBSERVER“
1837 1725 2817 1780 treffen, indem er Herrn Fliederbusch, den Vertreter
1834 1765 2808 1813 der liberalen Weltanschauung, und Herrn Fink, den
770 1770 1700 1817 I. österr. ben. konz. Unternehmen für Zeitungs-Russchailte
1839 1798 2818 1856 Mann der konservativen Vorkämpfer für Vaterland
1585 1815 1708 1881 4.
1840 1844 2811 1889 und Glauben, dieselbe Person sein läßt: einen an¬
787 1816 1635 1919 Wien, I., Concordiaplatz M,
1843 1874 2803 1927 genehmen jungen Mann, der heute in der liberalen
1631 1881 1783 1963 18
1834 1920 2808 1973 Zeitung Artikel gegen die Konservativen schreibt, um
773 1943 1755 2007 Generalanzeiger für Hamburg-Altons
1833 1954 2812 2012 diete selben Artikel worgen in einem konservativen
1827 1990 2814 2055 „Ochan der eleganten Welt in Grund und Boden zu
1140 2016 1423 2092 Hamburg
1852 2034 2811 2075 Kmpfen. Dieser sehr talentvolle Enkel des Herrn
1832 2066 2809 2135 Schmock wird schließlich gezwungen, mit sich selber
1842 2109 2814 2171 zum Zweikampf zu schreiten, was natürlich unmög¬
1849 2149 2810 2200 lich ist, so daß sich der ganze Schwank in Wohlgefallen
1843 2192 2812 2237 auflöst und mit einem guten Frühstück endet, zu dem
921 2140 1831 2282 ) Theater und Musik. ###
1831 2214 2813 2263 Liberale und Konservative von einem gemütlichen
1836 2263 2819 2320 deus ex machina geladen werden. Der Talentvolle
1842 2304 2816 2347 steigt durch seinen Befähigungsnachweis im Preise
979 2314 1702 2409 Deutsches Schauspielhaus.
1843 2342 2809 2391 bei Liberalen und Konservativen gewaltig. Man
1837 2379 2805 2432 reißt sich um seine geschätzte Kraft bei einer öffent¬
1134 2383 1585 2458 Fink und Fliederbusch.
1848 2417 2814 2474 lichen Versteigerung nach dem schnurrigen Duell mit
995 2437 1714 2519 Komödie von Astkux Schnitzler.
1847 2454 2816 2508 sich selbst. Das ist natürlich Schwank, und Schnitzler
1848 2497 2815 2551 hat diesen Schwank in die Sphäre eines gewandten
924 2490 1754 2558 Die moderne Journalistenkomödie odel
1843 2526 2817 2581 n itzigen Sophismus erhoben, der für einen
877 2543 1827 2594 hat auch Arthur Schnitzter in seinem geistreichen
1847 2571 2806 2611 Abend zuweilen tiefer anregt und sonst brillant
889 2586 1835 2630 Schwank Fink und Fliederbusch nicht geschrieben. Er
1845 2615 2808 2679 unterhält. Aber es bleibt ein Spiel mit bunt¬
887 2624 1830 2683 hätte tiefer graben müssen, um den Dingen auf den
1854 2650 2342 2704 schillernden Seifenblasen.
892 2661 1831 2705 Grund zu kommen. Was er gibt, ist Oberflächen¬
1901 2677 2818 2730 Unter der Spielleitung Mar Montors kam diese
890 2700 1835 2754 kunst, nicht Charakterdrama. Daß der Journalismus
1853 2724 2812 2769 elegande Fechtübung des Verstandes, die in
889 2741 1830 2792 eine Macht ist, oder vielmehr ein Ausdruck von Welt¬
1852 2769 2810 2821 wehmännischer Ironie mit einem guten Essen aus¬
886 2784 1840 2839 mächten, hat der große Krieg mit erschreckender
1853 2802 2814 2868 klingt, vortrefflich abgeschliffen zur Darstellung.
879 2817 1833 2869 Deutlichkeit gezeigt. Auch diese Weltmächte sind ver¬
1844 2845 2800 2885 Als Mitarbeiter einer liberalen Tageszeitung fun¬
889 2860 1840 2899 ankert in der menschlichen Brust. Der in den öffent¬
1853 2888 2817 2927 gierten die Herren Jönsson (Chefredakteur),
883 2900 1835 2951 lichen Meinungen sich ausprägende Gedanke wäre
1852 2926 2806 2971 Berihold, Stettner von Dollen,
881 2935 1833 2986 weniger als Wind und Spren, wenn er nicht eine
1847 2962 2816 3019 Schwaigen und Brahm und zeichneten dabei
885 2973 1839 3028 Formulierung der Triebe und Wünsche der Millionen¬
1859 3010 2813 3056 ganz ergötzliche Typen einer kritischen Laune des
892 3017 1845 3059 massen wäre, die die Zeitungen lesen. In den
1848 3042 2814 3105 Dichters. Mit der Wirklichkeit dürften diese Typen
885 3051 1839 3096 Spalten der Zeitungen denkt das dumpfe Triebleben
1853 3078 2808 3126 ebenso viel oder wenig zu schaffen haben, wie die
879 3092 1840 3148 der Menschheit, wie sie jetzt ist und geworden ist. Es
1849 3121 2810 3179 Vertreter des Konservatismus, als welche sich die
879 3132 1834 3178 denkt darin, wie die blinde Leidenschaft des Mohren
1851 3156 2481 3211 Herren Holstein, Ellmar,
2498 3158 2809 3213 Fischel und
882 3171 1843 3230 von Venedig in den pfiffigen Anschlägen Jagos denkt,
1857 3200 2815 3242 Blankenstein auf der Schnitzlerbühne trefflich
881 3219 1835 3262 und das Ende ist blutiger Massenmord. Auf dem
1850 3238 2819 3293 bewährten. Den Fink und Fliederbusch spielte mit
893 3248 1831 3295 Finden des Ausdruckz für den Lehens= und Macht¬
1850 3274 2810 3334 gefälligster Liebenswürdigkeit und echt Wienerischer
884 3287 1828 3336 willen der Massen beruhr die journalistische Existenz,
1862 3318 2824 3357 Geschmeidigkeit Here Lang. Einen überlegenen
877 3327 1836 3368 und deswegen ist die Presse eines Landes oder einer
1857 3349 2811 3401 Aristokraentypus stattete Herr Nhil mit be¬
882 3365 1838 3426 Zeit genau so schlecht oder so gut wie das Zeitalter,
1857 3389 2815 3451 kannter Meisterschaft im Malen solchen Bildnisse
879 3407 1833 3450 von dem sie lebt, wie die Nation oder die Partchdenen
1857 3442 2813 3486 aus. Sehr sein in ihrem weichen Egoismus war
891 3444 1832 3493 sie dient. Die Presse beherrscht in Wahrheit so venig
1848 3480 2815 3532 Fr. Berda als Fürstin Priska. Heierkeit und
879 3478 1837 3533 das geschichtliche Geschehen, wie die Welle das Meer
1848 3517 2812 3584 Beifall dankten dem Autor und der Darstellung.
880 3524 1842 3578 beherrscht, dem sie entspringt. Ihr Einfluß reicht
2673 3558 2772 3619 ho.
882 3554 1850 3633 genau so weit, als Macht und Willen des mächtigen
876 3597 1881 3675 Einzelnen oder der Massen finter ihr stehen. Ihre:
