3392 4256
1688 168 1878 252 box
1898 169 2117 255 33/1
217 155 1518 260 27. Einkund Fliederbusen
1899 399 2085 451 —
980 450 2261 536 Prsonders sestelen, weit durch die Besicherspere an Gehuristag
989 525 2257 589 vielfach die Meinung erweckt wurde, daß Baumeister weiß Gott
993 558 1749 612 wie leidend und schonungsbedürftig sei.
1111 603 2256 653 Mitte November geht im Deutschen Volkstheater Artur
999 650 2255 726 Schnitzlers neueste Komödie „Fink und Rosenbusch“ in Szene.
997 705 2264 771 Die meisten Werke des Dichters haben ihre Uraufführungen
1000 760 2250 819 am Burgtheater gehabt, so daß die „beteiligten Kreise“ ein
995 799 2259 867 wenig erstaunt waren, als man zum erstenmal vernahm, daß
989 833 2258 923 der neueste Schnitzler im Volkstheater herauskommen werde.
987 890 2250 967 Bekanntlich gab es einmal vor vielen Jahren einen „Schnitzler¬
1005 943 1811 989 Konflikt“ im Burgtheater. Es war
1809 945 2254 1008 unter der Direktion
1006 995 1815 1044 Schlenther. Er wurde dann beigelegt,
1826 996 2250 1058 sozusagen unter der
1001 1029 2259 1113 Patronanz der führenden Wiener Kritik. Später erblickte dann
997 1081 2260 1134 jedes Werk des Dichters, zuweilen gleichzeitig mit dem
1008 1144 2260 1202 Berliner Lessing=Theater, im Burgtheater das Rampenlicht.
996 1182 2261 1241 Schlenther wurde einer der wärmsten Verehrer des Dichters, ge¬
994 1219 2274 1289 staltete das Schnitzler=Repertoire aus, besaß aber freilich nicht
986 1269 2260 1328 auch den Mut, den „Medardus“ zu spielen, dieses „geniale
993 1326 2258 1398 Monstrum“, wie er das Stück in einer kritischen Laune nannte,
997 1380 2268 1458 wegen seiner über das Theatermaß hinausragenden Länge. Erst
992 1412 2260 1483 Baron Berger wagte das „Experiment“, das sich dann so erfolg¬
991 1483 2267 1539 Preich gestaltete. Auch Direktor Thimig pflegte Schnitzler in
996 1523 2269 1587 hervorragender Weise. Es gab verschiedene Reprisen unter seiner
1006 1571 2242 1637 Leitung. Er hatte auch mit der Komödie „Fink und Rosenbusch“
996 1614 2271 1689 gerechnet, doch hielt sie der Dichter ziemlich lange
993 1666 2269 1733 zurück. Er hatte, wie man erzählte, ursprünglich die
1005 1711 2270 1772 Absicht, das Stück während des Krieges nicht aufführen
1007 1754 2269 1824 zu lassen. Da sich aber der Krieg, gleich dem „Medardus“ in
1014 1794 2265 1866 die Länge zog, entschloß er sich nun doch dazu, sein Journalisten¬
1014 1856 2276 1924 lustspiel nicht auf den Frieden warten zu lassen. Bekanntlich be¬
1007 1899 2272 1972 handelt diese Komödie einen Stoff, der jährlich in einem Lustspiel
1007 1940 2271 2018 von Tristan Bernard vorkommt, das vor vier Jahren im Josef¬
1002 1984 2275 2064 städter Theater aufgeführt wurde. Schnitzler ließ damals gemeinsam
1019 2047 2274 2116 mit Thimig sein Werk notariell als ein früher entstandenes
1005 2093 1318 2173 „legalisieren“.
1134 2144 2277 2208 Nun wird die Premiere nicht im Burgtheater, sondern im
988 2182 2268 2260 Deutschen Volkstheater stattfinden. Warum? Darüber munkelte
998 2235 2272 2310 man gleich allerhand Geheimnisvolles. Die Theaterspatzen haben
998 2275 2280 2353 iin solchen Fällen immer etwas zu pfeifen. Diesmal pfiffen sie
1000 2325 2277 2398 besonders kräftig. Aber die Eingeweihten erzählen, daß die Sache
1013 2373 2278 2468 ganz einfach war. Direktor Wallner gab in der vorigen Saison
1015 2428 2280 2497 „Anatol“, das „Abschiedssouper“, „Liebelei“, Komtesse Mizzi“ und
1015 2475 2275 2539 setzte sich förmlich in den Kopf, auch einen funkelnagelneuen Schnitzler
1021 2532 2255 2601 zu bringen. Da schrilb er nun einen sehr liebenswürdigen Brief
1012 2576 2274 2645 an den Dichter, worin er ihn um sein neues Stück bat. Artur
1022 2633 2261 2689 Schnitzler erschien in der Direktionskanzlei und erfüllte in seiner
1008 2662 2271 2745 charmanten Weise die Bitte des Direktors. So kam nun „Fink
1016 2715 2283 2773 und Rosenbusch“ ins Deutsche Volkstheater. Wenigstens erzählen
1009 2763 2276 2831 stes so die Eingeweihten. Die besonders Eingeweihten munkeln aber
1011 2820 2270 2878 srotz alledem etwas anderes. Beim Theater wird ja immer ge¬
1017 2866 2265 2924 munkelt und da wollen sie nun wissen, daß Schnitzler mit dem
1016 2914 2276 2963 neuen Burgtheaterdirektor nicht ganz harmoniere und man findet
1010 2962 2261 3004 beispielsweise sehr auffallend, daß die „Komödie der Worte“
1005 2996 2277 3089 aus dem Spielplan ganz verschwunden sei. Allerdings werden
1036 3053 2049 3121 defür andere Schnitzler=Stücke im Burgtheater gespielt.
1129 3104 2292 3165 Direktor Geyer pflegt an der Neuen Wiener Bühne neben
1029 3151 2272 3217 „Causa Kaiser“ und dem „Neuen Gold“ auch die höhere Literatur.
1019 3193 2268 3265 Sie ist ihm eigentlich Herzenssache, aber Schwänke muß man eben
1019 3238 2273 3322 wegen der Theaterkasse geben. Sie muß es dann ermöglichen,
1000 3300 2267 3373 daß man sich dann ein= oder zweimal in der Woche der Literatur
994 3344 2270 3403 widmen kann. Es gibt bei uns Bühnenleiter mit zwei Seelen.
992 3394 2268 3460 Die Geschäftsseele gehört der Durchschnittsware, dem täglichen
990 3433 2278 3518 Brot des Theaters, die Kunstseele tobt sich in der Vor- oder
1009 3485 2269 3551 Nachsaison aus. Da kümmert man sich weniger um den hohen
1009 3545 2281 3602 Adel und das verehrliche Publikum und geht seine eigenen
1015 3580 2277 3648 Wege. Diese Woche führen sie bei dem einen zu Strindberg, bei
1021 3630 2270 3691 dem anderen zu Georg Kaiser. Man vergißt für eine Woche
1020 3681 2272 3736 seine lieben Stammautoren und erinnert sich an seine höheren
1027 3724 2274 3785 Ziele. Das eine Mal erinnert sich Direktor Jarno, das andere
1021 3777 2251 3837 Mal Direktor Geyer. Diesmal hat er sich zu einem „Zyklus“
1009 3831 2277 3886 entschlossen, was sicher sehr löblich ist. Den Anfang bildet Georg
1009 3850 2272 3939 Kaisers „Bürger von Calais“. (Herr Vernau bereitet übrigens
1007 3912 2272 3994 auch einen Georg Kaiser vor, und zwar den neuesten. Es gibt
1016 3966 1868 4016 nun auch ein Wettrennen in der Literatur.)
1126 4014 2267 4083 Diese Aufführung ist mit den größten Schwierigkeiten ver¬
1005 4048 2265 4123 bunden. Es ist nicht leicht, im Kriege diesen Dichter zu spielen,
1017 4105 2273 4169 denn er stellt an die Statisterie besondere Auforderungen. Im
