3344 4352
1712 187 2179 297 box 33/4
252 212 1569 317 27. Einkund Fliederbusch
1747 824 2908 909 GrabPPParme ain des sciläfnte Verdrtent Gin.
678 827 1738 912 Ts 1s#rabzzwarten, urwieweit dfe Warsenader
1739 910 2909 982 ist das cinzige Volk Osteurcpas, welches keine jüdi¬
136 873 1741 967 kalizien überreichte Regierung die Beschwerden der jüdischen Bevöl¬
1727 931 2638 1018 schen Pogrome auf dem Gewissen hat.
146 955 1736 1017 Ministerpräsidenten jkerung Ostgaliziens berücksichtigen und deren
1609 1004 1957 1085 e
345 1012 706 1090 D
2762 976 2928 1082 Sen
1743 1071 2908 1145 ich will! Auf eine Ueberzeugung kamn ich sie
580 1078 1747 1142 Und es wäre klüger gewesen, sich nicht getroffen
147 1072 568 1179 nd Flieder¬
1748 1124 2918 1195 nicht festlegen.: Zwei Machthaber vom Presse¬
585 1128 848 1205 zu fühlen.
1742 1175 2918 1233 organen, Herr Satan vom feudalen Wochenblaht und
675 1172 1744 1264 Der Held des Stückes schreibt als zFinke in
1756 1224 2917 1279 Herr Leuchter vom demokratischen Tagblatt (sie
143 1236 573 1316 giumgen im litera¬
577 1243 1741 1304 der feudal-kathholischem Eleganten Welte und be¬
1740 1265 2919 1353 kommen in dem Stückk am schlechtesten weg, und
146 1293 576 1365 nicht schämte, aus
580 1298 1735 1361 kämpft seine Artikel mit Kraft und Temperament
1759 1313 2924 1374 es ist peinlich, darauf hinzuweisen, daß die Ableihmer
147 1345 577 1408 den, müßte man
593 1357 1740 1409 unter seitem richtigen Namen = Pliederbusche in der
1745 1365 2921 1429 der Komödie eigentlich micht ihre Sache, sondern
149 1398 572 1465 hört wohl die Ab¬
577 1391 1732 1469 Idemokrafischene minderkathelischen -Gegenwarts,
1751 1427 2921 1482 die ihrer Chefs ventreten haben), sind begeistent von
143 1441 575 1514 inscharrung einer
580 1439 1744 1505 die in der -Eleganten Welte ein Judenblatt gemnannt
1740 1473 2907 1533 den Fähigkeiten des gesinnungslosen, aber feder¬
142 1484 586 1558 ges im Deutschen
578 1496 1745 1563 wind. Schwitzler gewinnt zunächst unsere Symparhie
1755 1526 2919 1585 gewandsen Fliederbusch aus der Schiffamtsgasse.
148 1538 584 1612 gelangte und rasch
576 1541 1741 1607 Efür diesen Rechts- und Linksschreiber. Er läßt den
1755 1581 2919 1630 Sie wollen ihm für sich gewinnen, beginnen zu lizi¬
137 1601 578 1659 eeer, von der
590 1594 1734 1645 talentvollen jagen Mann vorerst sein Armelente¬
1752 1617 2916 1686 tieren, überbieten einander in fabelhaften Gehalts¬
139 1635 577 1707 ehandelter Wiener
583 1645 1732 1711 lieim in der kleinen Schifftutsgasse schildern, be¬
1738 1665 2917 1744 znisagen, und Hemr Leuchter ruft entzückkt aus:
147 1681 576 1750 en Blätterstimmen
592 1690 1747 1759 vor er ihm an der Arbeit zeigt. Er läßt ilm von
1749 1717 2913 1794 = Wissen Sie, was sie getan haben! Sie halben ad
144 1738 577 1809 ungen. Die einen
590 1738 1749 1798 seinem Veter, einem herabgekommenen jüdischen
1749 1766 2921 1847 abbsurdum geführt. Ich weiß zwar moch nicht ganz
140 1782 581 1861 chstens wieder bei
573 1787 1748 1870 Kaufmann, sagen, daß er ihn bewundere. Eine
1750 1823 2591 1895 genau, was — aber Sie haben!...
136 1832 580 1910 ideren fanden sein
584 1837 1740 1893 beneidenswente Natur, er glaubt am sich.e Flieder¬
1842 1847 2911 1942 Es ist nicht das einzige gelungene Wortt dieser
147 1894 576 1962 .dilettantisch zu¬
593 1889 1737 1961 busch junior, der mit erstamnlichem Erfolg die
1748 1917 2927 1975 bunten, figurenreichen und geistvollen Komödie, in
582 1941 1741 2019 Kunet geübt hat, jede Spur zu verbergen, die an
1754 1978 2924 2035 der sie uns alle leibhaftig begegnen: Die kleinen
145 1982 525 2051 ntsetzlich fad
586 1991 1741 2054 seine Herkunft aus der Schiffamtsgasse erinnern
1759 2024 2918 2091 Zeilenschinder und die großen Erfolgmacher, die
150 2012 577 2118 neinzugehen. Ein
589 2041 1738 2090 könnte, der gute Figur macht und n der feudalsten
1761 2088 2919 2139 empörten, aber frülrzeitig geknickten Charakter¬
591 2083 1747 2158 Gesellschaft willkommen ist, glaubt nicht an sich
1756 2119 2920 2194 festen, die in der Journalistik gelandeten Entgleisten
584 2140 1749 2198 und macht sich über seine Gesinnungslosigkeit nicht
118 2125 582 2212 unnalistenkomödie
1755 2179 2917 2240 der Gesellschat, die Geschäftsleute mit der olumen¬
582 2183 1749 2261 die geringsten Skmpel. Die Beschaffenheit seiner
144 2198 577 2261 rd die Animosität,
1763 2230 2925 2285 reichen, warmen Feder, die Revolverherren mit den
584 2229 1748 2315 ioumalistischen Umwelt und die Gesellschaft, die
150 2236 579 2306 mit der das Stück
1758 2270 2925 2333 Skandalgeschichten in der Schreibtischlade. Das
586 2294 1745 2357 zu den beiden feindlichen Redaktionen Bezichungen
153 2280 588 2363 hen. Man sicht in
1761 2318 2931 2381 Völkchen ist vollzählig. und — das war vielleicht
582 2335 1746 2412 pflegt, geben ihm beinaße recht. Die Kollegen von
155 2340 575 2406 an sicht ihre In¬
1768 2371 2921 2437 von Schnitzler unbedacht — es rekrutiert sich nicht
595 2380 1748 2443 der Eleganten Welte drängen Herrn Fink mit Be¬
162 2390 580 2456 Teil nicht gerade
1757 2420 2921 2484 bloß aus den Bekennern einer Konfession. Alle
150 2439 589 2500 er geschmackvolle
581 2435 1748 2490 hagen dazu, Hern Fliederbusch wegen eines be¬
1751 2471 2930 2539 beleuchtet der Dichter scharf und breitet doch vor
586 2482 1741 2548 leidigenden Artikels zu einem Duell auf Leben und
155 2490 577 2553 d und stets gütig,
1762 2519 2927 2585 die meisten seine schützenden Arme, bringt uns bei,
587 2534 1739 2594 Tod zu fordemn, umd die Kollegen von der =Gegen¬
142 2526 584 2597 talten vom Fleisch
1768 2571 2693 2635 daß alles begreifen alles verzeihen heißt.
591 2581 1747 2634 wart geben Herrn Fliederbusch eiligst preis. So
143 2593 581 2655 rend seiner Arbeit
1852 2616 2919 2688 Da ist der Kritiker Abendstern. E: möchte das
584 2621 1754 2710 kommt es zu dem merkwürdigen unbhrtigen Duell
144 2637 579 2703 nwalt, wo er sie
1767 2679 2920 2735 Stück seines Redaktionskollegen Kajetan nach Ge¬
582 2686 1738 2750 zwischen Fink und Fliederbusch und Fliederbusch,
148 2681 586 2750 ich merkwündigen
1757 2732 2918 2798 bühr verdonnern, wie er überhaupt in temperament¬
586 2731 1745 2809 der sich selbet als Ducllant entgegentnitt, sagt zu
141 2735 567 2804 briger Geschäftig¬
1766 2771 2928 2849 vollen Ausbrüchen seinen Schmerz derüber kundtut,
587 2795 1748 2849 den teils verdutzte, teils sittlich ampörten Kichitzen
141 2794 579 2851 rklären. Es wäre
1755 2824 2925 2890 daß er nicht die Wahrheit schreiben darf. Aber was
585 2830 1746 2893 des pikanten Waffenganges: Mir ist meine Ge¬
151 2832 586 2907 Tiefer häßgenle,
1754 2877 2924 2948 ist zu tun! Sein Chefredakteur, Herr Leuchter,
586 2889 1739 2947 sinnung nicht feil, ich muß mir das Recht verbe¬
169 2877 581 2948 Redaktions- und
583 2932 2917 3002 halten, jeden Tag zu denken und zu schreiben, was ] meint warnend: -Mein lieber Abendstern, ich habe
160 2930 598 3003 strahl zu belegen.
1268 2988 1562 3057 —
227 2993 400 3045 —
560 2990 731 3049 —
420 3038 1106 3121 erstkisssig und billigst
2106 3037 2919 3146 II., Taborstralle 40 = En gros
1928 3121 2936 3207 AaN Telephon 47179 1074 En detall
158 3111 1910 3201 eie im Warenhaus Sadel Beimiina
237 3321 391 3482 27
3241 3492 3305 3587 05
3263 3549 3312 3621 900
2972 4086 3342 4175 a
