3392 4256
249 47 426 140 27.
2074 11 2155 74 .
1712 64 2168 172 box 33/1
409 55 1576 170 Einkund Friederbusch
652 1386 1602 1482 —
2766 1391 3349 1500 ——
478 1463 2818 1539 namens Fliederbusch, der gleichzeitig Fink heißt und unter auf eine nicht allzu unwahrscheinliche Weise unter unseren
2823 1481 3345 1547 er dort wie hier seine H
492 1524 1666 1593 diesem Namen für ein Blatt von entgegengesetzter Tendenz
2826 1530 3341 1595 liebliche Spiel einer reizen
1664 1528 2819 1588 Augen entwickeln. Fliederbusch, der ohne zureichende
488 1564 1665 1614 schreibt, erweist durch seine bloße Existenz die Identität der
1666 1566 2818 1641 Bildung und ohne fertige Persönlichkeit als blutjunger
2828 1569 3328 1633 noch eine Weile weiter
499 1610 1669 1671 Gegensätze. Er tritt mit der Feder in der Hand mannhaft
2824 1622 3349 1693 Herausgebers der „Elegan
1666 1620 2819 1691 Mensch von einigen Zwanzig sich in der Redaktion der
489 1652 1670 1731 für zwei entgegengesetzte Ueberzeugungen ein, nicht anders
2810 1667 3349 1736 junger Herr wäre, der d
1674 1667 2826 1737 „Gegenwart“ als politischer Mitarbeiter mehr unnütz als
483 1712 1668 1769 als Schmock, sein Großvater in dem Freytagschen Lustspiel,
2826 1719 3341 1783 seinem Widersacher schläg
1659 1717 2823 1793 nützlich macht, möchte sich verändern, dies um so mehr, als
489 1751 1663 1811 der von sich selbst behauptet: „Ich kann schreiben nach rechts
2819 1764 3337 1838 Wien einmal von einem
1660 1771 2826 1834 er auch die Zufriedenheit seines Chess nicht zu erringen
487 1801 1660 1869 und kann schreiben nach links; ich kann schreiben nach jeder
2817 1818 3321 1878 sprochen — ein solches
1659 1821 2825 1895 vermag und vor der Entlassung steht. Es zieht ihn zu der
494 1851 1660 1905 Richtung"; nicht anders auch als Giboyer, der seinen
2811 1855 3339 1931 von der „Eleganten Welt
1671 1866 2809 1928 im entgegengesetzten Lager fußenden „Eleganten Welt“, zu
487 1893 1654 1954 Namen umdreht wie einen Handschuh, um als „Boyergi“
2809 1901 3345 1983 allzu großes Widerstreben
1654 1916 2569 1972 der er auch schon vermöge seines eleganten .
2606 1915 2816 1982 äußerlich
494 1940 1668 2003 seine eigene journalistische Vergangenheit zu bekämpfen.
2814 1948 3340 2019 es geschehen, daß sich zwei
1661 1964 2813 2021 eleganten — Wesens und seiner tadellosen — äußerlich
486 1981 1657 2039 Freilich, Schmock ist in dem älteren Lustspiel nur eine
2808 2002 3344 2070 in die Redaktionsstube der
1660 2006 2823 2077 tadellosen — Manieren zu gravitieren scheint. Er macht
485 2024 1659 2090 Nebenfigur, Gustav Freytags Kajetan etwa, und Giboyer,
2819 2046 3333 2123 Fliederbusch, der Herrn
1671 2061 2824 2118 einen ersten Versuch, sich dort anzubiedern, indem er eine
479 2080 1659 2149 der edelmütige Vater, der sein Talent verunehrt, um seinen
2820 2094 3348 2166 herauszufordern, und ex ni
1672 2106 2821 2179 herausfordernde Rede des feudalen Grafen Niederhof, die
492 2127 1655 2180 Sohn zu Ehren zu bringen, ist eine nahezu unsterbliche Ge¬
2811 2146 3322 2214 in der „Gegenwart“ die
1668 2156 2817 2220 dieser anläßlich der Vorgänge von Strakonitz, wo auf
495 2171 1658 2231 stalt, die uns auch menschlich nahegeht. Herr Fliederbusch,
2804 2188 3339 2253 leichten Herzens an. S
1663 2206 2809 2266 streikende Arbeiter geschossen wurde, im Reichsrat hielt, in
490 2200 1667 2286 der zugleich Fink heißt, ist dies keineswegs. Er ist über¬
2808 2244 3351 2306 Schnitzler zu tun ist und
1661 2243 2813 2297 der „Eleganten Weit“ verteidigt. Der scheinheilig reaktio¬
479 2247 1656 2327 haupt — und hievon unterscheidet sich Schnitzler zum Nach
2810 2290 3354 2365 hinausläuft: das Duell i
1659 2288 2818 2356 näre Ton, in dem dies geschieht, erweckt unter den Redak¬
488 2315 1658 2383 teil von seinen Vorgängern — weniger ein Mensch als viel¬
2886 2334 3352 2415 Von hier an beginnt
1655 2343 2822 2403 teuren der „Gegenwart“ ein lebhaftes Echo, das sich im
483 2354 1653 2418 mehr die Verkörperung eines witzigen Gedankens, der
2804 2362 3350 2456 gleicht selbst in gewissem
1655 2385 2815 2445 Munde des Redakteurs Füllmann, eines immer dekla¬
492 2409 1655 2465 Träger eines Einfalles, allerdings eines ausgezeichneten,
2819 2429 3344 2503 ersten Akt nur eben so übch
1665 2423 2817 2499 mierenden Zeitungs=Posas, bis zum Donner der Entrüstung
481 2450 1658 2505 und den Schnitzler mit meisterhafter Geschicklichkeit bis zu
2803 2481 3349 2552 sich dann im zweizen in d
1663 2484 2815 2544 steigert. Leicht beeindruckt nad immer von seiner Um¬
486 2501 1475 2576 seinen letzten Möglichkeiten drariatisch ausbeutet.
2809 2521 3338 2599 immer kühneren Drehunge
1658 2525 2821 2589 gebung abhängie wie Fliederbusch ist, verfaßt er unter dem
2811 2574 3343 2637 Wenn die Heiterkeit im Th
1664 2575 2824 2651 Einfluß dieses Entrüstungsdonners blitzschnell eine Antwort
583 2564 1657 2642 Schnitzlers besonderer Einfall besteht darin, daß er
1657 2627 3348 2694 auf seine eigenen Ausführungen, die zur Abwechslung wieder steigt, so mag dies daran
492 2629 1651 2684 dasjenige, was Augier und Freytag zeitlich aufeinander
1665 2667 3342 2731 in der „Gegenwart“ erscheint. Natürlich hütet er sich, seinen auf der Bühne nicht durch
478 2672 1655 2745 folgen lassen, die Verleugnung der eigenen Ueberzeugung
1645 2715 3329 2784 Kollegen zu sagen, wer Fink ist, wie er auch umgekehrt, für das körperliche Auge
476 2723 1657 2787 oder die Bereitwilligkeit dazu, gleichzeitig macht und neben¬
2812 2771 3340 2821 ihr in keinem Augenblicke,
1649 2761 2822 2832 einen Akt später, in der „Eleganten Welt“ unter den ganz
486 2772 1652 2833 einandersetzt. Fliederbusch, ein unternehmender junger
2812 2816 3340 2880 wo immer man sie anrühr
1647 2817 2813 2873 anders gearteten und hauptsächlich sportlich interessierten
477 2821 1657 2892 Mann, der wie der Nestroysche Holofernes von sich sagen
1648 2864 2818 2932 Redakteuren dieses Blattes keine Ahnung hat, daß es einen
2812 2870 3344 2941 geistreich, daß eine zufällig
479 2873 1642 2928 kann: „Ich möcht' doch sehen, wer stärker ist, ich oder ich!“
1655 2910 2821 2969 Fliederbusch gibt. Dort, in der „Gegenwart“, hat er den
2808 2910 3322 2980 Welt“ anwesende junge F
479 2913 1656 2977 bindet mit sich selber an, indem er seine eigenen politischen
1650 2964 3345 3025 Ade' angegriffen und sich selbst, das heißt, Herrn Fink, shon die Bedingungen sein
478 2968 1652 3035 Ueberzeugungen, wenn man so sagen kann, in einem gegne¬
1648 3010 3353 3074 einen Snob geheißen, hier, in der „Eleganten Welt“ lernt lörtern hört, aus diesem An
486 3014 1655 3074 rischen Blatte bekämpft. Der Fall soll sich übrigens in
476 3061 3348 3112 Wien tatsächlich einmal ereignet haben, was nicht unbedingts er den Grafen Niederhof persönlich kennen und findet sofort, sso überaus tapferen jungen
479 3101 3340 3189 gegen seine Denkbarkeit spricht. Schnitzler läßt ihn sich daß er ein „faszinierender Mensch“ ist. Uebrigens kassiert im nächsten Morgen, unn
