3436 4384
1727 219 2187 319 box 33/4
271 216 1571 332 27. Einkund Fliederbusch
1472 370 2133 448 +.. Wien, I., Rotenturmstraße 12.
1110 481 1916 607 Theater und Kunst.
1200 634 1815 721 Hinter den Kulissen.
893 694 2126 776 (Zwei Dichter und eine Idee. — Das neue Lustspiel Artur
892 741 2062 802 Schnitzlers. — Eine fatales Zusammentreffen. — Der Notariatsakt.
881 775 2121 850 Fräulein Clemens in Aegypten. — Der Irrsinnige. — Ein zu¬
748 755 869 840 E
983 819 1980 883 treffendes Argument. — Das Pech der Schwankautoren.)
983 868 2132 925 Es handelt sich um das Stück von Tristan Bernard „Les
881 894 2125 987 deux cauards“, das vor einigen Wochen in Paris zur Urauf¬
740 944 1225 1008 I.  führung gelangte.
988 1008 1708 1063 Artur Schnitzler ist verstimmt.
978 1065 2124 1130 Es ist ihm etwas ganz Merkwürdiges zugestoßen. Ein böser
822 1093 2126 1176 2 Zufall hat ihm die Lanne verdorben und am liebsten würde er
871 1163 2122 1224 sein kürzlich vollendetes neues Lustspiel der Oeffentlichkeit für
873 1198 2124 1276 immer vorenthalten. Es widerfuhr ihm nämlich das widrige
876 1242 2132 1319 Schicksal, daß er sich mit einem anderen Autor in derselben Idee
865 1306 2115 1353 begegnete. Dies ist gewiß eine unangenehme Entdeckung. Im
871 1343 2123 1406 gewöhnlichen Leben gilt zwar der Erfahrungssatz: wenn zwei
872 1401 2121 1469 dasselbe tun, ist es nicht dasselbe, aber wenn zwei Schriftsteller die
873 1450 2133 1529 gleiche oder einander ähnliche Idee verwerten, ist man gleich
865 1505 2123 1559 bereit, von Plagiat oder dergleichen unangenehmen Dingen zu
865 1548 2122 1605 munkeln. Es ist daher begreiflich, daß Herr Artur Schnitzler einen
878 1588 2123 1652 gehörigen Schrecken bekam, als er vor kurzem erfuhr, daß die
756 1574 853 1663 1
871 1637 2117 1707 Idee, die er seinem jüngsten noch nicht aufgeführten Lustspiel zu¬
862 1679 2127 1756 grunde gelegt hat, in ähnlicher Form von einem französischen
871 1731 2120 1786 Autor verwendet worden ist. Der Erfolg, den der Schwank dort
869 1778 2124 1838 erzielte, hat ihm bereits den Weg ins Ausland gebahnt und
872 1828 2124 1887 bald wird man ihn auch hier in Wien im Josefstädter
878 1867 1165 1935 Theater sehen.
983 1924 2113 1974 Tristan Bernard zeigt in dem Stück die politische Viel¬
880 1967 2110 2043 seitigkeit eines französischen Journalisten, der seine Fähigkeiten
860 2026 2119 2083 gleichzeitig in den Dienst zweier feindlicher Parteien stellt. Der
858 2047 2111 2132 gute Mann läßt sich in einer Provinzstadt nieder, knüpft mit der
872 2116 2109 2167 Gattin eines Buchdruckereibesitzers ein Verhältnis an und gründet
865 2169 2123 2225 mit Hilfe seiner Freundin ein sozialistisch=radikales Blatt, das den
860 2195 2122 2280 Schloßherrn der dortigen Gegend heftig befehdet. Der feudale
861 2259 2119 2330 Gegner gründet zur Abwehr ebenfalls eine Zeitung, die selbst¬
854 2277 2108 2382 verständlich die Interessen der Konservativen zu wahren hat, und
810 2366 864 2415 1
861 2368 2121 2430 gewinnt dafür denselben journalistischen Widersacher, den er durch
852 2401 2112 2471 den politischen Kampf kennen und schätzen gelernt hat, als
859 2452 2108 2504 leitenden Redakteur. Der Journalist gebärdet sich von nun an
859 2505 2118 2557 auf der einen Seite als wütender Radikaler und auf der anderen
866 2543 2122 2626 Seite als zäher Konservativer und bekämpft und widerlegt sich
708 2575 1285 2656 gewissermaßen selber.
971 2647 2116 2716 Einen ähnlichen Grundgedanken hat nun Artur Schnitzler
856 2670 2116 2762 in seiner neuen Komödie verarbeitet, ohne natürlich von dem
853 2752 2107 2808 gleichzeitig entstandenen Schwank Tristan Bernards Kenntnis gehabt zu
734 2765 863 2834 und
864 2793 2112 2857 haben. Schnitzler hielt aus bestimmten Gründen das fertige Werk
857 2824 2112 2885 für diese Saison noch zurück, während der französische Autor mit
854 2882 2105 2943 seinem Stück vor kurzem vor die Oeffentlichkeit trat. Als Schnitzler
704 2885 856 2993 ns
851 2941 2116 3008 nun den Inhalt dieses Stückes erfuhr, soll er einer Ohnmacht
844 2982 2108 3056 nahe gewesen sein. Aber er gab sich nicht allzu lange diesen
852 3023 2118 3102 trüben Gedanken hin, sondern schritt zu einer entsprechenden
858 3072 2104 3150 Vorsichtsmaßregel, um nachherigen Feststellungen, Prioritäts¬
694 3109 849 3198 8/III.
853 3121 2109 3193 streitigkeiten usw. zu entgehen. Er ließ sich nämlich durch einen
866 3172 2096 3239 Notariatsakt bestätigen, daß sein Lustspiel bereits vollendet
848 3226 2095 3283 war, als der französische Schwank zur Erstaufführung gelangte.
708 3245 829 3313 us
847 3283 2093 3329 Damit hofft er alle eventuellen Vorwürfe ein= für allemal un¬
700 3306 831 3372 lag.
832 3333 2093 3377 möglich gemacht zu haben. Aber ärgerlich ist die Sache trotzdem.
954 3360 2099 3431 Das Kino übt eine unwiderstehliche Macht. Selbst angesichts
686 3377 794 3466 I
840 3417 2095 3477 der übermenschlichen Denkmäler der Pharaonen, der Pyramiden
718 3461 793 3506 g 30
846 3468 2100 3522 und Sphinxe ist Fräulein Clemens vom Josefstädter Theater dem
692 3498 811 3554 itung
841 3490 2108 3572 Filmzauber erlegen und agiert während des Urlaubs, den sie für
843 3563 2095 3617 eine Reise nach Aegypten genommen hat, für Lichtspiele. Die
693 3546 817 3624 5.
849 3595 2090 3665 Tätigkeit ist allerdings den Annehmlichkeiten angepaßt, die man
845 3656 2096 3708 von einem Ausflug in das Nilland erwarten darf. Fräulein
831 3679 2096 3747 Clemens reitet auf Kamelen in die Wüste, lebt dort in Zelten
831 3745 2088 3802 und nährt sich von Datteln, Bananen und anderen Süßigkeiten.
838 3798 2097 3851 Da aber die Schauspielerin sich noch vor dem Kino auch der
838 3846 2092 3916 Asronautik zugewendet und in diesem luftigen Fache bereits eine
848 3888 2086 3952 Probe abgelegt hat, so wird das Wüstendasein mit einem Fluge
834 3953 2097 4002 über das Sandmeer abgeschlossen werden. Hoffentlich zieht sch der
846 3990 2092 4052 originelle Abschluß nicht zu lange hin; aber es wäre gewiß eine
838 4034 2095 4097 Sensation, wenn Fräulein Clemens am Ende ihres Urlaubs, der
836 4071 2092 4161 im März abläuft, mit dem Luftballon im Theater in der Josef¬
833 4122 1097 4199 stadt landete.
953 4171 1838 4223 Herr Generalsekretär Steininaer vom Theater
2965 4135 3081 4192 L
