3392 4256
-14 1750 82 1813 el
19 2314 89 2388 i4
-14 2446 78 2524 te
1682 161 2205 267 box 33/3
286 167 1602 285 27 Einkund Friederbuscn
187 1518 295 1604 ha
1204 1570 1995 1665 PArer
1941 1592 2329 1669 Sinvrurn ve
392 1638 3308 1735 lüst an der Point d'honneur-Frage des Journa= an diesem Premierenabend unseres Mißver= Berlin, Georg Reicke, bei Reinhart in der#
403 1695 3303 1779 listenberufes herumfingert, da schuf Freytag wenige gnügens etliche unhöfliche Hausschlüssel tempera= Volksbühne aufführen ließ, heißt „Blut¬
398 1734 1369 1804 stens eine arme, zerdruckte Menschlichkeit nach dem
1353 1743 2179 1813 mentvoll bemüht wurden, war überflüssig.
2290 1751 3307 1823 sopfer“ und spielt auf dem kriegerischen Hinter¬
403 1779 1367 1852 Motto: Brot geht vor Charakter, Schnitzler bin¬
1431 1797 2329 1866 Der neue Dichter, der im Theater in der
2311 1793 3304 1874 grund der von den Kosakeneinfäl#n verwüsteren
403 1827 1370 1897 gegen einen Polichinell, hinter dessen wllsten
1355 1828 2329 1909 Königgrätzerstraße startete, heißt Wilhelm Stück¬
2313 1833 3310 1917 Provinz Ostpreußen. — Ein si## ner Fünfziger,
404 1857 1371 1941 Sprüngen weder eine traurige Narrheit nuch eine
1365 1882 2329 1945 len, ist jung, kriegsbeschädigt ser kam an einem
2316 1892 2884 1950 feldgrauer Hauptmann,
2961 1881 3299 1952 dreier ausge¬
394 1895 1365 1976 närrische Traurigkeit wohnt, sondern nur eine
1365 1921 2328 1977 Stock vor den Vorhang gehumpelt), aber uner¬
2317 1928 3299 2007 wachsener, zum Teil auch dgrauer Söhne,
400 1962 1368 2024 gauklerische Bewußtlosigkeit, der wir unsere An¬
1363 1955 2318 2034 schrocken. Er hak das Zeug zu einem deutschen
2308 1975 3305 2055 holt sich ein lenzt es K# ahriges Blut ins
389 1992 1371 2065 teilnahme versagen mussen. Schnitzlers Schmock
1365 2002 2332 2086 Sardon. Und das will, da der deutschen Bühne —
2309 2023 3306 2073 lange leerstehende Eheven: Die Söhne wider¬
191 2040 1361 2111 ahmen in redivivus, der rechter Hand als Fink und linker
1348 2051 2322 2117 trotz, nach und neben Sudermann — gerade die
2318 2069 3300 2137 streben, zwei im Gedanken an die erste Mutter,
206 2086 1372 2150 Theater= Hand als Fliederbusch schreibt, ist eine hölzerne
1348 2101 2326 2167 Sardouschen Begabungen mangeln, schon etwas
2313 2109 3295 2177 einer, der jüngste im Gedanken an die zweite.
200 2150 1375 2207 nung er= Marionette geblieben mit der der Puppenspieler!
1353 2152 2317 2211 sagen. Ein unbedenkliches, seelisch robustes junges
2314 2157 3304 2218 Näheres lies im „Don Carlos“: „Sie waren mein
389 2182 2330 2232 Schnitzler selbst nichts Rechtes anzufangen wußte. Mädchen, das mit seiner Mutter in einem beiseren
2334 2205 3301 2259 — im Angesicht der Welt ... Mir zuerkannt von
426 2229 2325 2310 Um den vielseitigen jungen Skribifax taumeit Kasernenton verkehrt, hat ein wohl assortiertes
2314 2243 3293 2303 Himmel und Natur.“ — Der Vater Hauptmann
200 2272 2325 2340 Es neuen eine Schar parobistischer Erscheinungen, in denen Lager von Bewerbern. Peter, den Assesor, Walter,
2307 2283 3293 2352 muß, noch ehe er sein zweites, ihm so arg miß¬
282 2306 1360 2389 bei Schnitzler Journalisten zu sehen und zu zeichnen
1357 2313 2331 2399 den Fabrikanten und — Koloman Schnödiol,
2305 2322 3299 2399 gönntes Gemahl erkannt, ins Feld. Die beiden
197 2363 1352 2421 ische Tat vermeint. Dichter haben das Vorrecht der Welt¬
1343 2366 3292 2423 Magyar erber und Schloßherr auf Burg Stein=kältesien Söhne auch. Die junge Frau bleibt unter
208 2412 2322 2476 Berlin, fremdheite. Dieser Umstand mag als Entschuldi= auch irgendwo im Ungarischsten. Viga, die hand¬
2300 2417 3298 2480 der Obhut des jüngsten — just des Carlos — auf
389 2450 3294 2500 gungsgrund Schnitzlers gelten. Auch er scheint die feste Junafrau, hat nur zu wählen. Aber das ist] — zwiefach heißem Boden zurück. In einem zeit¬
190 2472 3298 2545 m Recht Welt nicht zu kennen, die er zu schildern unter= nicht so leicht. Denn — den Peter, den liebt sie,genössischen Roman heißt es an gelegener Stelle
201 2541 3301 2620 er Stelle nahm. Darum verzerrte er sie, und zwar so sehr, den Walter, den mag sie, und den Schnödials immer: „Und es kam alles, wie es kommen
206 2594 2324 2658 gewertet daß man in der Verzerrung kaum noch ein glaub= Poloman, den nimmt sie Von wegen ... usw.
2309 2585 3299 2666 mußte.“ Es kommt auch hier alles, wie es kommen
408 2625 1356 2694 würdiges Arbild zu erkennen vermag. Artyur
202 2623 390 2688 einlichen
1341 2631 2312 2693 Die „Straße nach Steinauch“, wie der
2303 2636 3293 2713 muß. Fast jeder Mann dieses Lebensalters und
213 2666 390 2732 isinnigen
390 2672 3287 2734 Schnitzler glaubte, dem Sinn für das Lächerliche symbolische Titel der sogenannten Dichtung lautet, dieser Lebenslage wird zum Carlos; nicht jede
209 2706 3290 2789 eit seines nachzugeben, als er seine Journalistengroteskes ist nämlich nichts anderes als der viel begangen= Frau hat das Zeug zu einer Königin Elisabeth.
208 2764 3296 2826 kann ver=schuf, aber — er verzeihe — die Lächerlichkeit biseb! Weg zur auskömmlichen Versorgung, den die Diefe hier besonders nicht, denn — unter uns ge¬
208 2808 1355 2865 gabe, die dieses Mal auf seiner Seite. Die wirkliche Satire
1345 2797 3118 2872 meisten jungen Mädchen aus guter Families sagt, ist sie ein süßes blondes Luderchen,
1348 2855 1555 2920 schreiten.
217 2853 1348 2919 atire auf auf die Hexenküche der Presse blieb noch unge¬
2371 2862 3288 2934 Georg Reicke hat sich an dem psychologischen
200 2885 580 2956 nodernen boren.
625 2889 1358 2941 Albert Bassermann, der in
1418 2897 3286 2976 Herr Wilhelm Stücklen bekundet ein be=Drama, das in seinem Werk steckte und das der
205 2939 1352 3001 hoch reiz= Berlin den geschmeidigen Doppelmann zu spielen
1345 2921 2316 3012 achtenswertes Talent für die straffe Führung der
2293 2954 3299 3030 Conflikt zwischen zwei Generationen sein anschlug,
206 2983 1357 3048 haglichen hatte, gab ihn mit allen Merkmalen sanfter Ver¬
1334 2973 2313 3046 Szene. Er verschmäht die abgegriffensten Hilfs¬
2300 2995 3282 3057 vorbeigedrückt. Er hat dafür ein kriegerisches
209 3033 2300 3098 ytag, wol trottelung. Er lallte, stammelte und schlenkerte als mittel nicht wo es eine kulissenkräftige Wirkung
2298 3043 3291 3100 Spektakelstück mit Pauken= und Drommetenschall
216 3068 2310 3141 Bahnen ein wohlangezogener, aber kindischer Flegel auf gilt. — Die Herren Meinhard und Bernaner
2307 3077 3282 3149 geschrieben, das ebenso laut und unzart ist wie
208 3105 2303 3182 heut ein der Bühne umher. Manchmal dachte man, er ver-hatten dem neuen Mann feierlichen Pomv ange¬
2293 3139 3291 3197 usere laute und unzarte Gegenwart. Und das tut
205 3155 2311 3216 #rd, ent=greife sich in der Rolle und stelle das erste Ver-deiben lassen. Ihre gern herausgestellte Salon¬
2300 3178 3283 3251 uns leid weil wir nicht wollen, daß die leisen und
212 3204 2315 3274 en Har= blödungsstadium Oswald Alvings dar. Und dabei dame Erika Gläßner durfte schillern. Alles
2303 3221 3224 3285 fäßlichen Regungen in den Besten unter uns —
211 3242 2317 3304 e unein- bedurfte die Blödheit der Gestalt wirklich keiners in allem kann man wohl mit Muße und ohne
2465 3259 3286 3343 wir Georo Reicke zählen — vom Kalbfell
2296 3269 2429 3337 31
206 3294 3068 3347 chaffen- individuellen Steigerung oder Vertiefung. Was innere Ungeduld die weitere Enttricklung dieses un  Beintanz überdröhnt werden.
211 3335 1339 3397 icht, das sich neben und um Bassermann auf verlorenen
1339 3338 2080 3409 jungen deutschen Sardon abwarten.
219 3364 1363 3437 berechtig= Posten mühte, stand im Zeichen der Karikatur.
1414 3364 2338 3449 Das aus per Zeit, aber kaum mehr in die
2686 3378 2911 3472 —
224 3431 2349 3485 stem Ge=einem Zeichen, unter dem nicht gesiegt wurde. Daß Zeit geborene Stück, das der Burgermeister von
