3344 4352
1702 217 2131 316 box 33/3
220 227 1526 329 27. Eink und Fliederbusch
127 948 696 1059 e Rundschau
142 1029 473 1094 rgen-Ausgabe
194 1186 531 1290 8 DEZ./977
1289 1269 1698 1343 S PF  R
848 1326 2070 1392 den's doch gar nicht gibt, fordert den Fliederbusch, den's
857 1386 2056 1442 ebenfalls nicht gibt? Fink=Fliedrbusch lacht sich in drei recht
145 1351 704 1461 Kunstleben.
862 1419 2065 1478 langen Monologen darüber selber fast zu Tode . .. fast, denn
853 1467 2066 1509 noch muß er ja doch am Leben bleiben, um einer pikanten
140 1473 466 1548 sing-Theaker.
861 1509 2053 1571 Fürstin den Hof zu machen und mit dem Gnafen Niederhof
142 1528 720 1593 rbusch“, Komödie in 3 Akten
913 1551 2065 1602 der einzig wahren und echten Gestalt dieser traurigen
127 1583 492 1658 Kerzur Schnitzler.
859 1587 2055 1636 Komödie — besagtes Gespräch von den verschiedenen Ueber¬
152 1607 841 1701 doch an die „Joxphalisten“. Das
858 1634 2053 1691 zeugungen zu haben. Dann aber kommt das Duell. Im
865 1683 2055 1732 Prater, in einem Prater, den die Phantasie eines Herrn
160 1681 852 1747 und Frankfurt a. M., wo diese
166 1724 838 1785 Uraufführung erlebte, auch schon
852 1722 2068 1774 Michael Rachlis zu einer Urlandschaft des Paradieses werden
146 1762 838 1826 hübsch ist. Aber Fheaterzettel und
860 1762 2073 1829 läßt, was vielleicht die Komik der Situation erhöhen sollte ...
864 1812 2067 1853 Doch nein, dieses Duell kommt nicht. Denn weder ist der Fink
135 1813 842 1874 sichtiger als alle guten Vorsätze. Der
856 1855 2059 1905 noch ist der Fliederbusch da. Nur Fink=Fliederbusch. Und
159 1852 837 1913 in Ehren . . . und für Schnitzler
857 1895 2053 1951 der kann sich doch schließlich nicht selbst tot schießen. „Gegen¬
145 1899 838 1967 Ich weiß: das Publikum, das sich
866 1937 2068 2000 wart“ und „Elegante Zeit“ sind wütend, Fink=Fliederbusch
150 1937 845 1993 estiert. Es jubelte. Pfeifen und
142 1984 850 2037 n auf. Im Gegenteil, es verstärkte
861 1980 2051 2039 dagegen gar nicht. Denn er macht nun die Karriere, die ihm
130 2027 851 2098 ublikums, das wie am Kurfürsten¬
857 2031 2065 2086 schon längst prophezeit war. Die Chefredakteure beider
856 2067 2064 2117 Blätter überbieten sich schnell, um sich diesen jungen Mann
131 2068 841 2128 ng Kaufmann — an die eine possen¬
141 2121 842 2165 te — wollüstig erschauernd eine neue
851 2120 2056 2167 zu sichern, die Fürstin — Gott weiß, wie sie dazukommt —
852 2159 2057 2213 fragt sehr neckisch, was hier denn versteigert wird, und zu
165 2154 850 2216 aber, welche Schnitzler lieben, ver¬
858 2201 2053 2256 guter Letzt gewinnt ihn der Herr Graf, der gar keine Ueber¬
177 2206 846 2265 vielmehr sie schlüpften eilends in
864 2246 2056 2308 zeugung hat, für sein neues Blatt, weil es ihn amüsiert, daß
193 2247 840 2305 den Kragen hoch und gingen.
854 2288 2052 2340 jemand — zwei Ueberzeugungen hat. Schluß! Beifall,
181 2284 847 2356 rechte Wetter just zum Abschied¬
866 2325 1313 2401 Zischen, Hausschlüssel.
144 2361 841 2436 wart“, einer demokratischen Tages¬
935 2383 2051 2440 Das ist in drei langen Akten erzählt, die nicht von
168 2425 837 2478 gewisser Fliederbusch, der annoch
865 2408 2062 2475 Schnitzler sein dürften, wenn sie nicht hier und da witzig
169 2472 840 2532 ist, jedoch die Kündigung schon in
866 2471 2063 2521 wären. Aber dieser Witz geht diesmal auf den Krücken von
149 2505 846 2581 unger Mensch, einen Angriff gegen
868 2512 2056 2576 langen Monologen und Dialogen, die ganz unschnitzlerisch
149 2554 849 2606 henschrift „Die elegante Zeit. Bei
856 2560 2063 2603 sind. Ich will nicht noch einmal an Freytag denken. Ich will
140 2593 848 2666 ns „Welt“. Das Zartgefühl des
864 2601 2058 2649 auch nicht an „Oaha“, Wedekinds Satire der Satire, denken.
154 2634 842 2701 daraus eine „Zeit“ ... das neben¬
853 2630 2069 2704 Das würde viel zu weit führen. Aber ich denke an den
155 2686 836 2741 eine Parlamentsrede eines Grafen
852 2687 2058 2728 Schnitzler des „Einsamen Wegs“ und werde traurig. Ist das
157 2728 837 2785 nun der, daß der Artikel in der
861 2725 2073 2806 der Zweck einer Komödie? Nun ja, die Idee! Sie ist an sich
138 2754 848 2829 s von Fliederbusch stammt. Nur
866 2781 2061 2835 nett. Daß der Franzose Tristan Bernard sie gleichzeitig
147 2815 847 2872 em Namen Fink. Es greift also
861 2818 2060 2864 hatte, spricht nicht dagegen. Aber was nutzt eine Idee, die
145 2859 843 2910 d. h. es greift sich jemand selbst an.
857 2861 2076 2911 Idee bleibt? Und davurch, daß man so viel krauses Beiwerk
248 2896 837 2964 über die Skrupellosigkeit der
857 2906 2071 2961 dazugibt, das diese Idee fast erstickt und ihr nichts übrig läßt
157 2933 840 3003 zt diesen „Fall“, um sich im 3. Akt
865 2950 2061 3005 als fortwährend krampfhaft nach Luft zu ringen, wird sie auch
147 2995 841 3043 kolleg des näheran über die leider
853 2994 2069 3050 nicht schöner. O, Sternheim macht Schule. Selbst in Wien.
145 3031 847 3077 uung von Ueberzeugung und Ueber¬
848 3037 2059 3084 Man versucht sich am Grotesken. Der Schatten Bürger
150 3082 836 3144 was seinem Stücke keineswegs zu
855 3077 2062 3127 Schippels geistert über die Bühne. Liebelei'n sind abgetan.
149 3115 840 3181 eht ... das wieder nebenbei! Wir
850 3120 2060 3163 Jett hat das „bürgerliche Heldenleben“ das Wort, und da
162 3166 848 3208 selbst den Witz (Witz? Wer lacht
855 3160 2067 3223 dies Heldenleben schon so ziemlich abgegrast, mußte diesmal
858 3206 2064 3251 die Presse herhalten. Und der Bürger Zuschauer, der morgen
146 3196 842 3267 Denn dieser Fink der „Eleganten
160 3249 843 3305 eudalen Pseudofirniß dieses Blätt¬
856 3251 2064 3308 die Zeitung in die Hand nimmt, frohlockt: denn er weiß jetzt,
157 3291 841 3355 liederbusch. Auf Pistolen. Drei¬
847 3290 2071 3365 ahal, wie's gemacht wird. Das hat mit seinem Singen der
149 3340 1212 3402 ßig Schritte Distanz. Wie? Fink, Schnitzler getan!
2373 1279 2645 1356 S
2729 1299 3026 1359 n
2157 1341 3288 1395 Fink=Fliederbusch war Bassermann. Im 1. Akt
2077 1391 3280 1437 ein Dümmling in kurzen Hosen und Sporthemd, im 2., mit
2077 1432 3282 1476 Monokel und weißen Gamaschen, ein Geck in grauem Renne
2076 1475 3263 1527 habit, im 3. ein schellenlauter Tor in leichter Sommerjacke.
2971 1518 3272 1573 geschickt das
2073 1511 2970 1579 Den Schnitzlerschen Frechdachs, der so
2072 1557 3279 1617 Mäntelchen nach dem Winde trägt, macht Bassermann zu
2075 1601 3276 1665 einem dummen Jungen, der fortwährend verlegen lacht und
2074 1641 3280 1692 feixt und dessen zerbrochene Stimme, dessen ganze reife Ge¬
2081 1679 3273 1744 stalt doch alle Jugend leugnen. Er veralbert die Rolle und
2083 1727 3274 1774 nimmt ihr dadurch den letzten dünnen Rest von Wahrschein¬
2070 1776 3278 1827 lichkeit. Um ihn herum eine Fülle von Gestalten, die mehr
2066 1823 3284 1871 oder weniger abgeschmackt wirken. Am übelsten wohl der
2081 1856 3276 1901 Schmock des Herrn Götz. Dies Kompliment an die Presse
2064 1898 3271 1953 hätte sich Schnitzler, hätte sich Barnowsky sparen können.
2067 1942 3286 1983 Amüsant immerhin einzelne Redakteurfiguren aus der Redak¬
2068 1986 3274 2028 tion der „Gegenwart": Licho als Politiker, Emil Lind als
2066 2025 3285 2083 Theaterkritiker, Wallauer als Chefredakteur. Gut, weil
2074 2070 3278 2131 auch im Kern echtester Schnitzler, der Graf des Herrn
2071 2120 3281 2172 Bonn und der zum literarischen Hochstapler verplunderte
2065 2162 3280 2216 Baron des Herrn Schroth. Blaß und blässer dagegen
2060 2202 3274 2252 Max Landa als Leodegar Satan, der Chefredakteur der
2077 2253 3280 2307 „Eleganten Zeit“ und ein sehr unbeholfener Herr Schroe¬
2073 2271 3274 2339 der als Egon, sein Sohn. Eine scharmante Fürstin war
2072 2337 3282 2393 Ilka Grüning: ihr glaubt man alles, ob sie nun ein Holz¬
2072 2383 3279 2429 weibel ist oder eine Durchlaucht weanerischen Geblüts.
2066 2415 3273 2477 Die Regie führte Barnowsky selbst. Er dachte wohl,
2075 2462 3278 2516 diesmal das Komische durch diese und jene Uebertreibungen zu
2078 2501 3268 2554 erzwingen. Wie Schnitzler. Sie haben sich beide getäuscht.
2692 2555 3239 2618 Ludwig Sternaux.
