<?xml version="1.0" encoding="UTF-8" standalone="yes"?>
<PcGts xmlns="http://schema.primaresearch.org/PAGE/gts/pagecontent/2013-07-15" xmlns:xsi="http://www.w3.org/2001/XMLSchema-instance" xsi:schemaLocation="http://schema.primaresearch.org/PAGE/gts/pagecontent/2013-07-15 http://schema.primaresearch.org/PAGE/gts/pagecontent/2013-07-15/pagecontent.xsd">
    <Metadata>
        <Creator>prov=University of Rostock/Institute of Mathematics/CITlab/Gundram Leifert/gundram.leifert@uni-rostock.de:name=ONB_Newseye_GT_M1+(htr_id=10810)::::v=2.4.2
prov=University of Rostock/Institute of Mathematics/CITlab/Tobias Gruening/tobias.gruening@uni-rostock.de:name=de.uros.citlab.module.baseline2polygon.B2PSeamMultiOriented:v=2.4.2
prov=University of Rostock/Institute of Mathematics/CITlab/Tobias Gruening/tobias.gruening@uni-rostock.de:name=/mnt/transkribus/LA/DEA/URO/LA_news_onb_att.pb:de.uros.citlab.segmentation.CITlab_LA_ML:v=2.4.2
Transkribus</Creator>
        <Created>2019-10-07T11:10:07.455+02:00</Created>
        <LastChange>2019-10-07T20:28:19.350+02:00</LastChange>
        <TranskribusMetadata docId="223959" pageId="9494367" pageNr="129" tsid="16454738" status="IN_PROGRESS" userId="40391" imgUrl="https://files.transkribus.eu/Get?id=SXYWBEBEWLRMVDIATZTTHVVF&amp;fileType=view" xmlUrl="https://files.transkribus.eu/Get?id=HDSYNLHJPGSIYMVOTSTLZPIT" imageId="6184594"/>
    </Metadata>
    <Page imageFilename="223959_0129.jpeg" imageWidth="3344" imageHeight="4352">
        <ReadingOrder>
            <OrderedGroup id="ro_1711443598651" caption="Regions reading order">
                <RegionRefIndexed index="0" regionRef="r1"/>
                <RegionRefIndexed index="1" regionRef="r2"/>
            </OrderedGroup>
        </ReadingOrder>
        <TextRegion orientation="0.0" id="r1" custom="readingOrder {index:0;}">
            <Coords points="294,251 294,3204 3342,3204 3342,251"/>
            <TextLine id="r1l1" custom="readingOrder {index:0;}">
                <Coords points="1740,274 1798,309 1810,296 1878,309 1933,273 2065,302 2117,284 2151,306 2185,297 2186,232 2017,215 1924,251 1903,233 1832,232 1796,213 1740,225"/>
                <Baseline points="1756,277 1781,277 1807,278 1833,278 1859,279 1885,279 1911,280 1937,281 1963,281 1988,282 2014,282 2040,282 2066,282 2092,282 2118,280 2144,280 2170,278"/>
                <TextEquiv>
                    <Unicode>box 33/2</Unicode>
                </TextEquiv>
            </TextLine>
            <TextLine id="r1l2" custom="readingOrder {index:1;}">
                <Coords points="278,287 432,253 533,316 1593,302 1536,218 1334,202 731,248 280,201"/>
                <Baseline points="294,271 358,275 422,278 486,281 551,283 615,285 679,287 743,289 808,290 872,291 936,292 1000,292 1065,293 1129,293 1193,293 1257,294 1322,294 1386,294 1450,294 1514,295 1579,296"/>
                <TextEquiv>
                    <Unicode>27 Einkund Fliederbusch</Unicode>
                </TextEquiv>
            </TextLine>
            <TextLine id="r1l3" custom="readingOrder {index:2;}">
                <Coords points="424,1131 1125,1149 1229,1128 1230,1070 987,1050 938,1006 865,999 634,1065 425,1076"/>
                <Baseline points="440,1121 478,1120 517,1120 556,1120 594,1120 633,1121 672,1121 710,1121 749,1122 788,1123 827,1123 865,1124 904,1124 943,1125 981,1125 1020,1125 1059,1125 1097,1125 1136,1125 1175,1124 1214,1124"/>
                <TextEquiv>
                    <Unicode>Zeitung: Volksstimme</Unicode>
                </TextEquiv>
            </TextLine>
            <TextLine id="r1l4" custom="readingOrder {index:3;}">
                <Coords points="426,1260 1329,1255 1329,1188 1249,1154 1077,1190 945,1159 751,1184 665,1156 502,1199 426,1171"/>
                <Baseline points="441,1239 484,1240 528,1240 572,1240 615,1241 659,1241 703,1241 746,1241 790,1242 834,1242 878,1242 921,1242 965,1242 1009,1242 1052,1242 1096,1241 1140,1241 1183,1241 1227,1241 1271,1241 1315,1240"/>
                <TextEquiv>
                    <Unicode>Adyesse: Frankfurt a. M.</Unicode>
                </TextEquiv>
            </TextLine>
            <TextLine id="r1l5" custom="readingOrder {index:4;}">
                <Coords points="1133,1324 1209,1363 1532,1356 1533,1295 1500,1285 1281,1291 1196,1277 1134,1290"/>
                <Baseline points="1149,1334 1175,1336 1201,1337 1227,1338 1254,1339 1280,1340 1306,1340 1333,1341 1359,1341 1385,1342 1411,1342 1438,1342 1464,1344 1490,1345 1517,1346"/>
                <TextEquiv>
                    <Unicode>96. N0V. 197.</Unicode>
                </TextEquiv>
            </TextLine>
            <TextLine id="r1l6" custom="readingOrder {index:5;}">
                <Coords points="405,1393 1539,1417 1540,1358 1101,1323 842,1349 591,1307 406,1332"/>
                <Baseline points="422,1366 477,1367 532,1369 587,1371 642,1372 697,1374 752,1376 808,1377 863,1378 918,1380 973,1381 1028,1382 1083,1383 1138,1383 1194,1384 1249,1384 1304,1385 1359,1385 1414,1385 1469,1385 1525,1384"/>
                <TextEquiv>
                    <Unicode>Ddtan</Unicode>
                </TextEquiv>
            </TextLine>
            <TextLine id="r1l7" custom="readingOrder {index:6;}">
                <Coords points="1611,1399 3230,1412 3230,1332 1611,1328"/>
                <Baseline points="1625,1391 1704,1391 1784,1391 1863,1392 1943,1393 2022,1395 2102,1396 2181,1398 2261,1400 2340,1402 2420,1403 2500,1405 2579,1405 2659,1406 2738,1406 2818,1405 2897,1404 2977,1402 3056,1398 3136,1394 3216,1388"/>
                <TextEquiv>
                    <Unicode>SR</Unicode>
                </TextEquiv>
            </TextLine>
            <TextLine id="r1l8" custom="readingOrder {index:7;}">
                <Coords points="1642,1443 2533,1474 2843,1463 2866,1414 1643,1397"/>
                <Baseline points="1658,1434 1717,1436 1777,1439 1836,1441 1896,1442 1955,1444 2015,1445 2074,1446 2134,1447 2193,1448 2253,1448 2313,1449 2372,1449 2432,1450 2491,1450 2551,1451 2610,1451 2670,1452 2729,1452 2789,1453 2849,1454"/>
                <TextEquiv>
                    <Unicode>Chefredakteure sind. Dennoch hat das kapitalistische System der</Unicode>
                </TextEquiv>
            </TextLine>
            <TextLine id="r1l9" custom="readingOrder {index:8;}">
                <Coords points="2865,1460 3335,1468 3335,1428 3286,1415 3194,1408 3105,1432 3013,1409 2865,1423"/>
                <Baseline points="2879,1455 2904,1455 2930,1455 2956,1455 2982,1455 3008,1456 3034,1456 3060,1457 3086,1457 3112,1457 3138,1458 3164,1458 3190,1458 3216,1459 3242,1459 3268,1459 3294,1459 3320,1459"/>
                <TextEquiv>
                    <Unicode>Stimme ist zwar schön,</Unicode>
                </TextEquiv>
            </TextLine>
            <TextLine id="r1l10" custom="readingOrder {index:9;}">
                <Coords points="697,1482 865,1513 890,1494 1013,1515 1038,1494 1161,1495 1209,1518 1323,1498 1324,1440 1134,1397 1088,1430 1017,1413 962,1431 886,1396 809,1392 768,1416 698,1393"/>
                <Baseline points="712,1480 741,1480 771,1480 801,1481 831,1482 861,1482 891,1483 921,1484 951,1485 981,1485 1011,1486 1040,1486 1070,1487 1100,1488 1130,1488 1160,1488 1190,1488 1220,1488 1250,1487 1280,1487 1310,1486"/>
                <TextEquiv>
                    <Unicode>Kleines Feuilleton.</Unicode>
                </TextEquiv>
            </TextLine>
            <TextLine id="r1l11" custom="readingOrder {index:10;}">
                <Coords points="1638,1479 2867,1492 2867,1455 1638,1436"/>
                <Baseline points="1653,1480 1712,1480 1772,1481 1832,1482 1892,1483 1952,1484 2012,1484 2072,1485 2132,1486 2192,1487 2252,1487 2311,1488 2371,1488 2431,1489 2491,1490 2551,1490 2611,1490 2671,1491 2731,1491 2791,1491 2851,1491"/>
                <TextEquiv>
                    <Unicode>Presse, das die meisten bürgerlichen Zeitungen zu reinen Geld¬</Unicode>
                </TextEquiv>
            </TextLine>
            <TextLine id="r1l12" custom="readingOrder {index:11;}">
                <Coords points="2863,1499 3340,1508 3358,1505 3359,1462 2864,1459"/>
                <Baseline points="2878,1495 2903,1495 2929,1494 2955,1494 2981,1494 3006,1495 3032,1495 3058,1496 3084,1497 3110,1498 3135,1498 3161,1499 3187,1499 3213,1499 3238,1500 3264,1499 3290,1499 3316,1498 3342,1496"/>
                <TextEquiv>
                    <Unicode>Gesang der Doninger so</Unicode>
                </TextEquiv>
            </TextLine>
            <TextLine id="r1l13" custom="readingOrder {index:12;}">
                <Coords points="1636,1527 2871,1543 2872,1491 1637,1481"/>
                <Baseline points="1653,1520 1713,1521 1773,1521 1833,1522 1893,1523 1953,1524 2013,1525 2073,1525 2133,1526 2193,1527 2254,1528 2314,1529 2374,1529 2434,1530 2494,1531 2554,1531 2614,1531 2674,1532 2734,1532 2794,1532 2855,1531"/>
                <TextEquiv>
                    <Unicode>instituten macht, gar viele ihrer Redakteure zu Lohnschreibern her¬</Unicode>
                </TextEquiv>
            </TextLine>
            <TextLine id="r1l14" custom="readingOrder {index:13;}">
                <Coords points="2875,1544 3013,1532 3038,1548 3332,1549 3357,1546 3357,1494 3265,1509 2875,1501"/>
                <Baseline points="2891,1537 2916,1536 2941,1535 2966,1535 2991,1535 3016,1535 3041,1535 3066,1535 3091,1535 3116,1536 3141,1536 3166,1536 3191,1536 3216,1537 3241,1537 3266,1537 3291,1537 3316,1537 3341,1537"/>
                <TextEquiv>
                    <Unicode>in der Drallerie war ihr</Unicode>
                </TextEquiv>
            </TextLine>
            <TextLine id="r1l15" custom="readingOrder {index:14;}">
                <Coords points="1646,1566 2654,1587 2835,1580 2870,1532 1647,1520"/>
                <Baseline points="1661,1558 1720,1560 1780,1561 1840,1562 1899,1563 1959,1565 2019,1566 2078,1567 2138,1568 2198,1569 2258,1570 2317,1570 2377,1571 2437,1572 2496,1572 2556,1572 2616,1573 2675,1573 2735,1573 2795,1572 2855,1572"/>
                <TextEquiv>
                    <Unicode>abgedrückt. Nicht Fisch, nicht Fleisch, wer erkennt auch nicht, ihr</Unicode>
                </TextEquiv>
            </TextLine>
            <TextLine id="r1l16" custom="readingOrder {index:15;}">
                <Coords points="2865,1583 3065,1590 3099,1572 3148,1591 3274,1579 3357,1598 3357,1534 2866,1549"/>
                <Baseline points="2882,1575 2907,1574 2933,1574 2958,1574 2984,1574 3009,1574 3035,1574 3060,1573 3086,1574 3111,1574 3137,1574 3162,1574 3188,1574 3213,1575 3239,1575 3264,1576 3290,1577 3315,1577 3341,1578"/>
                <TextEquiv>
                    <Unicode>erstklassigen Operettensou</Unicode>
                </TextEquiv>
            </TextLine>
            <TextLine id="r1l17" custom="readingOrder {index:16;}">
                <Coords points="748,1593 1160,1604 1175,1619 1283,1603 1284,1563 1253,1572 1195,1549 964,1551 943,1529 881,1550 826,1527 750,1529"/>
                <Baseline points="763,1590 788,1590 813,1589 838,1589 863,1589 889,1589 914,1589 939,1589 964,1590 989,1590 1015,1591 1040,1591 1065,1592 1090,1593 1115,1593 1141,1595 1166,1595 1191,1596 1216,1596 1241,1597 1267,1598"/>
                <TextEquiv>
                    <Unicode>Frankfurter Theater.</Unicode>
                </TextEquiv>
            </TextLine>
            <TextLine id="r1l18" custom="readingOrder {index:17;}">
                <Coords points="1710,1607 2872,1617 2872,1580 2789,1573 1711,1567"/>
                <Baseline points="1726,1597 1782,1599 1838,1601 1895,1602 1951,1603 2008,1604 2064,1606 2121,1607 2177,1608 2234,1609 2290,1610 2346,1611 2403,1612 2459,1613 2516,1613 2572,1613 2629,1613 2685,1613 2742,1613 2798,1613 2855,1612"/>
                <TextEquiv>
                    <Unicode>.. wir haben Burgfrieden und lassen den Schleier ungelüftet.</Unicode>
                </TextEquiv>
            </TextLine>
            <TextLine id="r1l19" custom="readingOrder {index:18;}">
                <Coords points="2860,1623 2891,1639 2983,1615 3014,1628 3152,1616 3346,1627 3346,1590 3324,1584 2860,1577"/>
                <Baseline points="2875,1617 2900,1616 2925,1615 2950,1615 2975,1614 3001,1614 3026,1614 3051,1615 3076,1615 3102,1616 3127,1616 3152,1617 3177,1617 3202,1618 3228,1618 3253,1618 3278,1618 3303,1617 3329,1617"/>
                <TextEquiv>
                    <Unicode>ment von Frl. Grünberg</Unicode>
                </TextEquiv>
            </TextLine>
            <TextLine id="r1l20" custom="readingOrder {index:19;}">
                <Coords points="593,1633 694,1659 759,1638 1444,1659 1420,1597 941,1614 594,1580"/>
                <Baseline points="607,1634 648,1635 689,1636 730,1638 771,1640 812,1641 853,1642 894,1644 935,1645 976,1647 1017,1648 1058,1649 1099,1650 1140,1650 1181,1650 1222,1650 1263,1650 1304,1649 1345,1647 1386,1645 1428,1643"/>
                <TextEquiv>
                    <Unicode>Arthur Schnitzler: „Fink und Fliederbusch“.</Unicode>
                </TextEquiv>
            </TextLine>
            <TextLine id="r1l21" custom="readingOrder {index:20;}">
                <Coords points="1707,1643 2874,1673 2875,1612 1707,1600"/>
                <Baseline points="1721,1638 1777,1639 1834,1640 1891,1642 1948,1643 2005,1644 2062,1645 2119,1647 2176,1648 2233,1649 2290,1650 2346,1650 2403,1651 2460,1651 2517,1652 2574,1652 2631,1652 2688,1652 2745,1651 2802,1651 2859,1650"/>
                <TextEquiv>
                    <Unicode>Wir haben die von Herrn Hellmer vorzüglich geleitete Auf¬</Unicode>
                </TextEquiv>
            </TextLine>
            <TextLine id="r1l22" custom="readingOrder {index:21;}">
                <Coords points="2942,1656 2994,1672 3025,1653 3083,1663 3095,1651 3166,1668 3203,1653 3243,1672 3277,1657 3356,1664 3357,1624 2942,1622"/>
                <Baseline points="2958,1653 2983,1653 3009,1654 3034,1654 3060,1654 3086,1655 3111,1655 3137,1656 3162,1656 3188,1657 3214,1657 3239,1657 3265,1657 3290,1657 3316,1657 3342,1657"/>
                <TextEquiv>
                    <Unicode>In der Rolle der Ad</Unicode>
                </TextEquiv>
            </TextLine>
            <TextLine id="r1l23" custom="readingOrder {index:22;}">
                <Coords points="1646,1682 2635,1683 2871,1720 2872,1652 1646,1632"/>
                <Baseline points="1660,1677 1719,1678 1779,1679 1839,1681 1899,1682 1958,1683 2018,1684 2078,1685 2138,1686 2197,1687 2257,1689 2317,1689 2377,1690 2436,1691 2496,1692 2556,1692 2616,1692 2675,1692 2735,1692 2795,1692 2855,1691"/>
                <TextEquiv>
                    <Unicode>führung vom Sonntag gesehen, die viel Beifall fand. Das Neue</Unicode>
                </TextEquiv>
            </TextLine>
            <TextLine id="r1l24" custom="readingOrder {index:23;}">
                <Coords points="393,1697 853,1718 956,1677 1167,1724 1634,1723 1635,1662 1522,1638 394,1657"/>
                <Baseline points="407,1680 467,1681 528,1682 588,1683 649,1685 710,1687 770,1688 831,1690 892,1691 952,1693 1013,1694 1074,1696 1134,1697 1195,1698 1256,1699 1316,1699 1377,1700 1438,1700 1498,1700 1559,1699 1620,1698"/>
                <TextEquiv>
                    <Unicode>Komödie in 3 Akten. E Neuen</Unicode>
                </TextEquiv>
            </TextLine>
            <TextLine id="r1l25" custom="readingOrder {index:24;}">
                <Coords points="2866,1705 3318,1709 3345,1700 3346,1657 3241,1671 3023,1654 2995,1672 2947,1644 2913,1659 2867,1640"/>
                <Baseline points="2883,1694 2909,1693 2935,1693 2962,1693 2988,1693 3014,1694 3041,1694 3067,1695 3093,1696 3120,1696 3146,1697 3172,1697 3199,1697 3225,1697 3251,1697 3278,1696 3304,1696 3331,1694"/>
                <TextEquiv>
                    <Unicode>ersten Auftritt das Publ</Unicode>
                </TextEquiv>
            </TextLine>
            <TextLine id="r1l26" custom="readingOrder {index:25;}">
                <Coords points="1643,1727 2863,1733 2863,1693 1644,1681"/>
                <Baseline points="1657,1716 1716,1717 1776,1718 1835,1720 1895,1721 1954,1723 2014,1724 2073,1725 2133,1726 2192,1727 2252,1728 2312,1729 2371,1730 2431,1731 2490,1731 2550,1731 2609,1731 2669,1731 2728,1731 2788,1730 2848,1729"/>
                <TextEquiv>
                    <Unicode>Theater bringt das Stück mit seinem, ihm besonders in Lustspielen</Unicode>
                </TextEquiv>
            </TextLine>
            <TextLine id="r1l27" custom="readingOrder {index:26;}">
                <Coords points="897,1735 930,1752 949,1740 970,1747 980,1738 989,1748 1029,1740 1062,1754 1078,1742 1152,1748 1153,1708 1120,1700 1092,1709 1064,1698 1042,1710 1027,1700 984,1705 948,1682 929,1697 898,1702"/>
                <Baseline points="912,1729 940,1731 968,1731 996,1733 1024,1734 1052,1735 1080,1736 1108,1737 1136,1736"/>
                <TextEquiv>
                    <Unicode>Theater.</Unicode>
                </TextEquiv>
            </TextLine>
            <TextLine id="r1l28" custom="readingOrder {index:27;}">
                <Coords points="2865,1735 3357,1748 3357,1702 3206,1710 3105,1693 3065,1709 2915,1686 2865,1698"/>
                <Baseline points="2879,1734 2904,1734 2930,1734 2956,1734 2981,1734 3007,1735 3033,1735 3058,1735 3084,1735 3110,1735 3135,1736 3161,1736 3187,1736 3212,1736 3238,1736 3264,1737 3289,1737 3315,1737 3341,1738"/>
                <TextEquiv>
                    <Unicode>Das hüpft und tanzt und</Unicode>
                </TextEquiv>
            </TextLine>
            <TextLine id="r1l29" custom="readingOrder {index:28;}">
                <Coords points="1637,1769 2798,1786 2869,1774 2870,1728 1638,1726"/>
                <Baseline points="1654,1759 1714,1759 1774,1759 1834,1760 1894,1761 1954,1762 2014,1762 2074,1763 2134,1765 2194,1766 2254,1767 2314,1768 2374,1769 2434,1770 2494,1771 2554,1772 2614,1772 2674,1773 2734,1773 2794,1773 2855,1772"/>
                <TextEquiv>
                    <Unicode>eigenen Geschick auf die Bühne. Die fließende Handlung, die gut</Unicode>
                </TextEquiv>
            </TextLine>
            <TextLine id="r1l30" custom="readingOrder {index:29;}">
                <Coords points="2864,1784 3355,1785 3346,1738 2864,1735"/>
                <Baseline points="2878,1777 2903,1775 2929,1775 2955,1774 2980,1774 3006,1774 3032,1774 3058,1774 3083,1774 3109,1775 3135,1775 3160,1775 3186,1776 3212,1776 3238,1776 3263,1776 3289,1775 3315,1775 3341,1773"/>
                <TextEquiv>
                    <Unicode>Beifallsstürmen auf offene</Unicode>
                </TextEquiv>
            </TextLine>
            <TextLine id="r1l31" custom="readingOrder {index:30;}">
                <Coords points="478,1777 1636,1803 1637,1726 1551,1759 1333,1722 1228,1754 479,1731"/>
                <Baseline points="494,1769 550,1771 606,1774 663,1776 719,1778 776,1779 832,1781 888,1782 945,1783 1001,1784 1058,1785 1114,1786 1170,1786 1227,1786 1283,1787 1340,1787 1396,1787 1452,1787 1509,1787 1565,1787 1622,1787"/>
                <TextEquiv>
                    <Unicode>Alles schon einmal dagewesen: Liemankg der in der</Unicode>
                </TextEquiv>
            </TextLine>
            <TextLine id="r1l32" custom="readingOrder {index:31;}">
                <Coords points="1640,1806 2866,1803 2848,1772 1640,1763"/>
                <Baseline points="1654,1799 1713,1800 1773,1800 1833,1801 1893,1802 1953,1803 2013,1804 2072,1804 2132,1805 2192,1806 2252,1807 2312,1808 2372,1809 2432,1810 2491,1811 2551,1811 2611,1812 2671,1812 2731,1812 2791,1812 2851,1812"/>
                <TextEquiv>
                    <Unicode>gezeichneten Personen und die feinen Dialoge haben eine gute</Unicode>
                </TextEquiv>
            </TextLine>
            <TextLine id="r1l33" custom="readingOrder {index:32;}">
                <Coords points="2868,1831 3160,1827 3188,1815 3311,1835 3342,1820 3342,1783 2869,1782"/>
                <Baseline points="2885,1816 2911,1817 2937,1817 2963,1818 2989,1818 3015,1818 3041,1818 3067,1818 3093,1819 3119,1819 3145,1819 3171,1819 3197,1819 3223,1819 3249,1819 3275,1820 3301,1820 3327,1821"/>
                <TextEquiv>
                    <Unicode>noch stundenlang mit zuse</Unicode>
                </TextEquiv>
            </TextLine>
            <TextLine id="r1l34" custom="readingOrder {index:33;}">
                <Coords points="402,1812 1536,1846 1635,1805 403,1763"/>
                <Baseline points="417,1812 477,1813 537,1814 597,1816 657,1817 717,1819 777,1820 838,1821 898,1823 958,1824 1018,1825 1078,1826 1138,1826 1198,1827 1259,1828 1319,1828 1379,1828 1439,1828 1499,1827 1559,1827 1620,1826"/>
                <TextEquiv>
                    <Unicode>„Deutschen Tageszeitung“ schreibt und in den „Leppziger Neuesten</Unicode>
                </TextEquiv>
            </TextLine>
            <TextLine id="r1l35" custom="readingOrder {index:34;}">
                <Coords points="1641,1841 2772,1872 2870,1855 2871,1812 1642,1804"/>
                <Baseline points="1657,1838 1720,1839 1783,1840 1846,1841 1909,1842 1972,1843 2035,1844 2098,1845 2161,1846 2224,1847 2288,1847 2351,1848 2414,1849 2477,1850 2540,1850 2603,1850 2666,1851 2729,1851 2792,1851 2856,1850"/>
                <TextEquiv>
                    <Unicode>Stätte und mit etlichen Ausnahmen gute Sprecher gefunden. Paul</Unicode>
                </TextEquiv>
            </TextLine>
            <TextLine id="r1l36" custom="readingOrder {index:35;}">
                <Coords points="2860,1887 2909,1872 2962,1881 2977,1866 3042,1888 3072,1866 3137,1882 3155,1867 3312,1879 3333,1873 3334,1812 3238,1827 3189,1814 3162,1827 2860,1819"/>
                <Baseline points="2875,1858 2901,1857 2927,1857 2953,1857 2979,1856 3005,1856 3031,1856 3057,1856 3083,1856 3109,1857 3135,1857 3161,1857 3187,1857 3213,1858 3239,1858 3265,1858 3291,1858 3318,1858"/>
                <TextEquiv>
                    <Unicode>wäre sicher ein Gewinnf</Unicode>
                </TextEquiv>
            </TextLine>
            <TextLine id="r1l37" custom="readingOrder {index:36;}">
                <Coords points="398,1873 632,1845 1637,1882 1625,1832 399,1808"/>
                <Baseline points="414,1852 474,1854 534,1856 594,1857 655,1859 715,1860 775,1861 836,1863 896,1864 956,1865 1017,1866 1077,1867 1137,1867 1197,1867 1258,1868 1318,1868 1378,1868 1439,1867 1499,1867 1559,1867 1620,1866"/>
                <TextEquiv>
                    <Unicode>Nachrichten“ gegen sich selbst polemisiert bis eines Xages durch eine</Unicode>
                </TextEquiv>
            </TextLine>
            <TextLine id="r1l38" custom="readingOrder {index:37;}">
                <Coords points="1633,1879 2859,1903 2860,1860 2746,1849 1634,1845"/>
                <Baseline points="1649,1876 1708,1877 1768,1879 1828,1880 1888,1881 1948,1883 2007,1884 2067,1884 2127,1886 2187,1886 2247,1887 2306,1888 2366,1888 2426,1889 2486,1889 2546,1890 2605,1890 2665,1890 2725,1890 2785,1891 2845,1891"/>
                <TextEquiv>
                    <Unicode>Graetz als Fink=Fliederbusch zeichnet diese Gestalt sehr fein. Es</Unicode>
                </TextEquiv>
            </TextLine>
            <TextLine id="r1l39" custom="readingOrder {index:38;}">
                <Coords points="407,1902 1636,1931 1637,1860 408,1852"/>
                <Baseline points="422,1891 481,1893 541,1895 601,1897 661,1899 721,1901 781,1902 841,1903 901,1904 961,1906 1021,1907 1080,1907 1140,1908 1200,1908 1260,1909 1320,1909 1380,1909 1440,1909 1500,1908 1560,1908 1620,1907"/>
                <TextEquiv>
                    <Unicode>Postverspätung die Sache aus Licht kommt. In der Annahme, sein</Unicode>
                </TextEquiv>
            </TextLine>
            <TextLine id="r1l40" custom="readingOrder {index:39;}">
                <Coords points="1641,1923 2775,1945 2867,1927 2868,1887 1642,1883"/>
                <Baseline points="1657,1919 1716,1919 1776,1920 1836,1921 1895,1921 1955,1922 2015,1923 2074,1924 2134,1925 2194,1925 2254,1927 2313,1927 2373,1928 2433,1929 2492,1929 2552,1930 2612,1930 2671,1930 2731,1930 2791,1930 2851,1930"/>
                <TextEquiv>
                    <Unicode>ist der bescheidene, talentierte Schreiber, der eigentlich wider seinen¬</Unicode>
                </TextEquiv>
            </TextLine>
            <TextLine id="r1l41" custom="readingOrder {index:40;}">
                <Coords points="405,1933 1628,1969 1629,1916 406,1889"/>
                <Baseline points="421,1930 480,1932 540,1935 599,1937 659,1940 719,1942 778,1943 838,1944 898,1946 957,1946 1017,1947 1077,1948 1136,1948 1196,1949 1256,1949 1315,1949 1375,1949 1435,1949 1494,1949 1554,1949 1614,1949"/>
                <TextEquiv>
                    <Unicode>Artikel wäre in Leipzig erschienen, liest man schon in Berlin die</Unicode>
                </TextEquiv>
            </TextLine>
            <TextLine id="r1l42" custom="readingOrder {index:41;}">
                <Coords points="1640,1964 2872,1990 2872,1926 1640,1918"/>
                <Baseline points="1654,1956 1714,1957 1774,1959 1834,1960 1894,1961 1954,1963 2014,1964 2074,1965 2134,1966 2194,1967 2254,1968 2314,1969 2374,1969 2434,1970 2494,1970 2554,1970 2614,1970 2674,1970 2734,1970 2794,1969 2855,1968"/>
                <TextEquiv>
                    <Unicode>Willen zum sonderbaren „Held“ wird. Herr Kner als Füllmann</Unicode>
                </TextEquiv>
            </TextLine>
            <TextLine id="r1l43" custom="readingOrder {index:42;}">
                <Coords points="396,1984 1564,2019 1644,1993 1645,1943 397,1929"/>
                <Baseline points="412,1971 472,1974 533,1975 594,1977 655,1979 715,1981 776,1982 837,1983 898,1984 958,1986 1019,1987 1080,1987 1141,1988 1201,1988 1262,1989 1323,1989 1384,1989 1444,1989 1505,1989 1566,1989 1627,1988"/>
                <TextEquiv>
                    <Unicode>Entgegnung, während der Aufsatz, auf den sie sich gründet, vierund¬</Unicode>
                </TextEquiv>
            </TextLine>
            <TextLine id="r1l44" custom="readingOrder {index:43;}">
                <Coords points="1638,2005 2879,2016 2827,1978 1638,1958"/>
                <Baseline points="1653,1998 1713,1999 1774,1999 1834,2000 1895,2000 1955,2002 2016,2002 2076,2003 2137,2005 2197,2006 2258,2007 2318,2008 2379,2009 2439,2010 2500,2011 2560,2012 2621,2012 2681,2012 2742,2012 2802,2012 2863,2011"/>
                <TextEquiv>
                    <Unicode>ist der 48er Demokrat vom Vollbart bis zum Bratenrock. Herr &amp;</Unicode>
                </TextEquiv>
            </TextLine>
            <TextLine id="r1l45" custom="readingOrder {index:44;}">
                <Coords points="405,2042 513,2021 543,2037 814,2025 847,2043 897,2019 924,2047 1069,2009 1069,1987 1032,1984 406,1977"/>
                <Baseline points="420,2015 451,2015 483,2016 514,2017 546,2017 578,2018 609,2019 641,2019 672,2020 704,2020 736,2021 767,2021 799,2022 830,2022 862,2022 894,2022 925,2022 957,2022 988,2021 1020,2021 1052,2020"/>
                <TextEquiv>
                    <Unicode>zwanzig Stunden zu spät kommt.</Unicode>
                </TextEquiv>
            </TextLine>
            <TextLine id="r1l46" custom="readingOrder {index:45;}">
                <Coords points="1635,2042 2873,2058 2873,2015 2778,2008 1635,2002"/>
                <Baseline points="1650,2037 1710,2038 1770,2039 1831,2040 1891,2041 1952,2041 2012,2042 2072,2043 2133,2044 2193,2045 2254,2046 2314,2047 2374,2047 2435,2048 2495,2049 2556,2049 2616,2049 2676,2049 2737,2049 2797,2048 2858,2048"/>
                <TextEquiv>
                    <Unicode>Kuckhoff hätte aus dem Kajetan mehr machen können und Herr</Unicode>
                </TextEquiv>
            </TextLine>
            <TextLine id="r1l47" custom="readingOrder {index:46;}">
                <Coords points="478,2065 1458,2099 1605,2085 1637,2039 478,2034"/>
                <Baseline points="493,2066 549,2066 605,2066 662,2066 718,2067 775,2068 831,2069 887,2070 944,2071 1000,2072 1057,2074 1113,2075 1169,2076 1226,2076 1282,2077 1339,2077 1395,2078 1451,2077 1508,2077 1564,2076 1621,2075"/>
                <TextEquiv>
                    <Unicode>In seiner Komödie hat Schnitzler den armen Yorrick, „der</Unicode>
                </TextEquiv>
            </TextLine>
            <TextLine id="r1l48" custom="readingOrder {index:47;}">
                <Coords points="1632,2087 2870,2119 2859,2057 1633,2040"/>
                <Baseline points="1647,2078 1707,2078 1767,2079 1828,2080 1888,2081 1949,2082 2009,2083 2069,2084 2130,2085 2190,2086 2251,2087 2311,2087 2371,2088 2432,2089 2492,2089 2553,2090 2613,2090 2673,2090 2734,2090 2794,2090 2855,2089"/>
                <TextEquiv>
                    <Unicode>Klöpfer nimmt seine Rolle zu tragisch ernst, während Herr</Unicode>
                </TextEquiv>
            </TextLine>
            <TextLine id="r1l49" custom="readingOrder {index:48;}">
                <Coords points="404,2105 1639,2139 1640,2072 405,2047"/>
                <Baseline points="420,2102 480,2103 540,2104 600,2105 660,2107 721,2108 781,2110 841,2111 901,2113 961,2114 1022,2116 1082,2117 1142,2118 1202,2119 1262,2119 1323,2120 1383,2120 1443,2119 1503,2119 1563,2117 1624,2115"/>
                <TextEquiv>
                    <Unicode>kann schreiben rechts und der kann schreiben links“, neu aufleben</Unicode>
                </TextEquiv>
            </TextLine>
            <TextLine id="r1l50" custom="readingOrder {index:49;}">
                <Coords points="1628,2133 2864,2129 2784,2094 1629,2084"/>
                <Baseline points="1644,2118 1704,2119 1764,2120 1824,2121 1885,2122 1945,2122 2005,2123 2065,2124 2126,2125 2186,2126 2246,2127 2306,2127 2367,2128 2427,2129 2487,2130 2547,2130 2608,2130 2668,2131 2728,2131 2788,2131 2849,2131"/>
                <TextEquiv>
                    <Unicode>[Großmann gar zu sehr den Komödianten hervorkehrt. Oder!</Unicode>
                </TextEquiv>
            </TextLine>
            <TextLine id="r1l51" custom="readingOrder {index:50;}">
                <Coords points="396,2145 1637,2171 1635,2115 397,2111"/>
                <Baseline points="411,2144 471,2144 532,2145 592,2146 653,2147 714,2148 774,2150 835,2152 895,2153 956,2155 1017,2157 1077,2158 1138,2159 1198,2160 1259,2161 1320,2161 1380,2161 1441,2161 1501,2160 1562,2158 1623,2156"/>
                <TextEquiv>
                    <Unicode>lassen. Ein junger Mann schreibt unter dem Namen Fliederbusch</Unicode>
                </TextEquiv>
            </TextLine>
            <TextLine id="r1l52" custom="readingOrder {index:51;}">
                <Coords points="1631,2161 2884,2197 2885,2120 1631,2133"/>
                <Baseline points="1645,2158 1706,2159 1767,2160 1828,2161 1889,2162 1950,2163 2011,2164 2073,2164 2134,2165 2195,2166 2256,2167 2317,2167 2378,2168 2439,2169 2501,2169 2562,2170 2623,2171 2684,2171 2745,2171 2806,2172 2868,2173"/>
                <TextEquiv>
                    <Unicode>hat man das bei ihm nur im Gefühl? Leuchter findet in dem Herrn#</Unicode>
                </TextEquiv>
            </TextLine>
            <TextLine id="r1l53" custom="readingOrder {index:52;}">
                <Coords points="404,2191 1633,2211 1634,2153 1566,2149 405,2145"/>
                <Baseline points="418,2183 481,2184 544,2184 607,2186 670,2187 733,2189 796,2190 859,2192 922,2194 985,2195 1049,2197 1112,2198 1175,2199 1238,2200 1301,2201 1364,2201 1427,2201 1490,2200 1553,2198 1617,2196"/>
                <TextEquiv>
                    <Unicode>für ein demokratischés Blatt und als Fink bekämpft er sich selbst in</Unicode>
                </TextEquiv>
            </TextLine>
            <TextLine id="r1l54" custom="readingOrder {index:53;}">
                <Coords points="1638,2202 2870,2208 2840,2174 1638,2165"/>
                <Baseline points="1653,2199 1713,2199 1773,2200 1833,2200 1893,2201 1953,2202 2013,2203 2073,2204 2133,2205 2193,2206 2254,2207 2314,2208 2374,2209 2434,2210 2494,2210 2554,2211 2614,2211 2674,2211 2734,2212 2794,2211 2855,2211"/>
                <TextEquiv>
                    <Unicode>Schwartze einen guten Vertreter, wie auch die anderen Re¬</Unicode>
                </TextEquiv>
            </TextLine>
            <TextLine id="r1l55" custom="readingOrder {index:54;}">
                <Coords points="395,2229 1034,2246 1132,2235 1133,2204 395,2201"/>
                <Baseline points="409,2224 444,2224 479,2224 515,2224 550,2224 585,2225 621,2225 656,2226 691,2227 727,2228 762,2229 797,2230 833,2231 868,2231 903,2232 939,2233 974,2233 1009,2233 1045,2233 1080,2233 1116,2233"/>
                <TextEquiv>
                    <Unicode>der konserbativen „Eleganten Welt".</Unicode>
                </TextEquiv>
            </TextLine>
            <TextLine id="r1l56" custom="readingOrder {index:55;}">
                <Coords points="1151,2230 1354,2252 1588,2243 1643,2269 1643,2210 1567,2197 1514,2214 1462,2198 1152,2200"/>
                <Baseline points="1168,2233 1193,2234 1219,2235 1244,2236 1270,2237 1295,2238 1321,2239 1346,2240 1372,2241 1398,2241 1423,2242 1449,2242 1474,2242 1500,2242 1525,2242 1551,2241 1576,2240 1602,2240 1628,2239"/>
                <TextEquiv>
                    <Unicode>Der Konservative Fink</Unicode>
                </TextEquiv>
            </TextLine>
            <TextLine id="r1l57" custom="readingOrder {index:56;}">
                <Coords points="1629,2246 2891,2261 2892,2209 1629,2197"/>
                <Baseline points="1643,2240 1704,2240 1766,2240 1827,2240 1889,2241 1951,2241 2012,2242 2074,2243 2136,2244 2197,2245 2259,2245 2321,2246 2382,2247 2444,2248 2506,2248 2567,2249 2629,2249 2691,2249 2752,2249 2814,2249 2876,2248"/>
                <TextEquiv>
                    <Unicode>daktionstypen durch die Herren Lobe, Grüning, Reimann #</Unicode>
                </TextEquiv>
            </TextLine>
            <TextLine id="r1l58" custom="readingOrder {index:57;}">
                <Coords points="396,2280 1635,2286 1635,2246 1522,2238 397,2224"/>
                <Baseline points="413,2267 473,2267 533,2267 593,2268 654,2268 714,2269 774,2270 834,2271 895,2272 955,2273 1015,2275 1075,2276 1136,2277 1196,2278 1256,2279 1316,2280 1377,2280 1437,2281 1497,2281 1557,2281 1618,2281"/>
                <TextEquiv>
                    <Unicode>fordert schließlich den Demokraten Fliederbusch wegen Beleidigung</Unicode>
                </TextEquiv>
            </TextLine>
            <TextLine id="r1l59" custom="readingOrder {index:58;}">
                <Coords points="1629,2283 2886,2288 2861,2248 1629,2243"/>
                <Baseline points="1644,2277 1705,2279 1766,2280 1828,2281 1889,2282 1950,2283 2012,2284 2073,2285 2134,2286 2196,2286 2257,2287 2318,2287 2380,2288 2441,2288 2502,2288 2564,2289 2625,2289 2686,2289 2748,2289 2809,2289 2871,2289"/>
                <TextEquiv>
                    <Unicode>bestens wiedergegeben werden. Durch die Herren Laskowski</Unicode>
                </TextEquiv>
            </TextLine>
            <TextLine id="r1l60" custom="readingOrder {index:59;}">
                <Coords points="404,2309 1602,2335 1634,2283 405,2272"/>
                <Baseline points="420,2310 479,2309 539,2310 599,2310 659,2311 719,2311 779,2312 839,2313 899,2314 959,2315 1019,2316 1078,2317 1138,2318 1198,2319 1258,2319 1318,2320 1378,2320 1438,2320 1498,2320 1558,2320 1618,2319"/>
                <TextEquiv>
                    <Unicode>zum Duell. Zur Stunde des Zweikampfes erscheinen die beiden</Unicode>
                </TextEquiv>
            </TextLine>
            <TextLine id="r1l61" custom="readingOrder {index:60;}">
                <Coords points="1639,2327 2877,2355 2878,2287 1639,2281"/>
                <Baseline points="1654,2317 1714,2318 1774,2320 1835,2321 1895,2322 1955,2323 2016,2324 2076,2325 2136,2326 2197,2326 2257,2327 2317,2328 2378,2328 2438,2328 2498,2329 2559,2329 2619,2329 2679,2329 2740,2329 2800,2330 2861,2330"/>
                <TextEquiv>
                    <Unicode>und Wallburg ist die elegante, duellwütige Welt gut vertreten.</Unicode>
                </TextEquiv>
            </TextLine>
            <TextLine id="r1l62" custom="readingOrder {index:61;}">
                <Coords points="396,2343 1637,2371 1637,2328 1496,2317 396,2315"/>
                <Baseline points="411,2350 471,2349 532,2349 592,2349 653,2350 714,2351 774,2352 835,2353 895,2354 956,2355 1017,2356 1077,2357 1138,2358 1198,2359 1259,2360 1320,2360 1380,2360 1441,2360 1501,2359 1562,2358 1623,2356"/>
                <TextEquiv>
                    <Unicode>Parteien. Die Konservativen fragen nach Fliederbusch, die Demo¬</Unicode>
                </TextEquiv>
            </TextLine>
            <TextLine id="r1l63" custom="readingOrder {index:62;}">
                <Coords points="1641,2366 2873,2384 2843,2332 1642,2323"/>
                <Baseline points="1656,2359 1716,2360 1776,2362 1836,2363 1896,2364 1956,2365 2016,2365 2076,2366 2136,2366 2196,2367 2257,2367 2317,2367 2377,2367 2437,2368 2497,2368 2557,2368 2617,2368 2677,2369 2737,2369 2797,2370 2858,2370"/>
                <TextEquiv>
                    <Unicode>Herr Brückner ist ein Graf, dem niemand widerstehen kann und</Unicode>
                </TextEquiv>
            </TextLine>
            <TextLine id="r1l64" custom="readingOrder {index:63;}">
                <Coords points="399,2385 1637,2418 1637,2360 399,2351"/>
                <Baseline points="415,2388 475,2389 535,2390 596,2391 656,2392 716,2393 777,2394 837,2395 897,2396 958,2397 1018,2397 1078,2398 1139,2398 1199,2399 1259,2399 1320,2399 1380,2399 1440,2399 1501,2399 1561,2399 1622,2398"/>
                <TextEquiv>
                    <Unicode>kraten nach Fink, bis sich der Doppelmann als Fink=Fliederbusch</Unicode>
                </TextEquiv>
            </TextLine>
            <TextLine id="r1l65" custom="readingOrder {index:64;}">
                <Coords points="1624,2409 2871,2422 2872,2370 1624,2357"/>
                <Baseline points="1639,2402 1699,2402 1760,2403 1821,2403 1882,2403 1943,2404 2004,2405 2064,2405 2125,2406 2186,2406 2247,2407 2308,2407 2369,2407 2430,2408 2490,2408 2551,2408 2612,2408 2673,2408 2734,2408 2795,2408 2856,2408"/>
                <TextEquiv>
                    <Unicode>dem sich sicher noch andere Herzen und Gesinnungen beugen wür¬</Unicode>
                </TextEquiv>
            </TextLine>
            <TextLine id="r1l66" custom="readingOrder {index:65;}">
                <Coords points="386,2453 1636,2467 1637,2397 386,2394"/>
                <Baseline points="400,2431 461,2431 522,2431 583,2431 644,2432 705,2433 766,2433 827,2434 888,2435 949,2436 1011,2437 1072,2437 1133,2438 1194,2439 1255,2439 1316,2440 1377,2440 1438,2440 1499,2440 1560,2440 1622,2439"/>
                <TextEquiv>
                    <Unicode>zu erkennen gibt. Jeder der Chefredakteure möchte nun das junge</Unicode>
                </TextEquiv>
            </TextLine>
            <TextLine id="r1l67" custom="readingOrder {index:66;}">
                <Coords points="1631,2447 2870,2459 2870,2392 1632,2404"/>
                <Baseline points="1647,2441 1707,2440 1767,2439 1828,2439 1888,2439 1948,2440 2009,2441 2069,2442 2129,2443 2190,2445 2250,2446 2310,2447 2371,2449 2431,2450 2491,2450 2552,2450 2612,2450 2672,2450 2733,2448 2793,2446 2854,2444"/>
                <TextEquiv>
                    <Unicode>den als Fink=Fliederbusch. Die einzige weibliche Figur des Stückes</Unicode>
                </TextEquiv>
            </TextLine>
            <TextLine id="r1l68" custom="readingOrder {index:67;}">
                <Coords points="395,2472 1627,2491 1627,2441 395,2432"/>
                <Baseline points="410,2472 470,2471 530,2470 590,2470 650,2470 710,2471 770,2472 830,2472 890,2473 950,2474 1011,2476 1071,2477 1131,2478 1191,2479 1251,2480 1311,2480 1371,2480 1431,2480 1491,2480 1551,2479 1612,2478"/>
                <TextEquiv>
                    <Unicode>„Talent“ für seine Zeitung erwerben, Es wird um Fink=Flieder¬</Unicode>
                </TextEquiv>
            </TextLine>
            <TextLine id="r1l69" custom="readingOrder {index:68;}">
                <Coords points="1625,2486 2869,2509 2870,2435 1626,2437"/>
                <Baseline points="1639,2481 1699,2480 1760,2480 1821,2479 1882,2480 1942,2480 2003,2481 2064,2482 2125,2484 2185,2485 2246,2487 2307,2488 2368,2489 2428,2490 2489,2491 2550,2491 2611,2491 2671,2491 2732,2490 2793,2488 2854,2486"/>
                <TextEquiv>
                    <Unicode>ist die Fürstin Priska. Der Dichter stellt sie meisterhaft mit</Unicode>
                </TextEquiv>
            </TextLine>
            <TextLine id="r1l70" custom="readingOrder {index:69;}">
                <Coords points="395,2506 1485,2539 1612,2534 1637,2485 395,2472"/>
                <Baseline points="411,2510 471,2510 532,2510 592,2510 653,2511 713,2511 774,2512 834,2513 895,2514 955,2515 1016,2516 1077,2517 1137,2518 1198,2519 1258,2520 1319,2521 1379,2521 1440,2522 1500,2522 1561,2522 1622,2522"/>
                <TextEquiv>
                    <Unicode>busch gesteigert. Monatlich 800 Kronen Gehalt; 900 sagt der</Unicode>
                </TextEquiv>
            </TextLine>
            <TextLine id="r1l71" custom="readingOrder {index:70;}">
                <Coords points="1625,2520 2873,2542 2873,2489 1626,2486"/>
                <Baseline points="1642,2517 1702,2518 1763,2519 1824,2520 1885,2521 1945,2522 2006,2523 2067,2524 2128,2526 2188,2527 2249,2527 2310,2528 2371,2529 2431,2529 2492,2530 2553,2530 2614,2529 2674,2529 2735,2528 2796,2527 2857,2526"/>
                <TextEquiv>
                    <Unicode>wenigen Strichen hin. So kann eben nur ein Wiener Frauen ##</Unicode>
                </TextEquiv>
            </TextLine>
            <TextLine id="r1l72" custom="readingOrder {index:71;}">
                <Coords points="392,2549 1636,2583 1637,2525 392,2509"/>
                <Baseline points="406,2550 466,2550 527,2550 588,2550 649,2551 710,2552 770,2552 831,2553 892,2554 953,2555 1014,2556 1074,2557 1135,2558 1196,2559 1257,2560 1318,2561 1378,2561 1439,2562 1500,2562 1561,2562 1622,2562"/>
                <TextEquiv>
                    <Unicode>Konservative; 1000 überbietet der Demokrat. Den Sieg trägt ein.</Unicode>
                </TextEquiv>
            </TextLine>
            <TextLine id="r1l73" custom="readingOrder {index:72;}">
                <Coords points="1635,2568 2778,2598 2877,2565 2877,2528 1636,2525"/>
                <Baseline points="1650,2557 1710,2559 1771,2560 1831,2562 1892,2563 1952,2564 2013,2565 2073,2566 2134,2567 2194,2567 2255,2568 2315,2568 2376,2569 2436,2569 2497,2570 2557,2570 2618,2570 2678,2570 2739,2571 2799,2571 2860,2571"/>
                <TextEquiv>
                    <Unicode>sehen, und Frl. Sangora läßt Straußsche Melodien in uns wach ?#</Unicode>
                </TextEquiv>
            </TextLine>
            <TextLine id="r1l74" custom="readingOrder {index:73;}">
                <Coords points="403,2589 1641,2608 1642,2556 404,2556"/>
                <Baseline points="418,2589 478,2590 538,2590 599,2590 659,2591 720,2591 780,2592 840,2593 901,2594 961,2595 1022,2596 1082,2597 1142,2598 1203,2599 1263,2600 1324,2600 1384,2601 1444,2602 1505,2602 1565,2602 1626,2602"/>
                <TextEquiv>
                    <Unicode>Graf davon, dem ebenfalls Ueberzeugungen null sind und der mit</Unicode>
                </TextEquiv>
            </TextLine>
            <TextLine id="r1l75" custom="readingOrder {index:74;}">
                <Coords points="1628,2618 1653,2625 1665,2619 1705,2625 1730,2607 1748,2607 1763,2619 1776,2607 1822,2601 1822,2570 1779,2573 1764,2564 1748,2570 1714,2557 1708,2564 1628,2563"/>
                <Baseline points="1643,2599 1670,2599 1697,2599 1725,2599 1752,2600 1779,2600 1807,2599"/>
                <TextEquiv>
                    <Unicode>werden.</Unicode>
                </TextEquiv>
            </TextLine>
            <TextLine id="r1l76" custom="readingOrder {index:75;}">
                <Coords points="401,2652 1415,2653 1474,2617 402,2591"/>
                <Baseline points="416,2631 468,2630 520,2629 572,2629 624,2629 676,2629 728,2630 780,2631 832,2632 884,2633 937,2634 989,2635 1041,2637 1093,2638 1145,2639 1197,2640 1249,2641 1301,2641 1353,2642 1405,2642 1458,2642"/>
                <TextEquiv>
                    <Unicode>Fink=Fliederbusch eine neue Tageszeitung gründen wird.</Unicode>
                </TextEquiv>
            </TextLine>
            <TextLine id="r1l77" custom="readingOrder {index:76;}">
                <Coords points="465,2670 1630,2692 1631,2630 466,2630"/>
                <Baseline points="480,2667 536,2668 593,2669 650,2670 707,2671 764,2672 820,2673 877,2674 934,2676 991,2676 1048,2678 1104,2678 1161,2679 1218,2680 1275,2680 1332,2681 1388,2681 1445,2681 1502,2681 1559,2680 1616,2680"/>
                <TextEquiv>
                    <Unicode>Die Presse hat im Kriege, mit und ohne ihr Zutun, nicht an</Unicode>
                </TextEquiv>
            </TextLine>
            <TextLine id="r1l78" custom="readingOrder {index:77;}">
                <Coords points="1697,2699 2834,2713 2886,2704 2887,2639 1697,2650"/>
                <Baseline points="1713,2692 1770,2694 1828,2695 1886,2696 1944,2697 2002,2698 2060,2699 2117,2700 2175,2701 2233,2701 2291,2702 2349,2702 2407,2702 2465,2702 2522,2702 2580,2702 2638,2702 2696,2702 2754,2701 2812,2700 2870,2699"/>
                <TextEquiv>
                    <Unicode>Opernhaus. Als Hanni in der Operette „Frühlingsluft“ und #</Unicode>
                </TextEquiv>
            </TextLine>
            <TextLine id="r1l79" custom="readingOrder {index:78;}">
                <Coords points="394,2716 1623,2740 1624,2684 395,2661"/>
                <Baseline points="411,2708 470,2709 530,2709 590,2710 650,2711 710,2712 770,2712 829,2713 889,2714 949,2715 1009,2716 1069,2717 1129,2719 1189,2720 1248,2720 1308,2721 1368,2722 1428,2722 1488,2723 1548,2723 1608,2723"/>
                <TextEquiv>
                    <Unicode>Ansehen gewonnen. Durch Schnitzlers Komödie wird ihr gewiß</Unicode>
                </TextEquiv>
            </TextLine>
            <TextLine id="r1l80" custom="readingOrder {index:79;}">
                <Coords points="1634,2739 2866,2755 2866,2702 1634,2692"/>
                <Baseline points="1650,2732 1710,2734 1770,2736 1830,2737 1890,2739 1950,2741 2010,2742 2070,2743 2130,2744 2190,2744 2251,2745 2311,2745 2371,2745 2431,2745 2491,2745 2551,2745 2611,2745 2671,2744 2731,2744 2791,2743 2852,2743"/>
                <TextEquiv>
                    <Unicode>als Adele in Strauß' „Fledermaus“ gastierte am Samstag und</Unicode>
                </TextEquiv>
            </TextLine>
            <TextLine id="r1l81" custom="readingOrder {index:80;}">
                <Coords points="395,2752 1633,2772 1633,2729 395,2706"/>
                <Baseline points="410,2751 470,2751 530,2751 591,2751 651,2751 711,2752 772,2753 832,2754 892,2755 953,2756 1013,2757 1073,2758 1134,2759 1194,2759 1254,2760 1315,2761 1375,2761 1435,2762 1496,2762 1556,2762 1617,2761"/>
                <TextEquiv>
                    <Unicode>nichts davon gegeben. Es wird hier eine Frage zur Aussprache ge¬</Unicode>
                </TextEquiv>
            </TextLine>
            <TextLine id="r1l82" custom="readingOrder {index:81;}">
                <Coords points="1630,2777 2877,2808 2878,2734 1630,2737"/>
                <Baseline points="1646,2775 1706,2776 1767,2777 1828,2778 1889,2779 1950,2780 2011,2780 2071,2781 2132,2782 2193,2782 2254,2783 2315,2783 2376,2784 2437,2784 2497,2784 2558,2784 2619,2784 2680,2784 2741,2784 2802,2784 2863,2784"/>
                <TextEquiv>
                    <Unicode>Sonntag Frl. Elsa Grünberg vom Thaliatheater in Berlin;</Unicode>
                </TextEquiv>
            </TextLine>
            <TextLine id="r1l83" custom="readingOrder {index:82;}">
                <Coords points="399,2801 1607,2813 1626,2761 400,2755"/>
                <Baseline points="414,2791 473,2791 533,2791 593,2791 653,2792 713,2793 772,2793 832,2794 892,2795 952,2796 1012,2796 1071,2797 1131,2798 1191,2799 1251,2800 1311,2801 1370,2802 1430,2802 1490,2802 1550,2803 1610,2803"/>
                <TextEquiv>
                    <Unicode>stellt, die nach dem Kriege sicher eine der brennendsten und inter¬</Unicode>
                </TextEquiv>
            </TextLine>
            <TextLine id="r1l84" custom="readingOrder {index:83;}">
                <Coords points="1638,2823 2873,2848 2874,2790 2708,2776 1639,2777"/>
                <Baseline points="1654,2812 1714,2814 1774,2816 1834,2817 1895,2819 1955,2820 2015,2821 2075,2823 2136,2824 2196,2824 2256,2825 2316,2826 2377,2826 2437,2827 2497,2827 2557,2827 2618,2827 2678,2826 2738,2826 2798,2825 2859,2825"/>
                <TextEquiv>
                    <Unicode>hier auf Engagement. Sie soll Frl. Doninger ersetzen. Weshalb</Unicode>
                </TextEquiv>
            </TextLine>
            <TextLine id="r1l85" custom="readingOrder {index:84;}">
                <Coords points="389,2849 1544,2864 1624,2859 1625,2809 390,2788"/>
                <Baseline points="406,2831 466,2831 526,2832 586,2833 646,2834 706,2834 766,2835 827,2836 887,2837 947,2837 1007,2838 1067,2839 1127,2839 1187,2840 1248,2840 1308,2841 1368,2841 1428,2841 1488,2842 1548,2842 1609,2842"/>
                <TextEquiv>
                    <Unicode>essantesten sein wird. Wir brauchen nicht etwa an die „verkauften</Unicode>
                </TextEquiv>
            </TextLine>
            <TextLine id="r1l86" custom="readingOrder {index:85;}">
                <Coords points="1638,2859 2861,2854 2861,2821 1638,2815"/>
                <Baseline points="1654,2851 1713,2853 1773,2855 1832,2856 1892,2858 1951,2859 2011,2860 2070,2862 2130,2862 2189,2864 2249,2864 2309,2865 2368,2865 2428,2866 2487,2866 2547,2866 2606,2866 2666,2866 2725,2866 2785,2866 2845,2865"/>
                <TextEquiv>
                    <Unicode>man diese sympathische Operettensoubrette hat ziehen lassen, ist</Unicode>
                </TextEquiv>
            </TextLine>
            <TextLine id="r1l87" custom="readingOrder {index:86;}">
                <Coords points="392,2872 1621,2890 1621,2847 392,2826"/>
                <Baseline points="406,2871 469,2871 532,2871 595,2872 658,2872 721,2873 784,2874 847,2875 910,2875 973,2876 1037,2877 1100,2878 1163,2879 1226,2880 1289,2881 1352,2882 1415,2882 1478,2883 1541,2883 1605,2884"/>
                <TextEquiv>
                    <Unicode>und korrumpierten“ italienischen oder französischen Blätter zu</Unicode>
                </TextEquiv>
            </TextLine>
            <TextLine id="r1l88" custom="readingOrder {index:87;}">
                <Coords points="1636,2896 2791,2920 2874,2912 2875,2850 1636,2856"/>
                <Baseline points="1652,2892 1712,2893 1772,2895 1833,2896 1893,2897 1953,2898 2014,2900 2074,2900 2134,2902 2195,2902 2255,2903 2315,2904 2376,2905 2436,2905 2496,2906 2557,2906 2617,2906 2677,2907 2738,2907 2798,2906 2859,2906"/>
                <TextEquiv>
                    <Unicode>heute vielen noch unklar. Jedenfalls zeigt sich, daß ein Ersatz;</Unicode>
                </TextEquiv>
            </TextLine>
            <TextLine id="r1l89" custom="readingOrder {index:88;}">
                <Coords points="387,2921 1622,2938 1623,2883 1561,2873 388,2872"/>
                <Baseline points="402,2910 462,2910 522,2910 582,2911 643,2911 703,2912 763,2913 823,2914 884,2915 944,2916 1004,2917 1064,2918 1125,2919 1185,2921 1245,2922 1305,2922 1366,2923 1426,2923 1486,2923 1546,2923 1607,2922"/>
                <TextEquiv>
                    <Unicode>denken. Vaterlandspartei und ihr Pressefonds sagen genug. Doch</Unicode>
                </TextEquiv>
            </TextLine>
            <TextLine id="r1l90" custom="readingOrder {index:89;}">
                <Coords points="1631,2944 2756,2939 2869,2971 2870,2913 2716,2896 1632,2898"/>
                <Baseline points="1648,2931 1708,2933 1768,2934 1828,2935 1889,2937 1949,2938 2009,2939 2069,2940 2130,2940 2190,2941 2250,2942 2310,2942 2371,2943 2431,2943 2491,2944 2551,2944 2612,2945 2672,2945 2732,2946 2792,2946 2853,2946"/>
                <TextEquiv>
                    <Unicode>schwerer zu finden ist, als man glaubte. Frl. Grünberg ist eine</Unicode>
                </TextEquiv>
            </TextLine>
            <TextLine id="r1l91" custom="readingOrder {index:90;}">
                <Coords points="396,2960 1354,2982 1422,2965 1423,2925 396,2911"/>
                <Baseline points="411,2950 460,2951 510,2952 560,2953 610,2953 660,2954 709,2955 759,2956 809,2956 859,2957 909,2958 958,2958 1008,2959 1058,2959 1108,2960 1158,2960 1207,2960 1257,2960 1307,2960 1357,2960 1407,2960"/>
                <TextEquiv>
                    <Unicode>wixthaben heute Burgfrieden und wollen nichts sagen.</Unicode>
                </TextEquiv>
            </TextLine>
            <TextLine id="r1l92" custom="readingOrder {index:91;}">
                <Coords points="1629,2980 2867,3009 2862,2941 1630,2937"/>
                <Baseline points="1646,2971 1706,2972 1766,2974 1826,2976 1887,2977 1947,2978 2007,2979 2067,2980 2128,2981 2188,2982 2248,2982 2308,2983 2369,2983 2429,2984 2489,2984 2549,2984 2610,2984 2670,2985 2730,2985 2790,2985 2851,2985"/>
                <TextEquiv>
                    <Unicode>in Berlin gut bekannte Soubrette mit einer nicht gerade großen,</Unicode>
                </TextEquiv>
            </TextLine>
            <TextLine id="r1l93" custom="readingOrder {index:92;}">
                <Coords points="418,3007 1626,3022 1626,2970 1586,2960 419,2961"/>
                <Baseline points="434,2999 492,3000 551,3000 610,3001 669,3001 727,3002 786,3003 845,3003 904,3004 962,3005 1021,3006 1080,3007 1139,3008 1197,3009 1256,3009 1315,3010 1374,3010 1432,3011 1491,3011 1550,3012 1609,3012"/>
                <TextEquiv>
                    <Unicode>—Schnitzler hat eine Wiener Zeitungskomödie geschrieben, die</Unicode>
                </TextEquiv>
            </TextLine>
            <TextLine id="r1l94" custom="readingOrder {index:93;}">
                <Coords points="1629,3020 2861,3043 2837,2984 1629,2977"/>
                <Baseline points="1644,3010 1704,3011 1764,3013 1824,3014 1884,3016 1944,3017 2004,3018 2064,3019 2124,3019 2184,3020 2244,3021 2304,3021 2364,3022 2424,3022 2484,3023 2544,3023 2604,3023 2664,3023 2724,3024 2784,3024 2845,3024"/>
                <TextEquiv>
                    <Unicode>aber in den Höhenlagen guten Stimme und einem munteren</Unicode>
                </TextEquiv>
            </TextLine>
            <TextLine id="r1l95" custom="readingOrder {index:94;}">
                <Coords points="387,3052 1628,3070 1617,3011 388,2997"/>
                <Baseline points="403,3036 463,3036 523,3037 584,3037 644,3038 705,3039 765,3040 826,3041 886,3043 947,3044 1007,3045 1067,3046 1128,3048 1188,3049 1249,3050 1309,3051 1370,3052 1430,3052 1491,3053 1551,3053 1612,3053"/>
                <TextEquiv>
                    <Unicode>eine bitterernste Satire ist. Man muß nur die Sache von den</Unicode>
                </TextEquiv>
            </TextLine>
            <TextLine id="r1l96" custom="readingOrder {index:95;}">
                <Coords points="1621,3063 2863,3059 2845,3025 2654,3017 1622,3020"/>
                <Baseline points="1638,3050 1698,3051 1758,3052 1819,3053 1879,3054 1940,3055 2000,3056 2061,3057 2121,3057 2182,3058 2242,3059 2302,3059 2363,3060 2423,3060 2484,3060 2544,3061 2605,3061 2665,3061 2726,3061 2786,3061 2847,3061"/>
                <TextEquiv>
                    <Unicode>Spiel. So fand sie auch hier mit der Art, wie sie die beiden Dienst¬</Unicode>
                </TextEquiv>
            </TextLine>
            <TextLine id="r1l97" custom="readingOrder {index:96;}">
                <Coords points="398,3092 1519,3113 1620,3103 1621,3060 398,3043"/>
                <Baseline points="413,3076 472,3076 532,3076 591,3077 651,3077 711,3078 770,3079 830,3080 889,3081 949,3082 1009,3084 1068,3085 1128,3086 1187,3087 1247,3088 1307,3090 1366,3090 1426,3091 1485,3092 1545,3092 1605,3092"/>
                <TextEquiv>
                    <Unicode>Personen treunen, und sofort erkennen wir den tiefen sozialen</Unicode>
                </TextEquiv>
            </TextLine>
            <TextLine id="r1l98" custom="readingOrder {index:97;}">
                <Coords points="1633,3097 2871,3124 2872,3044 1634,3057"/>
                <Baseline points="1650,3089 1710,3090 1770,3091 1830,3092 1891,3093 1951,3094 2011,3095 2071,3095 2132,3096 2192,3097 2252,3097 2312,3098 2373,3098 2433,3099 2493,3100 2553,3100 2614,3101 2674,3101 2734,3102 2794,3103 2855,3104"/>
                <TextEquiv>
                    <Unicode>mädchenrollen gab, lauten Beifall. Aber bei aller Anerkennung</Unicode>
                </TextEquiv>
            </TextLine>
            <TextLine id="r1l99" custom="readingOrder {index:98;}">
                <Coords points="393,3122 1635,3123 1635,3080 394,3076"/>
                <Baseline points="410,3115 470,3117 530,3118 591,3119 651,3120 712,3122 772,3123 833,3124 893,3125 954,3126 1014,3127 1074,3128 1135,3129 1195,3130 1256,3131 1316,3132 1377,3132 1437,3133 1498,3133 1558,3133 1619,3134"/>
                <TextEquiv>
                    <Unicode>Hintergrund— Der Fink=Fliederbusch mag wies Liemann eine</Unicode>
                </TextEquiv>
            </TextLine>
            <TextLine id="r1l100" custom="readingOrder {index:99;}">
                <Coords points="1618,3146 2730,3170 2872,3144 2873,3095 1619,3088"/>
                <Baseline points="1635,3132 1696,3133 1757,3134 1818,3134 1879,3136 1940,3137 2001,3138 2062,3138 2123,3139 2184,3140 2246,3141 2307,3142 2368,3143 2429,3144 2490,3144 2551,3145 2612,3146 2673,3146 2734,3146 2795,3147 2857,3147"/>
                <TextEquiv>
                    <Unicode>ihrer spielerischen und gesanglichen Tüchtigkeit, kann doch gesagts</Unicode>
                </TextEquiv>
            </TextLine>
            <TextLine id="r1l101" custom="readingOrder {index:100;}">
                <Coords points="385,3173 2874,3218 2850,3141 386,3108"/>
                <Baseline points="400,3163 522,3164 645,3165 768,3166 891,3167 1014,3169 1137,3170 1259,3171 1382,3172 1505,3174 1628,3175 1751,3176 1874,3178 1997,3179 2119,3181 2242,3183 2365,3185 2488,3187 2611,3189 2734,3192 2857,3194"/>
                <TextEquiv>
                    <Unicode>groteske Ausnähme sein, wie es wohl auch in Deutschland die beiden! werden, etwas besseres wie die Doninger bietet sie nicht. Ihre</Unicode>
                </TextEquiv>
            </TextLine>
            <TextEquiv>
                <Unicode>box 33/2
27 Einkund Fliederbusch
Zeitung: Volksstimme
Adyesse: Frankfurt a. M.
96. N0V. 197.
Ddtan
SR
Chefredakteure sind. Dennoch hat das kapitalistische System der
Stimme ist zwar schön,
Kleines Feuilleton.
Presse, das die meisten bürgerlichen Zeitungen zu reinen Geld¬
Gesang der Doninger so
instituten macht, gar viele ihrer Redakteure zu Lohnschreibern her¬
in der Drallerie war ihr
abgedrückt. Nicht Fisch, nicht Fleisch, wer erkennt auch nicht, ihr
erstklassigen Operettensou
Frankfurter Theater.
.. wir haben Burgfrieden und lassen den Schleier ungelüftet.
ment von Frl. Grünberg
Arthur Schnitzler: „Fink und Fliederbusch“.
Wir haben die von Herrn Hellmer vorzüglich geleitete Auf¬
In der Rolle der Ad
führung vom Sonntag gesehen, die viel Beifall fand. Das Neue
Komödie in 3 Akten. E Neuen
ersten Auftritt das Publ
Theater bringt das Stück mit seinem, ihm besonders in Lustspielen
Theater.
Das hüpft und tanzt und
eigenen Geschick auf die Bühne. Die fließende Handlung, die gut
Beifallsstürmen auf offene
Alles schon einmal dagewesen: Liemankg der in der
gezeichneten Personen und die feinen Dialoge haben eine gute
noch stundenlang mit zuse
„Deutschen Tageszeitung“ schreibt und in den „Leppziger Neuesten
Stätte und mit etlichen Ausnahmen gute Sprecher gefunden. Paul
wäre sicher ein Gewinnf
Nachrichten“ gegen sich selbst polemisiert bis eines Xages durch eine
Graetz als Fink=Fliederbusch zeichnet diese Gestalt sehr fein. Es
Postverspätung die Sache aus Licht kommt. In der Annahme, sein
ist der bescheidene, talentierte Schreiber, der eigentlich wider seinen¬
Artikel wäre in Leipzig erschienen, liest man schon in Berlin die
Willen zum sonderbaren „Held“ wird. Herr Kner als Füllmann
Entgegnung, während der Aufsatz, auf den sie sich gründet, vierund¬
ist der 48er Demokrat vom Vollbart bis zum Bratenrock. Herr &amp;
zwanzig Stunden zu spät kommt.
Kuckhoff hätte aus dem Kajetan mehr machen können und Herr
In seiner Komödie hat Schnitzler den armen Yorrick, „der
Klöpfer nimmt seine Rolle zu tragisch ernst, während Herr
kann schreiben rechts und der kann schreiben links“, neu aufleben
[Großmann gar zu sehr den Komödianten hervorkehrt. Oder!
lassen. Ein junger Mann schreibt unter dem Namen Fliederbusch
hat man das bei ihm nur im Gefühl? Leuchter findet in dem Herrn#
für ein demokratischés Blatt und als Fink bekämpft er sich selbst in
Schwartze einen guten Vertreter, wie auch die anderen Re¬
der konserbativen „Eleganten Welt".
Der Konservative Fink
daktionstypen durch die Herren Lobe, Grüning, Reimann #
fordert schließlich den Demokraten Fliederbusch wegen Beleidigung
bestens wiedergegeben werden. Durch die Herren Laskowski
zum Duell. Zur Stunde des Zweikampfes erscheinen die beiden
und Wallburg ist die elegante, duellwütige Welt gut vertreten.
Parteien. Die Konservativen fragen nach Fliederbusch, die Demo¬
Herr Brückner ist ein Graf, dem niemand widerstehen kann und
kraten nach Fink, bis sich der Doppelmann als Fink=Fliederbusch
dem sich sicher noch andere Herzen und Gesinnungen beugen wür¬
zu erkennen gibt. Jeder der Chefredakteure möchte nun das junge
den als Fink=Fliederbusch. Die einzige weibliche Figur des Stückes
„Talent“ für seine Zeitung erwerben, Es wird um Fink=Flieder¬
ist die Fürstin Priska. Der Dichter stellt sie meisterhaft mit
busch gesteigert. Monatlich 800 Kronen Gehalt; 900 sagt der
wenigen Strichen hin. So kann eben nur ein Wiener Frauen ##
Konservative; 1000 überbietet der Demokrat. Den Sieg trägt ein.
sehen, und Frl. Sangora läßt Straußsche Melodien in uns wach ?#
Graf davon, dem ebenfalls Ueberzeugungen null sind und der mit
werden.
Fink=Fliederbusch eine neue Tageszeitung gründen wird.
Die Presse hat im Kriege, mit und ohne ihr Zutun, nicht an
Opernhaus. Als Hanni in der Operette „Frühlingsluft“ und #
Ansehen gewonnen. Durch Schnitzlers Komödie wird ihr gewiß
als Adele in Strauß' „Fledermaus“ gastierte am Samstag und
nichts davon gegeben. Es wird hier eine Frage zur Aussprache ge¬
Sonntag Frl. Elsa Grünberg vom Thaliatheater in Berlin;
stellt, die nach dem Kriege sicher eine der brennendsten und inter¬
hier auf Engagement. Sie soll Frl. Doninger ersetzen. Weshalb
essantesten sein wird. Wir brauchen nicht etwa an die „verkauften
man diese sympathische Operettensoubrette hat ziehen lassen, ist
und korrumpierten“ italienischen oder französischen Blätter zu
heute vielen noch unklar. Jedenfalls zeigt sich, daß ein Ersatz;
denken. Vaterlandspartei und ihr Pressefonds sagen genug. Doch
schwerer zu finden ist, als man glaubte. Frl. Grünberg ist eine
wixthaben heute Burgfrieden und wollen nichts sagen.
in Berlin gut bekannte Soubrette mit einer nicht gerade großen,
—Schnitzler hat eine Wiener Zeitungskomödie geschrieben, die
aber in den Höhenlagen guten Stimme und einem munteren
eine bitterernste Satire ist. Man muß nur die Sache von den
Spiel. So fand sie auch hier mit der Art, wie sie die beiden Dienst¬
Personen treunen, und sofort erkennen wir den tiefen sozialen
mädchenrollen gab, lauten Beifall. Aber bei aller Anerkennung
Hintergrund— Der Fink=Fliederbusch mag wies Liemann eine
ihrer spielerischen und gesanglichen Tüchtigkeit, kann doch gesagts
groteske Ausnähme sein, wie es wohl auch in Deutschland die beiden! werden, etwas besseres wie die Doninger bietet sie nicht. Ihre</Unicode>
            </TextEquiv>
        </TextRegion>
        <TextRegion orientation="0.0" id="r2" custom="readingOrder {index:1;}">
            <Coords points="2970,4069 2970,4221 3034,4221 3034,4069"/>
            <TextLine id="r2l1" custom="readingOrder {index:0;}">
                <Coords points="2955,4177 2974,4177 2989,4184 3007,4181 3013,4188 3050,4189 3052,4121 3037,4121 3031,4114 3022,4114 3000,4126 2982,4119 2972,4125 2957,4124"/>
                <Baseline points="2970,4169 3002,4169 3034,4171"/>
                <TextEquiv>
                    <Unicode>.S</Unicode>
                </TextEquiv>
            </TextLine>
            <TextEquiv>
                <Unicode>.S</Unicode>
            </TextEquiv>
        </TextRegion>
    </Page>
</PcGts>
