3436 4320
1736 211 2185 303 box 33/2
277 215 1581 315 27. Eink und Fliederbus..—
1435 627 2316 759 Baihaer Boisen Zolung, boiie
1444 683 2086 826 Mb I9“ Morgenansgate
2065 836 2363 894 —
1464 886 2230 984 Frankfurter Theaterbrief.
1635 975 2307 1052 Frankfurt a. M., 18. November.
1364 1023 2345 1094 Das Neue Theater, die kleine vornehme Westend¬
1324 1088 2332 1131 bühne unter der Leitung von Hellmer und Reimann,
1326 1118 2333 1163 hat sich im vorigen Winter durch seine „Literarischen
1333 1160 2329 1200 Gesellschaftsabende“ Ruhm erworben; es hatte die Ent¬
1336 1198 2325 1242 schlußkraft zur Uraufführung von René Schickeles „Hans
1340 1239 2329 1279 im Schnakenloch" und Georg Kaisers „Bürger von
1327 1278 2324 1337 Calais“. Nachdem Dr. Zeiß aus Dresden seit
2085 1313 2329 1366 Stadttheater
1335 1322 2066 1384 Herbst die Leitung der Vereinigten
1649 1355 2357 1407 und Opernhaus) übernommen
1331 1362 1652 1415 (Schauspielhaus
1330 1396 2332 1456 hat, ist dem Neuen Theater ein ebenbürtiger
1324 1446 2332 1488 Nebenbuhler erwachsen. Der sachlich geführte Wett¬
1340 1477 2337 1527 bewerb gestaltet Frankfurt zu einem Brennpunkt uns
1338 1522 2330 1567 deutschen Theaterlebens. Nach einer unter Gerhart
1338 1560 2332 1606 Hauptmanns Mitwirkung erfolgten, glänzenden Neuein¬
1338 1592 2334 1640 studierung des „Florian Geyer“ brachte des
1336 1632 2329 1680 Dr. Zeiß' erste literarische Neuheit: Carl Sternheims
1334 1673 2329 1729 „Perleberg“, eine Enttäuschung. In Sternheims
1340 1702 2335 1765 früheren „Komödien aus dem bürgerlichen Heldenleben“.
1337 1752 2327 1802 wie „Die Hose“, „Die Kassette“, „Bürger Schippel“,
1340 1808 2329 1842 glaubte man den Dichter als eigenen zu erkennen.
1345 1832 2334 1879 Sie waren Persiflagen des Spießertums; aber zu¬
1331 1878 2339 1922 gleich schüttelte der Verfasser an allen anderen Be¬
1335 1911 2334 1955 griffen der irdischen und der unirdischen Welt.
1333 1955 2333 2011 Und er tat es in einer Form, die die Gestalten über
1334 1989 2334 2032 die tatsächliche Wirklichkeit hinaushebt, die sie mit den
1343 2026 2343 2073 flimmernden Lichtern der Phantasie und der Unwirklich¬
1346 2077 2331 2118 keit umspielt, bis schließlich die Gestalten hinter den
1346 2117 2343 2162 Worten zu versinken beginnen. Anders Sternheims
1342 2152 2346 2203 jüngst gespieltes Lustspiel „Perleberg“. In den beiden
1347 2194 2339 2242 ersten Aufzügen unterscheidet es sich kaum von dem
1345 2235 2331 2280 früheren bürgerlichen Lustspiel der mittleren Linie:
1343 2268 2346 2332 „Kotzebue, Kotzebue“ wisperte es durch das Haus. Erst
1341 2308 2330 2359 im dritten Aufzug, der den Kampf um die Entwickelung
1346 2349 2341 2400 des märkischen Sandnestes Perleberg zum neuzeitlichen
1341 2389 2335 2448 Badeort zum Abschluß bringt, leuchtet der scharfe Geist
1339 2431 2331 2492 des Satirikers des bürgerlichen Heldenlebens durch,
1333 2469 1852 2527 klingt eine eigene Note an.
1388 2492 2338 2561 Von stärkerem literarischen Interesse war die Ur¬
1342 2547 2337 2596 aufführung von Georg Kaisers „Zentaur“ im
1350 2586 2352 2634 Schauspielhaus. Der Titel ist weit hergeholt. Der
1346 2633 2346 2680 schüchtern verliehte Oberlehrer wird, um seine Befähi¬
1344 2663 2342 2724 gung zur Ehe zu erproben, in ein sehr reales Liebes¬
1344 2708 2333 2750 abenteuer mit Folgen verwickelt, das ihn fast um die
1350 2747 2348 2790 wirkliche Braut bringt; er leistet übermenschliches, er
1340 2776 2347 2845 fühlt sich als „Zentaur“. Die Gestalten sind stark als
1351 2832 2351 2882 Typen stilisiert, das Stück führt bis zur äußersten Linie
1351 2874 2346 2914 der noch künstlerischen Groteske. Wenige Tage später
1351 2906 2322 2956 brachte das Neue Theater — gleichfalls als Uranfführung —
1348 2940 2344 3001 Kaisers ernstgestimmtes Schauspiel „Die Koralle“.
1344 2969 2357 3034 Auch hier das Streben nach einer Abwendung von
1347 3038 2340 3081 jedem Naturalismus; auch hier eine Typisierung der
1353 3062 2352 3123 Gestalten. Der im Mittelpunkte stehende Milliardär
1346 3102 2355 3153 verkörpert den märchenhaften Reichtum. Doch ihm
1355 3155 2350 3193 fehlt das Glück, wie es in der Erinnerung an eine
1355 3185 2347 3234 sonnige Jugendzeit liegt. Er sucht diese Erinnerung
1343 3224 2347 3270 sich zu eigen zu machen, indem er sie seinem Sekretär,
1343 3275 2355 3310 einem Doppelgänger, von dem er sich nur durch eine !
1344 3301 2344 3349 an der Uhr getragene „Koralle“ äußerlich unterscheidet,
1347 3353 2345 3392 entwendet und hierzu den Sekretär ermordet. Ist auch
1347 3382 2346 3428 die Einheitlichkeit des Stiles noch nicht vollständig
1346 3420 2351 3476 durchgeführt, so ist doch mit diesem Werk ein inter¬
1345 3457 2345 3513 essanter und wertvoller Schritt auf der von Georg
1354 3513 2354 3565 Kaiser angestrebten expressionistischen Durchgeistigung
1352 3554 1731 3603 des Dramas getan.
1399 3559 2357 3632 Mit starker Jutensität wurde und wird Friedrich
1348 3631 2350 3670 Sebrechts „David“ der von dem Schauspiel¬
1354 3665 2352 3712 hause in der vorigen Woche uraufgeführt wurde, in der
1354 3698 2360 3747 deutschen Presse angekündigt. Mehr als ein ernstes
1349 3743 2358 3790 Wollen — die selbstverständliche Voraussetzung jedes
1353 3777 2345 3828 Kunstwerkes — und eine gespannte Rhetorik vermochte
1363 3819 2349 3879 ich in dem Schauspiel des jungen Leipzigers nicht zu
1352 3857 2353 3914 entdecken. Weder gibt es eine Fortführung des seit¬
1355 3897 2344 3952 herigen, auf Psychologie eingestellten Dramas, noch stellt
1356 3944 2356 3995 es eine Stufe zu dem neuen expressionistischen Schau¬
1351 3975 2349 4047 spiel dar. Es könnte ein Operntext sein, zu dem noch
1356 4018 1667 4091 die Musik fehlt.
1393 4048 2347 4107 Als jüngste Neuheit brachten Hellmer und Reimann
1361 4097 2361 4158 gestern Arthur Schnitzlers „Fink und Flieber¬
1362 4142 2349 4192 busch, eine Persiflage des Journalismus. Auch
