3392 4256
246 76 1558 157 27. Eink-und Friederbusch
472 260 1087 348 Adresse: München
1096 286 1504 381 1 S. N0V. 1940
467 376 693 460 Datum:
356 454 1334 610 Kunst und Wisenschaft.
430 584 1414 636 * [Der neue Schnitzler.] Arthur Schnitzlers neus
339 631 1325 691 Journalistenkomödie „Fink und Flieberbusch“,
343 666 1390 725 im Wiener Deutschen Vollatbeat###einen
342 711 1383 774 Achtungserfolg erziel'n konnte, stellt sich als ein mit recht
344 768 1332 814 unzulänglichen Mitteln unternommener Versuch dar, de
335 803 1394 866 Problem der publiaistischen Gesinnung in irdnisch=satirie
332 851 1397 911 scher Form zu behandeln. Zwei Zeitschriftey' führen eing
344 890 1372 950 erbitterte Fehde, die radikal=demokratische „Gegenwart“
341 932 1379 990 und die feudal=reaktionäre „Elegante Welt“. Einer der
338 977 1385 1033 begabiesten jüngsten Mitarbeiter der „Gegenwart“ schreibt
336 1020 1392 1075 als „Fliederbusch“ eine geharnischte Erwiderung auf einen
328 1061 1393 1119 reaktionären Artikel der „Eleganten Welt“, als deren —
333 1093 1400 1153 Mitarbeiter unter dem Namen Fink wir ihn im zweilen
344 1147 1387 1200 Akt finden. In recht verakteter Art sucht nun der moderne
336 1206 1400 1247 Journalisten=Hamlet über sein Doppelich in langatmigen
332 1232 1388 1282 Monologen klar zu werden und läßt as sogar zu einem
331 1281 1390 1326 Pistolenduell mit sich selbst kommen. Natürlich verläuft
337 1317 1386 1372 dieses Duell in einer ans Possenhafte granzenden Schluß¬
335 1368 1390 1426 szene durchaus unblutig, und an den Haaren herbalgegegen
345 1411 1387 1454 m###t dann die „Lösung“ an: Fink=Fliederbuk verkauft
340 1454 1391 1507 seine Gesinnung an den von ihm norher scharf bekämpften
339 1484 1387 1544 Grafen, der ein eigenes (drittes) Organ herausgeben will,
332 1527 1386 1590 in dem der junge Zeitungsmann sein Doppelich un¬
337 1572 1396 1624 gehindert austoben kann. Schnitzler will darauf hinaus,
334 1609 1381 1673 daß das, was man gemeinhin politische Gesinnung oden
333 1663 1392 1710 Ueberzeugung nennt, in Wahrheit gumeist nur eine fire
723 1702 770 1749 1
768 1699 1392 1754 früher, lugt hier der Arosund
332 1707 475 1757 Jno#
333 1743 1391 1800 Menschensezierer zwischen dem Dichter Schnitzker dentlich
648 1780 1315 1842 aß wir ia Zukunft mehr alo bisher
325 1790 578 1844 hevaus!) in
326 1792 1406 1887 Kompromissen bereit sein müsse, Ist auch der seine Schalls¬
341 1866 1429 1926 Fumor des sonst so liebenswürdigen Wiener Dichters ore#
365 1955 1407 2020 vielen wienerisch witzigen Randbemerkungen ersichtlich, so
359 2015 1412 2059 vermissen wir doch sonst so ziemlich alles, was uns Schnitz¬
366 2038 500 2088 ler
524 2044 1412 2098 st so lieb und wert macht. Daß die verschiedenen
366 2089 1412 2135 Mitalieder der Redaktionen in beiden Lagern trefflich be¬
369 2129 1412 2185 obachiet sind, täuscht uns nicht über die Handlungsdürftig¬
378 2168 1415 2220 keit und über die Sintönigkeit des Ganzen hinweg, und
467 2216 1414 2273 allem wirkt gerade bei einem so feinen Kenner der
474 2252 1423 2312 lichen Psyche das völlige Ausschalten des crotischen
449 2280 1414 2354 mentes fast wie Absicht. Ges ielt wurde die Komödie
361 2333 1421 2390 ausgezeichnet; in der Doppelrolle des hinter dem Flieder¬
358 2374 1412 2440 busch sein schrilles Liet trillernden Zeitungs=Finken leistete
374 2421 1407 2463 Herr Edhofer Ausgezeichnetes, ebenso alle übrigen Dar¬
367 2461 1408 2534 steller. Wer aber schreibt uns die große Tragödie der
365 2496 1408 2556 öffentlichen Meinung, die noch nie so unheimlich dankharen
387 2545 1387 2606 Stoff gefunden hat wie heutzutage? Dr. Arth. N—r.
889 2592 1437 2663 „ „. Me „„
437 2980 956 3077 Adyesse: Berlin
953 3019 1382 3121 1 5. 900 1917
444 3103 654 3177 Datum:
418 3308 1583 3383 Arthur Schnihlers neue Komödie „Fink und Flie¬
380 3355 1586 3456 Verbusch“ hat, wie unser a. p.=Berichterstatter zus Wien
387 3411 1583 3504 drahtet, inf Deuschen Volkstheater mäßig angesprochen.
393 3456 1579 3538 Das Stückdelt das Thema Zeitung und Zeitungsleute mit
387 3502 1587 3588 sanftem Färtaßmus, es hat einen spaßigen Grundeinfall, aber nicht
381 3548 1584 3658 den Mut zu herzhafter Lustigkeit. Im Bestreben vornchm zu
364 3611 1589 3706 bleiben, wird die Komödie saftlos, die Schilderung des Zeitungs¬
360 3645 954 3733 milichis geriet wenig originell.
1708 74 2143 165 box 33/1
2090 305 2812 386 Wien, I., Soncerdlepren
2460 361 2762 444 I5A01917
2302 402 2889 483 Deutsches Volssblatt
2510 473 2697 565 Wien¬
2698 574 2813 641 #
1965 575 3049 685 hrater, Kunst und neratur.
2039 650 3076 747 Deutsches Bollstheater. Artur Schnihl#rist in
1966 707 3085 786 seiner jüngsten dramatischen Arbeit, der dreiaktigen Komödie
1976 765 3080 819 „Fink und Fliederbusch“, nicht wieder zu erkennen. Der
1969 796 3082 850 Dialog erinnert zwar mitunter an frühere Werke des Ver¬
1970 845 3085 914 fassers, auch daburch, daß Schnitzler wieder sein Steckenpferd,
1968 884 3080 962 die Erörierung der Duellfrage, reitet, fühlt man sich an
1958 923 3086 1002 seine literarische Vergangenheit gemahnt, aber im übtigen
1964 975 3084 1045 ist er sichtlich bemüht, dieselbe zu verleugnen. Diese Ver¬
1959 1024 3077 1106 gangenheit ist nun keineswegs eine solche, daß sie uns
1954 1055 3074 1141 besonders sympathisch gewesen wäre. Dennoch müssen wir
1965 1106 3067 1173 bekennen, daß der neue Schnitzler uns noch weit weniger
1960 1154 3078 1213 gefällt. Er hat nämlich etwas an sich, was ganz und gar
1955 1192 3073 1275 nicht recht unterhaltend wirkt, sondern Eindrücke hervorruft,
1957 1227 3061 1296 die von Langweile kaum noch zu unterscheiden sind. Viel¬
1960 1281 3060 1348 leicht hat es Schnitzler danach gelüstet, einmal auf den Spuren
1959 1314 3076 1393 Vernhard Shaws zu wandeln. Die Idee seiner neuesten
1947 1368 3063 1443 Komödje, der absolute Mangel einer eigentlichen Handlung,
1946 1414 3065 1474 der räsonierende Charakter alles dessen, was gesagt wird,
1947 1446 3061 1519 die ganze Technik des Stückes und vielleicht sogar der
1956 1495 3049 1556 Umstand, daß wiederholt von „Snobs“ und „Snobismus“
1949 1540 3055 1592 gesprochen wied, läßt die ausgesprochene Vermutung nicht
1951 1591 3053 1651 ungerechtfertigt erscheinen. Schnitzler zeigt übrigens in seiner
1953 1624 3051 1678 Komödie „Fink und Fliederbusch“ auch unmoderne An¬
1950 1680 3054 1739 wandlungen, er überrascht uns sogar durch einen Monolog,
1953 1718 3062 1796 der doch sonst von den Angehörigen seiner Richtung ganz
1951 1764 3054 1826 und gar verpönt ist. Und wenn man will, kann man sogar
1949 1809 3058 1859 Vergleiche mit Gustav Freytags „Journalisten“ anstellen,
1941 1835 3057 1908 denn es gibt nicht nur ein Redaktionsmilieu, in das wir
1944 1899 3050 1951 eingeführt werden, wir nehmen nicht nur an dem Kampfe
1951 1936 3064 1998 zweier in verschiedenen politischen Lagern stehenden Zeitungen
1945 1986 3064 2049 teil, sondern die Hauptfigur des Stückes ist eine Art von
1939 2022 3064 2068 vernewertem Schmock, gewissermaßen eine Salonausgabe
2134 2062 2258 2120 durch
1931 2061 2072 2118 jenes
2552 2063 2751 2130 berühmt
2328 2069 2518 2121 Freytag
2804 2063 3091 2141 gewordenen,
1947 2108 2022 2166 je
2063 2093 2187 2164 nach
2228 2105 2412 2166 Bedarf
2449 2107 2751 2171 nach links
2798 2116 3060 2172 oder nach
1950 2138 2090 2204 rechts
2146 2137 2712 2200 schreibenden Journalisten.
2777 2144 3061 2219 Schnitzler
1946 2193 3055 2259 hatur gewissermaßen die letzten Möglichkeiten ange eutet,
1950 2240 3055 2284 zu welchen es allenfalls führen könnte, wenn einer die
1936 2271 3053 2348 publizistische Vielseitigkeit etwas gar zu weit treibt. Der
1942 2321 3042 2384 junge Mann; der als „Fliederbusch“ in einem liberalen
1937 2369 3048 2417 Blatte einen konservativen Parlamentarier angreift, pole¬
1937 2391 3144 2478 misiert als „Fink“ dann in einer gegnerischen Zeitung
1937 2451 3047 2521 mit sich selbst. Es kommt aber noch viel grotesler. Die
1941 2496 3048 2547 Situation spitzt sich derart zu, daß „Fink“ sich genötigt
1946 2540 3044 2610 sieht, seinem Widersacher „Fliederbusch“ zum Zweikampfe
1932 2577 3038 2639 zu fordern. Das gibt natürlich Schnitzler weder die er¬
1944 2627 3044 2677 wünschte und wohl auch gesuchte Gelegenheit, über das
1936 2675 3044 2741 Tuell an sich den Stab zu brechen und es lächerlich zu
1940 2715 3048 2785 machen. Er greift zu diesem Zwecke zu einem sehr drastischen
1927 2757 3034 2822 Mittel, indem er die von ihm geschaffene Verwicklung so
1932 2810 3041 2876 weit treibt, daß er uns auf den Platz führt, wo das
1935 2835 3043 2895 Tuell zur Aestragung gelangen soll. Dort stellt
1932 2884 3029 2952 ses sich natütlich heraus, daß „Fink" und „Fliederbusch“
1932 2933 3046 2995 seine und dieselbe Peron sind. Nun kommt es doch noch
1930 2962 3040 3041 zu einer Art von Zweikampf, nämlich zwischen den Heraus¬
1938 3010 3046 3084 lgebein der beiden gegnerischen Blätter, die sich durch ein
1934 3057 3037 3124 fförmliches Hinauflizitieren ihrer Gekaltsanbote des
1935 3093 3033 3171 jungen „hoffnungsvollen“ Journalisten versichern
1939 3158 3053 3228 nollen, dessen Geriebenheit selbst amerikanischen Zeitungs¬
1923 3175 3040 3240 lleuten imponieren würde. Es scheint übrigens, als obn
1924 3240 3039 3308 Schnitzler es darauf abgesehen halte, damit noch etwas
1916 3270 3042 3354 Besonderes zu beweisen, nämlich daß das, was man „persön¬
1917 3319 3054 3402 liche Ueberzeugung“ nennt, einer Meinung nach nur ein sehr
1912 3371 3046 3441 problematischer Begriff ist, so dag sich ein in der Komödie
1919 3416 3031 3479 wiederholt gebrauchtes Wort von der „Identität der
1917 3450 3033 3505 Gegensätze“, das ein Paradoxon zu sein scheint,
2076 3492 2621 3554 Juhalt zu bekommen
1914 3501 2069 3549 realen
2620 3498 2794 3559 scheint.
1918 3535 2463 3600 fleicht einzusehen, daß
2464 3545 2595 3591 der
2634 3530 3047 3608 Kreis derjenigen,
1918 3586 3027 3633 ddie der jüngsten Schnitzlerschen Komödte Geschmack und
1919 3629 3038 3700 IInteresse a beugewinnen vermögen, kein allzu großer ist
1929 3674 3025 3740 Die Wiener Journalistik wird vielleicht den ersten Auf¬
1923 3705 3036 3785 #zug des Stückes als den Ansatz zu einer Schlüsselkomödie
1928 3765 3014 3818 berrachten, weit gewisse vom Verfasser geschlderte Verhält¬
1914 3802 3019 3864 juisse auf ein ganz bestimmtes Mener Blatt hindeuten,
1913 3839 3072 3918 wodurch auch noch die Masken einzelner Schauspieler bei¬ #
1915 3939 3043 3988 trugen. Gespielt wurde sehr gut. Herr Edthofer war
1921 3979 3038 4046 Fink und Flicherbusch in einer Person Von den übrigen
1928 4021 3040 4081 seien die Herren Forest, Thaller, Götz, Kutschera,
