3392 4352
1721 261 2169 358 box 33/1
1434 283 1582 377 —n
256 276 1481 373 27. Eink und Fliederbus
907 1039 1779 1122 #wahrscheinlich sogar, daß hier die sonst so
1803 1052 2651 1123 MUNCHENER THEATERNOTIZEN.
905 1099 1769 1167 tüchtige Regie des Dr. Schulbaur ver¬
1847 1120 2668 1173 Frau lda Roland ist ohne Zweifel eine
901 1155 1777 1222 sagt hat. Auch das Gespräch, das Graf
1794 1163 2659 1233 sehr interessante Künstlerin. Ein Bündel
910 1205 1763 1271 Niederhof im dritten Akte mit dem Titel¬
1792 1225 2663 1274 Nerven, voll jener köstlichen Zerfahrenheit,
898 1258 1770 1314 helden führt und das in seiner Fülle glän¬
1783 1272 2666 1329 Oberflächlichkeit und spielerischen Leichtig¬
897 1301 1768 1368 zender Gedanken und geistvoller Apercüs
1786 1323 2663 1384 keit, die das Wesen einer virtuosen Kunst
901 1343 1768 1412 der interessanten Weltanschauung des Dich¬
1786 1371 2668 1428 ausmachen. Das einzig Bedenkliche daran
906 1400 1774 1456 ters freien Raum gibt, kam nicht recht zur
1794 1417 2664 1475 ist das ominöse Virtuosentum; es brilliert,
907 1455 1776 1517 Geltung. Hier wäre die Festhaltung eines
1783 1462 2659 1530 schäumt, perlt und zerstiebt im schönsten
905 1503 1761 1567 flotten Konversationstempos, größere Deut¬
1784 1518 2666 1570 Raketenfeuer, aber es greift nicht ans Herz
905 1550 1716 1615 lichkeit des Wortes unbedingt notwendig.
1782 1569 2664 1620 und weckt kein Echo in der Seele. Frau lda
956 1594 1767 1658 Zur Darstellung der Komödie waren die
1786 1614 2658 1671 Roland hat es aber gar nicht nötig, sich
905 1651 1766 1718 besten männlichen Kräfte des Deutschen
1787 1665 2648 1727 diesen Gefahren des Virtuosentums auszu¬
899 1692 1775 1762 Volkstheaters aufgeboten. -In der Titelrolle
1787 1712 2651 1781 setzen, denn sie ist eine talentierte, kluge
901 1748 1761 1796 Herr Edthofer, der den journalistischen
1785 1769 2665 1832 und geistvolle Frau, die weit mehr kann, als
906 1799 1768 1864 Filon sehr liebenswürdig, beinahe liebens¬
1783 1804 2663 1862 nur blendend sein. Das hat sie uns bei
905 1850 1764 1905 wert gestaltete, es aber an dem schärferen
1790 1862 2664 1912 ihrem jetzigen Gastspiel im „Münchener
889 1883 1772 1963 Herausarbeiten der Doppelnatur fehlen ließ.
1786 1917 2650 1977 Volkstheater“ erwiesen. Sie hat es mit einer
906 1942 1763 1992 Von prächtiger Natürlichkeit Thaller als
1778 1957 2648 2015 Uraufführung inszeniert, mit Adolf Paul' s
895 1995 1760 2048 verkrachter Edelmann, während seine übrigen
1781 2016 2650 2070 „Lola Montez“ Wir kennen von Adolf Paul
898 2055 1761 2107 „klerikalen Redaktionskollegen“, die Herren
1785 2066 2648 2124 bessere Stücke. Die Literatur um Lola Montez¬
889 2099 1769 2154 Fürth und Aslan, die Unanständigkeit
1773 2110 2646 2168 herum ist weder sehr verlockend, noch einer
886 2144 1759 2208 ein wenig übertrieben. Dagegen bot die
1783 2153 2659 2227 Bereicherung bedürftig, wozu also Adolf
902 2195 1755 2235 „liberale Schriftleitung“ eine Fülle ergötz¬
1775 2203 2648 2262 Paul sich in Unkosten gestürzt hat, ist nicht
899 2235 1761 2308 licher Figuren, an ihrer Spitze Herr Götz
1784 2254 2649 2324 leicht zu erkennen. Freilich hat er bloß eine
899 2295 1769 2332 als objektiver Chef, Herr Millmann als
1779 2299 2650 2375 kleine Episode herausgegriffen, die Ge¬
893 2338 1767 2394 verärgerter Theaterreferent, Herr Klitsch
1787 2366 2648 2409 schichte ihrer Liebschaft mit dem Karlisten¬
902 2399 1766 2449 (der mit dieser Rolle sehr glücklich vom
1779 2410 2655 2469 anführer, der dann hingerichtet wird. Er
898 2430 1761 2484 Liebhaber ins Charakterfach übergetreten)
1782 2455 2638 2503 wollte uns Lola Montez in ihrer Menschlich¬
901 2486 1763 2551 als temperamentvoller Leitartikler, Herr
1787 2495 2645 2568 keit zeigen. Vielleicht. In Wirklichkeit ist er
888 2535 1760 2591 Forest als journalistisches „Mädchen für
1772 2555 2651 2612 über Scribe und Sardou gestolpert. Sein
897 2595 1768 2639 Alles“, sowie die Herren Kutschera,
1778 2597 2636 2673 Schauspiel ist eine Intriguenkomödie ge¬
895 2641 1764 2697 Homma und Ranzenhofer, jeder vor¬
1772 2655 2635 2711 worden, aber keine gute. Von den französi¬
887 2683 1754 2740 trefflich in seiner Weise. Auch Fräulein
1781 2709 2640 2772 schen Mustern ist nur wenig zu merken, die
897 2737 1756 2799 Waldow fand für die demimondaine Fürstin
1770 2753 2647 2811 Technik ist durchsichtig, vergröbert, verzerrt,
888 2779 1759 2844 glaubwürdige Akzente. Nur Herr Kramer
1775 2809 2639 2864 der Inhalt verwässert, und was daraus ge¬
893 2843 1760 2894 enttäuschte diesmal. Der ausgezeichnete
1776 2851 2641 2922 worden ist, ist im besten Falle (eigentlich
892 2883 1743 2934 Künstler — er gab den Grafen Niederhof —
1767 2907 2645 2959 hier das Schlimmste!) die „Bombenrolle“
894 2919 1744 2991 schien die Rolle vergriffen zu haben, ließ es
1781 2944 2644 3017 für gastierende Virtuosinnen. Das mag Frau
880 2979 1749 3046 auch an seiner sonst musterhaften Deutlich¬
1767 3002 2648 3062 lda Roland gereizt haben, und man kann
879 3033 1752 3106 keit der Rede fehlen. Im ganzen aber eine
1769 3045 2642 3110 ihr deshalb nicht einmal böse sein. Denn
889 3092 1754 3134 sehenswerte Vorstellung, vor allem ein
1776 3098 2640 3151 sie hat alle Gelegenheiten und Möglichkeiten,
879 3125 1764 3174 sehenswertes Stück, dessen dramatische
1762 3153 2647 3214 in schillernden Farben und tiefen Gefühlen
886 3177 1748 3222 Tugenden gewisse technische Schwächen
1769 3198 2640 3255 zu kokettieren, bis zum Letzten ausgenützt
877 3219 1744 3294 weit aufwiegen. Es kann trotz seinerjFehler
1773 3254 2638 3295 und ausgeschöpft; sie war wie ein trunkener
878 3289 1746 3340 vor allen bestehen, die guten Willehs sind
1775 3290 2647 3353 Schmetterling und sie war wie ein Weib;
881 3330 1747 3388 und sich der Wahrheit nicht verschließen
1770 3346 2646 3413 sie war ein unvernünftiges, eigenwilliges
881 3386 1753 3443 wollen. Zumal wenn sie ein Dichter vom
1767 3390 2652 3445 Kind und sie war voll rührender Zärtlichkeit,
872 3429 1560 3515 Range Arthur Schnitzler's kündgf.
1772 3444 2631 3509 sie war anmutig, entzückend, lieb, ver¬
1767 3499 2647 3566 hätschelt, und sie war trotzig, hart, launisch,
1701 3552 1824 3620 850
