3392 4256
231 112 1532 201 27. Einkund Friederbusch
417 644 783 737 Sche
418 652 983 850 Wonn ui
350 837 427 906 10
886 859 1146 923 Wiener Mitt
349 958 1141 1026 Lebensprühende, mutig zugreifende Kraft? 1
342 1013 1124 1072 Und wo jenen Humor, der aus dem liefsten
344 1045 1089 1107 Lebensernste kommt, der lachen kann, wo
344 1089 1086 1140 er blutig geißeln, innere Cränen weinen
343 1130 1078 1174 muß? Schnitzler ist in seinen erzählenden
1072 1142 1112 1195 1
343 1173 1081 1224 Schriften der Seelenzerleger, der Zersaserer.
1088 1178 1135 1231 a
343 1204 1080 1246 der Dichter am Seziertisch, in seinen drama¬
340 1234 1091 1311 lischen Arbeiten aber der artistisch brillant
339 1287 1091 1349 begabte Nachempfinder, der nicht gestaltel,
334 1327 1078 1380 sondern nachmacht, im besten Falle malt.
1082 1334 1127 1380 B
341 1365 1083 1422 Was hätte ein gottbegnadeter unerschrockener
338 1404 1074 1447 Satiriker aus diesem brillanten Stoff ge¬
343 1439 1134 1496 macht! Man denke nur: ein Journalist. E
330 1485 1077 1537 der nach links und rechts, liberal und
1087 1494 1132 1534 d
332 1525 1072 1579 klerikal gleich famos und wirkungsvoll zu
1077 1526 1139 1574 d
325 1553 616 1605 schreiben weiß
665 1561 1073 1615 „überzeugt und über¬
1075 1569 1114 1611 C
333 1604 1144 1644 zeugend!“ Und dadurch endlich mit lich selbst B
333 1642 1075 1703 ins Quell gerät! Der entrüftete klerikale
329 1669 1072 1736 Fink fordert den frechen liberalen Flieder¬
1078 1688 1115 1731 2
330 1713 1136 1778 busch und erst auf dem Kampfplatz zeigt6
331 1760 1142 1823 es sich für alle Beteiligten: es ist ein und #i
329 1794 1111 1846 derselbe Halunke. Crotzdem die Komödiee
321 1837 1123 1910 zahm und zag. die Führung der Handlung B
327 1869 1072 1918 oft mehr als unsicher, manchmal sogar
318 1914 1138 1960 etwas ungeschickt ist, lebt doch in einzelnen K
327 1950 1066 2014 Szenen satirische Luft, weht doch mitunter
326 1997 1066 2051 satirische Luft durch das Stück, das bei
337 2036 1064 2089 guter Aufführung und nach Streichung
1063 2035 1122 2087 6
329 2066 1071 2130 einiger ermüdender Längen immerhin wirken
320 2112 1066 2155 müßte. Ilt durch den wie planmäßig er¬
327 2153 1067 2190 folgten Federkrieg das in einem kühnen
325 2187 1062 2246 Versuch leider stecken gebliebene Stück auch
1060 2215 1106 2266 a
329 2231 1060 2275 von der Bühne vertrieben worden — im
323 2267 1073 2317 Buche ist es da und wird gelesen werden;
320 2315 1069 2360 denn es bietet den verständnisvoll Hin¬
328 2341 1069 2400 horchenden manchen Genuß, weil es neben
322 2380 1069 2432 wenig stichhältigen übertreibungen auch
316 2416 1126 2483 viele kostbare Wahrheiten enthält — hiebe, ¼
320 2468 831 2529 nach links und nach rechts!
908 2487 977 2539 —
312 2537 1076 2617 Gabelent, Georg von der. Von Heiligen
401 2593 1069 2666 und Sündern. Erzählungen. K 9.68.
358 2644 1061 2703 Wenn man dies Buch lieft, fühlt man
310 2691 1054 2762 lich wie auf eine stille Insel versetzt.
319 2726 1115 2789 Baumkronen räuschen uns zu Häupten. d
320 2767 1115 2828 Flimmernde Sonnenbänder schlingen lich)
313 2803 1081 2868 durchs Gezweig; ein milder, lauer Hauch „
306 2853 1080 2906 des Südens umweht uns, der zwar zu¬ a
309 2894 1093 2944 weilen uns ein wenig schwer auf die Bruft v
308 2927 1113 2989 fällt, aber dann wieder einer frischeren B
315 2960 1072 3026 Brise weicht, die vom blauen Weer her¬
305 3001 1119 3046 überweht. Kingsum Frieden und Ruhe. Wir n
311 3044 1112 3109 fühlen uns dem wilden Getriebe und dem g
309 3084 1107 3140 fosenden Waffenlärm der Gegenwart ent¬ la
306 3116 1113 3180 rückt und genießen mit voller Freude die ei
309 3166 1071 3218 Schönheiten, die der Dichter in selner klaren,
305 3195 1067 3257 ernsten Sprache vor uns ausbreitel. Alle
295 3246 1125 3303 Gebiete des Seelenlebens berührt der Zau¬ ei
1680 107 2122 194 box 33/1
1728 716 2027 784 Zühnen: Wien
2686 731 2805 798 402
1803 850 2039 917 Tangenten
2037 857 2838 928 zum Problem: die Einkreisung des Ge¬
1801 910 2851 963 genstandes selber ist weniger sein Ziel. Vielleicht ist
1801 953 2848 1020 der feinste Reiz des simmelschen Philosophierens
1798 996 2835 1062 nicht sowohl eine wissenschaftliche Bereicherung oder
1797 1034 2845 1108 eine sachliche Erkenntnis (obwohl es auch daran nicht
1803 1082 2841 1130 fehlt), sondern selbst, in dem es auf Asthetiches ge¬
1805 1134 2833 1194 rich et ist, ein ästhetischer Genuß. Alles ist vor¬
1800 1174 2844 1241 getragen in einer sehr abstrakten Sprache, die den¬
1802 1212 2836 1284 noch sehr persönlich und von einer bohrenden Sub¬
1801 1254 2840 1337 tilität ist. Vielleich! Kaviar fürs Volk, aber auch
1801 1299 2327 1370 Kaviar für Feinschmecker.
2177 1431 2498 1501 O KA
2498 1431 2847 1533 OchIs
1872 1576 2780 1657 Schs der Bahnen
2205 1648 2401 1732 Wien
1868 1728 2755 1790 „Fink & Fliederbusch.“ Komödie in drei Akten.“ Von
2760 1641 2893 1811 2
1851 1775 2758 1821 Arthur Schnitzler (Uraufführung im Deutschen Volks¬
1849 1814 2759 1878 thea####Robember 1917) (Buchausgabe: Berlin,
2225 1845 2432 1897 S. Fischer)
1809 1885 2825 1948 □dentität der Gegensätze“. Dieses ibsenartige Schlag¬
1780 1928 2823 1998 „I wort, das durch „Fink und Fliederbusch“ geht,
1897 1968 2825 2014 möchte man ausrufen, wo sich zufällig das neue
1785 2012 2819 2064 Werk Schnitzlers unmittelbar an das Schönherrs reiht.
1787 2056 2828 2097 Ihre Begabungen sind ebensolche Kontraste wie die Welt
1784 2093 2824 2124 und Atmosphäre ihrer Stoffe: hier die Redaktionsstube
1789 2134 2825 2180 einer großen wiener Zeitung, dort ein tiroler Gemischt¬
1794 2171 2818 2213 warenladen, das Geschäft der Literatur und das Geschäft
1782 2203 2824 2248 des täglichen Hausbedarfs. Die Handlung des einen
1790 2247 2825 2288 Werks dreht sich um Politik und Strebertum, der Dichter
1789 2286 2821 2343 des „Anatol“ meidet mit deutlicher Absicht jegliche Ein¬
1784 2326 2818 2384 mischung von Erotik und führt eine einzige Frauengestalt
1791 2368 2819 2421 episodisch ein; Schönherr schrieb die Tragödie einer sich
1785 2409 2813 2449 verlassen fühlenden Gattin. Und doch, indem Schnitzler
1778 2441 2825 2506 zu viel Geist, Schönherr zu wenig entwickelte, haben beide
1790 2488 2824 2540 ihr Ziel, ein Drama zu schaffen, nicht erreicht und sich in
1779 2526 2816 2586 Episoden erschöpft, die bei dem einen zu einer Folge von
1777 2562 2815 2608 Worten, bei dem andern zu einer Folge von kleinen
1780 2601 2068 2659 Szenen werden.
1859 2622 2815 2699 „Die Journalisten“ Gustav Freytags müssen einem
1781 2674 2819 2722 natürlich bei Schnitzlers Werke einfallen. Ein Stück, das
1781 2726 2815 2773 auf der deutschen Bühne nicht recht leben und nicht
1776 2752 2818 2818 recht sterben kann. Veraltet seine ganze Umwelt, frisch
1780 2801 2813 2860 der Humor in den Piepenbrinkszenen und den Episoden.
1780 2837 2804 2889 Franzosen haben seit der Zeit wohl wiederholt den
1779 2881 2812 2934 Zeitungsmenschen auf die Bühne gestellt, ein Augier
1773 2920 2820 2963 bereits mit Grimm und Mitleid seine Leiden und Un¬
1774 2963 2806 3022 tugenden verewigt. Es mochte wohl locken, dem kleinlichen
1770 3002 2809 3039 Betrieb, wie ihn Freytag noch vorführte, die moderne,
1773 3038 2812 3082 gewaltige Entwckelung der papierenen Weltmacht entgegen¬
1768 3079 2804 3118 zustellen, so schwer es auch von vornherein erscheinen mußte,
1776 3116 2806 3160 dieses Getriebe gewal iger Maschinen, enormer Arbeits¬
1769 3144 2808 3205 kräfte, nervenzerrüttender geistiger und körperlicher Auf¬
1775 3199 2800 3253 gebote in den engen Rahmen einiger Akte und Szenen
1775 3240 2805 3288 einzufangen. Ob diese Aufgabe ein Theaterstück überhaupt
1759 3273 2810 3319 lösen kann, ist mehr als zweifelhaft, und die Form des
1765 3318 2806 3369 Romans wird hier wohl unbedingt den Vorzug verdienen.
1764 3359 2795 3403 Schnitzler ist keinesfalls der Größe seines Vorwurfs voll¬
1759 3380 2797 3444 kommen gerecht geworden. Schon die äußerliche Be¬
1774 3429 2800 3468 wegung, die im ersten Akte das demokratische Wiener
1768 3468 2795 3517 Tageblatt, „Die Gegenwart“ entfaltet. wächst nur durchs
1768 3512 2800 3548 Telephon über das bescheidene Maß der freytagschen
1767 3552 2801 3594 „Union“ hinaus. Redakteure und Chef haben viel Zeit
1763 3592 2788 3643 zu Besprechungen und überflüssigen Erörterungen, die sie
1822 3632 2797 3672 und das ist ein Fehler, der durch das ganze Stück
1763 3671 2801 3723 geht — weniger gegen einander als an die Zuhörer richten.
1757 3715 2792 3751 So fehlt's an größeren Perspektiven und Ausblicken, so
1768 3747 2802 3816 viel auch von politischen Fragen da gestreift wird, und
