3344 4320
219 170 2134 277 27. Eink und Fliederbusch box 33/1
553 1065 1219 1181 Der Morgen Wien
1206 1061 1500 1220 TA001 9-2
526 1170 1366 1323 Montag, 13. Kobember1917.—
2046 1200 2425 1285 Der Morgen
718 1257 830 1312 —
1656 1317 2819 1397 einem herzhaften Griff in das Milieu und dessen Nachbar¬
586 1303 1313 1448 — Theater.
1666 1360 2821 1425 schaften. Er weiß von den Zeitungsleuten offenbar nicht
1665 1398 2812 1474 mehr als ein paar stachelige Witze, die sie über sich selbst
1670 1456 2820 1532 machen. Oder weiß er mehr und wollte es nicht merken lassen?
619 1436 1528 1564 Arthur Schnitzlers neue Komödie.
1669 1515 2825 1579 Auch in dem Fall hätte er das Journalistenstück nicht schreiben
579 1521 1651 1626 Die Komddie „Fink und Fiederbusch= st in
1652 1559 2825 1644 dürfen. Gelungen ist ihm nur eine Porträtkarikatur: die des
488 1580 1662 1674 Deutschen Volkstheater von allen Anwesenden der
1664 1604 2824 1687 stückeschreibenden Reporters Kajetan. Sonst aber sind nur
492 1650 1647 1723 Schnitzler=Gemeinde mit dem achtungsvollsten Wohlwollen be¬
1656 1655 2814 1727 ein paar belanglosen Marionetten ein paar echte Worte in
487 1701 1647 1768 gtüßt und unter herzlichen Beifallskundgebungen abgelehnt
1660 1719 2813 1780 den Mund geschoben, die man Schnitzler aus dem Zeitungs¬
486 1763 1641 1824 worden. Zur Schnitzler Gemeinde im besten Sinne aber ge¬
1662 1772 2818 1834 kreis zugetragen hat. Er lebt, fühlt, denkt nicht mit diesen
495 1804 1658 1868 hirten wir alle, mußten dazu gehören. Was man jetzt von
1654 1819 2815 1892 Menschen, vermag mit ihnen weder zu leiden noch zu lachen.
486 1852 1646 1914 nancher Seite zu hören bekommt, weil Schnitzlex in seinem
1656 1868 2814 1935 Wozu also? Nur damit der Fliederbusch den Fink und der
486 1898 1657 1981 Schaffen auf einen toten Punkt gelangt zu sein scheint, ist
1664 1909 2817 1994 Fink den Fliederbusch blamiert? Nur damit der Autor am
478 1954 1641 2017 blanker Unsinn: Keine Gemeinde hat diesen Schriftsteller ge¬
1657 1970 2817 2041 Ende nicht aus und nicht ein weiß und nur durch eine arge
476 2011 1655 2063 #macht, sondern er hat sich seine Gemeinde geschaffen aus
1653 2017 2816 2084 Geschmacklosigkeit zu Ende kommen kann? Denn die Ver¬
483 2061 1653 2129 Wiberstrebenden so gut wie aus willig Folgenden. Auch der
1657 2064 2807 2135 steigerung der Schmierfinkenhaftigkeit mit nachfolgender
486 2103 1655 2174 ehrlichste Kritiker, dem die Wahrheit, die Überzeugung über
1656 2124 2809 2196 Apotheose der Charakterlosigkeit ist arg unerquicklich und
486 2158 1639 2215 alles geht, vergibt sich nichts, wenn er erst den Hut zieht, ehe
1658 2183 2813 2245 Schnitzlers durchaus unwürdig. Es war eine unbegreifliche
481 2209 1650 2279 er Arthur Schnitzler „vernichtet". Aber vielleicht hat ihn
1646 2226 2822 2295 Verwirrung. Wir bitten um unseren guten alten Fliederbusch;
488 2268 1640 2331 mancher diesmal vorher nicht gegrüßt, weil er ihn — nicht er¬
1661 2269 2814 2348 der neue Fink, der nach der anderen Seite schreibt und Mut
476 2311 1639 2379 kannte. Das wäre zu begreifen, denn er sieht sich diesmal gar
1653 2332 2809 2408 nur vor ungeladenen Pistolen zeigt, muß aus der deutschen
484 2369 1647 2439 nicht ähnlich. Wenngleich gerade die Getreuesten schon vorher
1661 2369 2252 2443 Literatur wieder verschwinden.
474 2400 1636 2469 die Köpfe darüber schüttelten, daß ihnen ihr Dichter während
1741 2408 2805 2498 Wenn man nicht wüßte, daß Schnitzler selbst bei allen
479 2462 1642 2523 dieser ungeheuerlichsten aller Zeiten die „Komödie der Worte“
1652 2467 2805 2542 Proben seines Stückes mitgearbeitet hat, könnte man dem nomi¬
489 2504 1639 2578 und den Badearzt „Dr. Gräsler“ bescherte, so war in diesen
1653 2526 2811 2578 nellen Spielleiter Herrn Dr. Schulbaur den Vorwurf nicht
491 2560 1636 2624 Arbeiten doch noch manches, ja vieles zu finden, was uns
1646 2581 2812 2645 ersparen, daß die Regie die Fehler der Komödie unterstrichen,
492 2605 1647 2671 Schnitzler so lieb und so wertvoll gemacht hat. „Fink und
1647 2628 2800 2691 ihre Mutlosigkeit beiont, ihre Langweiligkeit gedehnt habe.
480 2674 1640 2736 Fliederbusch“ aber liegt — wenigstens in den ersten Fassungen
1650 2682 2806 2743 (Denn das ist leider das Schlimmste: sie ist langweilig, selbst
482 2722 1640 2781 — schon mehrere Jahre zurück und verrät den Verfasser aus¬
1655 2721 2806 2799 dort, wo sie ein bißchen sensationell sein möchte.) So aber ist
482 2772 1632 2825 schließlich auf dem Titelblatt. Man kann mit Arthur Schnitzler
1655 2768 2800 2849 Schulbaur wohl nur für das Technische verantwortlich, das
483 2820 1638 2885 nicht über dieses Stück rechten, denn es ist nicht von ihm. Jeder
1656 2815 2804 2898 selbstverständlich klappte. Schnitzler aber hat als sein eigener
482 2871 1635 2940 seiner Nachahmer hätte ihn besser kopiert. Der Einfall, der
1653 2876 2808 2927 Regisseur den Eindruck nur verstärkt, daß er in dieser Arbeit
477 2917 1635 2986 nicht bedeutend genug ist, um notariell geschützt und gegen
1646 2925 2807 2992 weniger denn je ein Gestalter und mehr denn je nur ein Be¬
463 2960 1637 3035 einen, der ihn schon vorher verwertei hat, ernstlich verteidigt
1645 2981 2806 3054 trachter ist. Von den Möglichkeiten einer lustigen Theater¬
469 3021 1624 3080 zu werden, war überhaupt nur ein Einakter= oder eigentlich
1617 3032 2798 3092 gwirkung, die überhaupt noch aus dem Stück herauszuschlagen
469 3061 1637 3133 bloß ein Episodenscherz und erledigt, wenn ihn ein anderer
1643 3088 2806 3151 waren, sind so ziemlich alle versäumt worden. Wenn man von
477 3111 1625 3186 bereits ausgesprochen hatie. In der Durchführung Schnitzlers
1639 3131 2805 3198 dem absieht, was vor allem Thaller als zum Marobeur auf
469 3165 1622 3238 aber wird er unmöglich, weil Fliederbusch seine Doppelrolle
1629 3181 2794 3232 dem Felde des Journalismus gewordener Aristokrat und in
462 3223 1625 3288 nicht einen Tag lang spielen kann — einen Parkamentsbericht¬
1637 3228 2797 3284 entsprechendem Abstand Forest als journalistischer Gschaftel¬
471 3273 1637 3336 erstatter kennen fast alle Kollegen — und weil die Technik
1643 3282 2799 3349 huber aus eigenem für die Belebung des Milieus leisten, ist fast
461 3331 1637 3389 dieses Ehrenhandels eine ganz unmögliche ist. Daß sich Sekun¬
1636 3340 2791 3392 nichts geschehen. Vor allem durfte man Herrn Edthofer,
471 3376 1621 3433 danten selbst ernennen und so über das Leben unseres „Man¬
1633 3386 2799 3450 dem die Komikerkraft für diese Rolle fehlt, den Fliederbusch
466 3418 1619 3496 danten“ verfügen, der ihnen gar kein Mandat verliehen hat,
1638 3427 2791 3499 nicht als frommen Fridolin spielen lassen, der sich fortwährend
475 3476 1617 3534 könnte zuhöchst in der satirischen Groteske gestattet sein.
1642 3480 2795 3547 entschuldigt, daß er auf der Welt ist, statt das vorgeschriebene
472 3528 1624 3588 Schnitzler aber fehlte Mut oder Laune sowohl zur Satire wie
1638 3525 2798 3603 „freche Biest“ zu sein. Die Übrigen nahmen sich ihrer kleinen
463 3567 1644 3643 zur Groteske, mangelten Sachkenntnis, Liebe und Haß zu.
1638 3580 2824 3651 Rollen mit Ernst und Hochachtung an und brachten die wenigen!
2672 3639 2837 3692 —
608 3663 2715 3736 Amtratitel. d G#
2830 1319 3307 1396 Pointen, die ihnen anver
2823 1377 3307 1447 Kunst heraus. Wirkliche
2827 1424 3301 1510 ihnen der Autor schwer g
2827 1473 3213 1550 lich ganz verboten.
2904 1530 3314 1612 Wir haben uns im
2834 1580 3311 1666 in einer modernen Kom
2833 1645 3307 1713 Wir nehmen alles reumüt
2828 1703 3302 1779 wenn er wieder zurückfin
