3392 4320
282 198 1594 301 27 Eink-und Friederbusch
622 953 1337 1077 Humoristische Blätter, Wien
1224 1057 1515 1161 1102 19
818 1302 1401 1463 edtere
478 1515 537 1574 *
806 1454 1490 1581 Papen= Hwngers
532 1494 791 1610 4
558 1638 1456 1736 Arinnächnitzlerder Liebling des
465 1704 1461 1783 Wiener Theaterpublikums, hat, sich sehr
465 1769 1448 1845 garstig verrechnet, als er das Journalisten¬
458 1829 1464 1912 volk zum Stoff eines satirischen Stückes
464 1886 755 1954 erwählt hat.
560 1945 1460 2014 Wohl kein Autor ist bei uns so sehr
462 2008 1468 2080 von der Presse verwöhnt worden wie
473 2067 1457 2131 Schnitzler und keiner hat ihr so weh
464 2124 1463 2199 getan oder besser gesagt, weh tun wollen,
462 2186 1464 2245 als er mit seiner Komödie „Fink und
471 2226 917 2309 Fliederbusch“.
562 2274 1464 2360 Aber es war nicht bloß ein Fehlgriff
459 2355 1467 2429 in der Taktik sondern-auch eine ernste
470 2411 985 2482 artistische Niederlage.
578 2467 1448 2533 Wir bekamen im Deutschen Volks¬
468 2534 1464 2615 theater eine hohl witzelnde, ganz äußerlich
463 2604 1473 2661 operierende Satire zu hören, die rein auf
473 2647 1228 2718 eine Kaffeehaussatire hinausläuft.
561 2718 1458 2769 Ja, nicht einmal Rollen hat der sonst
464 2783 1455 2841 80 theaterkundige Autor geliefert, und die
473 2833 1469 2895 Herren Kramer, Edthofer, Forest usw.
467 2888 1465 2968 haben sich ziemlich vergeblich abgemüht.
562 2947 1461 3028 Wir würden mit Schnitzler wegen
461 3012 1457 3089 eines Fehlgriffes nicht so strenge verfahren,
468 3061 1461 3136 wenn er nicht auch noch auf novellistischem
474 3128 1445 3195 Gebiete mit dem „Badearzt Dr. Gräsler“
459 3189 1333 3259 eine sehr flache Arbeit geliefert hätte.
569 3240 1461 3318 Offenbar steht er jetzt in einer Art von
468 3305 1454 3374 künstlerischem Klimakterium und sollte
460 3361 1389 3439 strenge hygienische Maßregeln ergreifen.
566 3434 1472 3491 Alternde Musen pflegen sich oft wie
456 3477 1470 3557 alternde Frauen plötzlich in törichte Aben—
464 3533 881 3619 teuer zu stürzen.
1729 201 2178 285 box 33/1
1962 511 2967 631 IS1Z 1977 WIENER CARICATUREN
2544 644 2806 759 1921
2278 658 2523 793 40/70.
2129 857 3035 950 Alle Welt staunt darüber, daß der
2039 907 3051 1033 so kluge Arturhrseem-
2049 996 3036 1066 neuesten Drama die Journalisten aufs
2033 1036 2568 1120 Korn genommen hat.
2126 1116 3024 1204 Die Männer von der Zeitung haben
2022 1167 3033 1266 Schnitzler wahrlich immer die Stange
2024 1245 3015 1393 22.— und naben es Zumindest nicht
2020 1304 3011 1437 verdlen, das gerode der verdchtlichste
2012 1352 2994 1502 Dons des Joumnalstch, der Rechtg.
2004 1411 3003 1565 und Einksschreiber ele-Heid der nonen
2000 1465 2621 1581 Komödie Kgurieren muß,
2084 1524 2970 1675 ood Schnitaler int dochehin.
1988 1592 2972 1730 reidend gewarnt betrech der Gefahren,
1982 1644 2962 1809 de in der Persllege chesganten Standen
1979 1695 2152 1778 liegen.
2061 1774 2969 1911 er möge nur anseinen Leutnant
1963 1825 2943 1973 Gustr denlen, der für ihn so schmen.
1950 1873 2948 2032 nee rolgen hate. — ber en bet eben
1943 1938 2952 2102 mner do gewesen, Versöhne Lieblage
1946 2008 2965 2179 velleren zuletst das Nas für dan Pare
1933 2061 2574 2172 noch praktisch erlaubt ist.
2547 2369 2826 2469 1052191
2158 2482 2901 2656 de Untsierte Randochen
2455 2608 2673 2682 Wien
1914 2681 3165 2745 Zu der Aufführung von „Fink und Fliederbusch“
1816 2710 3154 2805 schreibt uns eine Leserin: „Das französische Lustspiel, nach dem
1815 2760 3138 2855 Artur Schnikler seine Komödie „Fink und Fliederbusch“
1809 2810 3153 2900 gearbeitet hal, heißt „Les deux canards“ (Die zwei Enten)
1807 2868 3146 2937 und wurde im Frühling 1914 im Palais Royaltheater in
1820 2911 3150 2997 Paris gegeben. Die Handlung ist folgende: Ein junger Adeliger,
1822 2958 3157 3043 der für eine konservative Zeitung schreibl, ist gleichzeitig unter
1822 3011 3151 3102 falschem Namen Mitarbeiter eines sozialistischen Blattes ge¬
1824 3063 3156 3144 worden. Beide Zeitungen erscheinen in demselben Provinz¬
1832 3129 3162 3200 städtchen, für beide schreibt der junge Mann die politischen
1826 3158 3165 3249 Leilartikel und bekämpft also sich selbst, aber immer in gewissen
1835 3211 3160 3296 Grenzen. Der erste Akt spiell in der Redaktion des Soziblattes,
1825 3266 3161 3337 wo der junge Mann der feschen Frau des Besitzers den Hof
1826 3333 3169 3388 macht; der zweite auf dem Landgute des feudalen Adeligen,
1833 3357 3175 3435 des Besitzers der konservaliven Zeitung, wo er um die Tochter
1827 3407 3178 3489 des Hauses wirbl. Eines Tages gerät nun die Frau des Be¬
1829 3449 3168 3535 sitzers der sozialdemokratischen Zeitung in Abwesenheit des
1838 3522 3162 3582 Redakteurs über den Leitartikel, findet ihn zu zahm und
1831 3554 3173 3632 schreibt so viel persönliche Beleidigungen gegen den konser¬
1838 3606 3188 3686 valiven Leitartikler hinein, daß eine Duellforderung unaus¬
1833 3641 3183 3725 bleiblich ist. Nun muß sich der junge Mann im dritten Akte“
1846 3699 3193 3784 mit sich selber schlagen. Natürlich erscheint er immer nur auf
1844 3754 3202 3833 einer Parlei und die Sekundanten der andern glauben immer,
1844 3826 3189 3876 er kneise. Schließlich löst sich alles in Wohlgefallen auf. Das
1838 3855 3000 3959 Stück gefiel in Paris sehr und wurde slott gespiell.
