3344 4320
182 220 348 305 27
1633 206 2104 299 box 33/3
354 222 1491 323 Finkund Fliederbusch
95 1105 542 1219 ste Nachrichten
94 1197 332 1257 Ausgabe)
120 1280 376 1383 UEZ 1917
2030 1478 3139 1529 Der inneren Unwahrheit der Komödie kommt die mehr
738 1458 1924 1554 mit einer Anzahl von Trotteln, die als plappernde Statisten
1942 1516 3145 1594 als oberflächliche, ja teilweise geradezu ungeschickte Technik
742 1533 1926 1584 „Fink und Fliederbusch“ flankieren, der in der Tageszeitung
95 1525 667 1617 und Fliederbusch“.
1946 1567 2091 1632 gleich.
750 1583 1923 1639 „links“ und in der Wochenschrift „rechts“ schreibt. Wohl¬
742 1621 1930 1681 gemerkt aber nicht aus Rücksicht auf das Zeilenhonorar oder
2037 1595 3145 1682 Soweit das Minus des gestrigen Abends! Andererseits
108 1600 631 1692 m Lessingihzazar¬
749 1668 1924 1717 aus Gesinnungslosigkeit, sonder in beiden Fällen aus
1960 1664 3144 1721 hatte Barnowsky für das Stück getan, was er vermochte: er
101 1665 726 1747 uralte mathemstische Weisheit
751 1705 1925 1762 innerster Ueberzeugung. Ja, er greift mit Mut und Todes¬
1952 1705 3129 1761 stellte einen prachtvollen Redaktionsakt auf die Bühne. Adolf
86 1728 728 1798 ##denken geben sohen. Aber die
749 1751 1936 1803 verachtung in dev „Gegenwart“ unter groben persönlichen
1960 1738 3141 1806 Edgar Lichoin einer großartig gespielten Cholerikerrolle, Carl
100 1781 720 1830 füber den Werken abgestempelter
755 1798 1936 1849 Ausfällen gegen die Verfasser einen Artikel an, den er selbst
1946 1794 3146 1850 Wallauer Georg John, Emil Lind und Kurt Götz
108 1823 722 1882 ch Zähne und inlacht Kotan vor
753 1829 1933 1894 für die „elegante Zeit“ geschrieben. Als Fink beleuchtet er die
1959 1832 3148 1891 hauchten Schnitzlers farblosen Gebilden warmes Leben ein.
97 1861 718 1926 en berühmten Vater haben.
754 1881 1933 1934 Medaille, als Fliederbusch die Kehrseite. In der Schrift¬
1960 1886 3150 1937 Im zweiten und dritten Akt traten Max Landa und Heinrich
105 1904 721 1965 niemals der Mann den starken
748 1918 1933 1980 leitung der „eleganten Zeit“ in der Klubsessel stehen und
1964 1927 3145 1990 Schroth (Hauptschriftleiter bzw. Mitarbeiter an der
127 1951 722 2016 er hat es bisher verstanden,
752 1949 1933 2022 ein „klerikal=mondaines Lüftchen“ weht, macht man ihm klar,
1957 1957 3145 2030 „Eleganten Zeit“) als vollwertige Gegenspieler auf den Plan.
116 1994 719 2062 teils spitzfindig zu be handeln,
748 2015 1934 2078 daß er den groben Klotz von der „Gegenwart“ fordern müsse.
1951 2016 3144 2067 Ferdinand Bonn fand Gelegenheit, einen politisicrenden,
106 2024 725 2103 tigkeit zu wirken, ein gerüttelt
753 2050 1929 2102 Geschäftige Kollegen beeilen sich, den Ehrenhandel in die
1953 2048 3147 2111 zeitunggründenden Aristokraten mit vollendeter Meisterschaft
93 2085 732 2148 über MMenschen und Dinge aus¬
1954 2103 3145 2156 zu spielen, Ilka Grüning eine sehr echte Fürstin Priska
753 2098 1934 2159 Wege zu leiten; auf der Gegenseite finden sich ebenso betrieb¬
111 2123 736 2188 dern. Seine Stücke im ganzen
1958 2137 3137 2202 Wendolin=Fatzeburg, solange ihnen der Dichter die Moglich¬
746 2153 1936 2211 same Leutchen, und schließlich steht er als „Fink und Flieder¬
113 2162 719 2223 der Worte“, wie er die drei Ein¬
1963 2191 2276 2249 keit dazu ließ.
750 2189 1922 2252 busch“ auf dem Duellplatz zwischen den beiderseitigen Zeugen
116 2215 735 2271 ffend nannte. Trotzdem fesseln
746 2215 1928 2285 um sich mit sich selbst zu schlagen. Natürlich — die Welt
2030 2220 3137 2297 Die Titeldoppelrolle spielte Bassermann. Ich nehme
104 2263 740 2316 Eigenart und die durchaus per¬
1242 2284 1935 2350 macht er durch dieses qui pro quo
746 2278 1201 2339 will betrogen werden —
1949 2296 3145 2341 an, daß Herr Barnowsky Wert auf diese Besetzung gelegt hat,
108 2301 729 2360 ebenserkenntnis des Verfassers.
754 2324 1224 2385 eine glänzende Kariere.
1961 2327 3141 2382 die mich nach der Lektüre des Stückes aufs höchste überraschte.
110 2347 728 2411 Namen von Klang zu wahren!
836 2357 1933 2423 Das Grundmotiv ist zweifellos das gegebene für eine
1961 2366 3146 2436 Wenn ich mich nicht irre, so muß ich weiter folgern, daß
115 2389 732 2452 auch im Jahre 1917 die Mit¬
993 2404 1932 2464 einer unserer bekannteren Berliner Literaten
749 2410 955 2468 Komödie
1945 2406 3150 2474 Bassermann den mehr als zweifelhaften Erfolg erstreiten sollte.
104 2426 724 2499 en dramatischen Schöpfung be¬
752 2466 1933 2510 behauptet übrigens, daß er längere Zeit in einer Stadt à la
1953 2458 3144 2515 Das hat er auch redlich getan! Denn vom zweiten Akt an
106 2474 729 2537 le Selbstkritik vergessen machen.
756 2493 1935 2557 „Fink und Fliederbusch“ gewirkt habe —, aber Schnitzler hat
1952 2501 3141 2551 wäre das Stück ohne weiteres ausgepfiffen worden, und zwar
112 2525 737 2586 künstlerische Schlappe ersparen
760 2552 1930 2602 aus dem ernst zu nehmenden Thema eine Burleske gemacht.
1948 2545 3148 2596 nicht nur mit zwei Stubenschlüsseln und einer Kindertrompete,
103 2571 728 2623 tte aus Hochachtung vor dem
744 2586 1929 2648 Er stizjiert den inneren Vorwurf nur oberflächlich, hilft sich
1950 2600 3153 2654 wie es gestern versucht wurde — wenn Bassermanns große
108 2611 735 2667 durch eine Aufführung offenbar
754 2627 1932 2686 im ersten Akt mit einer Milieuschilderung, „streckt“ den
1964 2642 3145 2689 Kunst nicht die Brücke über den gähnenden Abgrund der
113 2665 732 2718 gemeint hat. So kam es, daß
758 2683 1935 2732 zweiten dramatisch ganz unmöglichen durch drei Monologe
1965 2675 3147 2737 Langeweile geschlagen häte. Er zwang trotz Monolog und
112 2707 737 2776 en Vorstellung das Minus des
1961 2709 3151 2778 Ferngespräch das Publikum immer wieder in den Bann seiner
758 2724 1930 2777 und zwei Ferngespräche, bringt im dritten statt der völlig
120 2749 209 2818 nte.
761 2758 1936 2813 mangelnden Handlung einige allerdings treffliche Bemerkun¬
1961 2766 3150 2823 Darstellung. Er spielte einen jungen forschen Kerl in einheit¬
764 2807 1931 2866 ger über Ueberzeugung und Ehre, und hilft sich schließlich
1960 2811 3151 2866 licher Auffassung lachend und sonnig. Vielleicht um einen
138 2792 735 2870 hat sich in „Fink und Rosen¬
768 2857 1936 2906 nach einer Verwandlung durch die Hanswurstiade des Solbst¬
1956 2858 3144 2908 Schuß zu vornehm. Aber, der Dichter hat die Figur als solche
127 2852 742 2909 auf dem er nicht so zu Hasse
764 2895 1946 2949 duells, die natürlich der Galerie einen hohen Kunstgenuß
1955 2897 3137 2960 zu oberflächlich charakterisiert, als daß man dem Künstler einen
107 2903 736 2955 beschränkter Herren und in den
760 2940 1927 2997 bereitet. Das Publikum guckt gern einmal in die Werkstätten,
1959 2950 2463 3007 Vorwurf machen könnte.
117 2951 735 3008 r oder den Fehltritt bereuender
756 2985 1940 3038 in denen die Leute so tun, als wenn sie am Rade der Welt¬
118 2981 743 3050 such, ein „Schlaglicht“ auf die
2041 2980 3151 3049 Am Schluß entwickelte sich eine Riesenschlacht zwischen
762 3026 1936 3095 geschichte drehten, aber wenn es von den Schriftleitungen der
110 3022 737 3093 zu werfen“; aber er steht diesem
1949 3034 3142 3095 denen, die sich durch die Darstellung im Allgemeinen und
764 3087 1943 3133 „Gegenwart“ und der „eleganten Zeit“ vielleicht Schlüsse
112 3062 745 3127 s daß er objektiv zu malen ver¬
1957 3079 3143 3128 Bassermanns Spiel im besonderen hatten davon überzeugen
762 3113 1938 3177 ziehen sollte, so hat es sein Geld umsonst ausgegeben. Es
114 3109 748 3178 Komödie in Wien lebenswahrer
1964 3125 3146 3181 lassen, daß das Stück vortrefflich wäre, und den andern, die die
759 3160 1936 3211 geschehen viele Dinge im Reich der Druckerschwärze, von denen
117 3169 738 3227 lufnahme im Burgtheater nur
1965 3166 3174 3229 rasenden Beifallsstürme durch vernehmliches Zischen und des #
762 3206 1938 3263 sich die Schulweisheit der Zeitungsleser nichts träumen läßt;
105 3207 743 3263 MMan scheimt also auch am Ort
1954 3228 2943 3289 erwähnte Schlüsselkonzert einzudämmen versuchten.
767 3255 1939 3301 aber so vestrottelte Zustände könne dann eben nur „in
122 3253 738 3326 geistert und überzaugt gewesen
2555 3259 3115 3343 Max Schievelkame.
761 3281 1952 3347 Wien zu Beginn dieses Jahrhunderts“ goherricht haben, wie
123 3293 745 3373 Redaktionen der Tageszeitung
2631 3324 2746 3402 —
130 3350 1541 3417 chenblattos „Die elegante Zeit der Theaterzetiel begütigend bemerkt.
3005 4098 3060 4179 S
