<?xml version="1.0" encoding="UTF-8" standalone="yes"?>
<PcGts xmlns="http://schema.primaresearch.org/PAGE/gts/pagecontent/2013-07-15" xmlns:xsi="http://www.w3.org/2001/XMLSchema-instance" xsi:schemaLocation="http://schema.primaresearch.org/PAGE/gts/pagecontent/2013-07-15 http://schema.primaresearch.org/PAGE/gts/pagecontent/2013-07-15/pagecontent.xsd">
    <Metadata>
        <Creator>prov=University of Rostock/Institute of Mathematics/CITlab/Gundram Leifert/gundram.leifert@uni-rostock.de:name=ONB_Newseye_GT_M1+(htr_id=10810)::::v=2.4.2
prov=University of Rostock/Institute of Mathematics/CITlab/Tobias Gruening/tobias.gruening@uni-rostock.de:name=de.uros.citlab.module.baseline2polygon.B2PSeamMultiOriented:v=2.4.2
prov=University of Rostock/Institute of Mathematics/CITlab/Tobias Gruening/tobias.gruening@uni-rostock.de:name=/mnt/transkribus/LA/DEA/URO/LA_news_onb_att.pb:de.uros.citlab.segmentation.CITlab_LA_ML:v=2.4.2
Transkribus</Creator>
        <Created>2019-10-07T11:09:47.072+02:00</Created>
        <LastChange>2019-10-07T20:00:50.903+02:00</LastChange>
        <TranskribusMetadata docId="223959" pageId="9494265" pageNr="96" tsid="16440493" status="IN_PROGRESS" userId="40391" imgUrl="https://files.transkribus.eu/Get?id=KGLDFNMHPTNBIKQIRSUKNUUN&amp;fileType=view" xmlUrl="https://files.transkribus.eu/Get?id=QNVWWSOFHCGHFGQDTOSYRWQB" imageId="6184492"/>
    </Metadata>
    <Page imageFilename="223959_0096.jpeg" imageWidth="3392" imageHeight="4320">
        <ReadingOrder>
            <OrderedGroup id="ro_1711443563093" caption="Regions reading order">
                <RegionRefIndexed index="0" regionRef="r1"/>
            </OrderedGroup>
        </ReadingOrder>
        <TextRegion orientation="0.0" id="r1" custom="readingOrder {index:0;}">
            <Coords points="308,243 308,3311 3349,3311 3349,243"/>
            <TextLine id="r1l1" custom="readingOrder {index:0;}">
                <Coords points="1681,265 1746,261 1832,304 1944,275 2002,303 2099,303 2135,281 2207,277 2207,209 2001,206 1940,228 1886,210 1825,228 1753,207 1681,225"/>
                <Baseline points="1698,285 1723,280 1749,275 1775,272 1801,269 1827,268 1853,267 1879,267 1905,268 1931,269 1956,270 1982,271 2008,272 2034,273 2060,274 2086,274 2112,274 2138,273 2164,272 2190,269"/>
                <TextEquiv>
                    <Unicode>box 33/1</Unicode>
                </TextEquiv>
            </TextLine>
            <TextLine id="r1l2" custom="readingOrder {index:1;}">
                <Coords points="289,277 1525,323 1616,291 1541,204 1224,183 289,234"/>
                <Baseline points="308,265 372,271 437,276 501,280 566,283 630,285 695,286 759,287 824,287 888,287 953,287 1018,286 1082,286 1147,286 1211,285 1276,285 1340,286 1405,287 1469,288 1534,290 1599,294"/>
                <TextEquiv>
                    <Unicode>27. Einkund Friederbusch</Unicode>
                </TextEquiv>
            </TextLine>
            <TextLine id="r1l3" custom="readingOrder {index:2;}">
                <Coords points="411,1158 495,1128 533,1158 1218,1185 1302,1162 1306,1021 1176,1003 868,1045 707,1008 605,1038 416,964"/>
                <Baseline points="430,1132 472,1134 515,1135 558,1136 601,1137 643,1137 686,1138 729,1139 772,1139 814,1139 857,1140 900,1141 943,1142 985,1143 1028,1145 1071,1146 1114,1149 1156,1152 1199,1155 1242,1158 1285,1163"/>
                <TextEquiv>
                    <Unicode>: Neue Zürcher Zeitung</Unicode>
                </TextEquiv>
            </TextLine>
            <TextLine id="r1l4" custom="readingOrder {index:3;}">
                <Coords points="408,1270 462,1272 498,1252 563,1276 628,1264 692,1285 729,1257 783,1266 786,1183 736,1171 710,1188 649,1189 585,1165 472,1197 444,1178 411,1180"/>
                <Baseline points="426,1247 452,1248 478,1250 504,1251 530,1252 556,1253 582,1254 608,1255 634,1256 660,1257 686,1258 712,1258 738,1259 764,1259"/>
                <TextEquiv>
                    <Unicode>er Zürich</Unicode>
                </TextEquiv>
            </TextLine>
            <TextLine id="r1l5" custom="readingOrder {index:4;}">
                <Coords points="919,1317 973,1320 989,1307 1023,1329 1057,1322 1098,1342 1114,1329 1289,1351 1296,1293 1261,1285 1242,1261 1022,1246 977,1229 949,1248 928,1245"/>
                <Baseline points="940,1291 965,1295 991,1299 1017,1304 1042,1308 1068,1313 1094,1317 1119,1321 1145,1324 1171,1326 1196,1328 1222,1328 1248,1328 1274,1327"/>
                <TextEquiv>
                    <Unicode>3. DE21917</Unicode>
                </TextEquiv>
            </TextLine>
            <TextLine id="r1l6" custom="readingOrder {index:5;}">
                <Coords points="418,1447 476,1451 525,1427 568,1425 655,1429 670,1443 698,1431 728,1436 724,1350 637,1354 609,1370 587,1356 533,1373 490,1360 444,1384 415,1378"/>
                <Baseline points="434,1429 459,1427 484,1425 509,1423 534,1421 559,1420 584,1418 609,1417 634,1417 659,1417 684,1417 710,1418"/>
                <TextEquiv>
                    <Unicode>——</Unicode>
                </TextEquiv>
            </TextLine>
            <TextLine id="r1l7" custom="readingOrder {index:6;}">
                <Coords points="993,1448 1040,1446 1055,1433 1116,1435 1137,1458 1155,1459 1159,1369 1126,1371 1109,1363 1083,1380 1068,1375 1057,1386 996,1390"/>
                <Baseline points="1014,1421 1045,1423 1076,1426 1107,1427 1138,1425"/>
                <TextEquiv>
                    <Unicode>1 4 —</Unicode>
                </TextEquiv>
            </TextLine>
            <TextLine id="r1l8" custom="readingOrder {index:7;}">
                <Coords points="2980,1449 3124,1447 3157,1459 3168,1448 3207,1448 3290,1460 3291,1381 3233,1373 3208,1391 3190,1383 3172,1394 3150,1376 3085,1371 3071,1382 2981,1388"/>
                <Baseline points="2999,1432 3024,1433 3049,1433 3074,1433 3099,1434 3124,1434 3149,1434 3174,1435 3199,1435 3224,1435 3249,1435 3274,1435"/>
                <TextEquiv>
                    <Unicode>DA</Unicode>
                </TextEquiv>
            </TextLine>
            <TextLine id="r1l9" custom="readingOrder {index:8;}">
                <Coords points="2171,1446 2218,1452 2279,1443 2391,1447 2393,1400 2360,1399 2336,1387 2314,1394 2285,1378 2253,1377 2242,1387 2210,1368 2174,1367"/>
                <Baseline points="2189,1430 2215,1432 2242,1434 2268,1435 2295,1436 2321,1436 2348,1437 2375,1438"/>
                <TextEquiv>
                    <Unicode></Unicode>
                </TextEquiv>
            </TextLine>
            <TextLine id="r1l10" custom="readingOrder {index:9;}">
                <Coords points="2513,1447 2581,1446 2596,1461 2628,1446 2693,1446 2711,1461 2733,1461 2732,1381 2700,1374 2693,1381 2678,1374 2512,1375"/>
                <Baseline points="2531,1435 2557,1436 2583,1437 2610,1438 2636,1438 2663,1437 2689,1436 2716,1434"/>
                <TextEquiv>
                    <Unicode>R</Unicode>
                </TextEquiv>
            </TextLine>
            <TextLine id="r1l11" custom="readingOrder {index:10;}">
                <Coords points="1431,1492 3363,1511 3364,1457 1432,1438"/>
                <Baseline points="1448,1483 1542,1482 1637,1482 1732,1482 1827,1482 1922,1482 2016,1483 2111,1483 2206,1484 2301,1485 2396,1486 2490,1487 2585,1488 2680,1490 2775,1491 2870,1492 2964,1494 3059,1495 3154,1497 3249,1498 3344,1499"/>
                <TextEquiv>
                    <Unicode>„Der Tell“ heißt die Oper, und ist des Kom= politik der letzten Vorkriegszeit schreiben wollte,</Unicode>
                </TextEquiv>
            </TextLine>
            <TextLine id="r1l12" custom="readingOrder {index:11;}">
                <Coords points="717,1548 825,1543 857,1521 1063,1525 1106,1543 1200,1527 1199,1487 1112,1434 1018,1450 935,1429 870,1434 845,1460 791,1439 716,1458"/>
                <Baseline points="734,1525 760,1523 786,1522 812,1520 839,1519 865,1518 891,1517 918,1516 944,1515 970,1515 996,1515 1023,1515 1049,1515 1075,1516 1102,1516 1128,1517 1154,1518 1181,1519"/>
                <TextEquiv>
                    <Unicode>Feuilleton.</Unicode>
                </TextEquiv>
            </TextLine>
            <TextLine id="r1l13" custom="readingOrder {index:12;}">
                <Coords points="1428,1539 2408,1543 2409,1482 2304,1507 1428,1470"/>
                <Baseline points="1446,1529 1493,1529 1540,1529 1587,1529 1634,1529 1682,1529 1729,1529 1776,1529 1823,1529 1870,1530 1918,1530 1965,1531 2012,1531 2059,1531 2106,1532 2154,1532 2201,1532 2248,1532 2295,1532 2342,1532 2390,1532"/>
                <TextEquiv>
                    <Unicode>ponisten hundertstes Werk (Klavierauszug bei</Unicode>
                </TextEquiv>
            </TextLine>
            <TextLine id="r1l14" custom="readingOrder {index:13;}">
                <Coords points="2393,1542 3337,1548 3359,1483 2393,1495"/>
                <Baseline points="2412,1533 2458,1533 2504,1534 2551,1534 2597,1534 2643,1534 2690,1535 2736,1535 2782,1536 2829,1536 2875,1537 2921,1537 2968,1538 3014,1538 3060,1539 3107,1539 3153,1540 3199,1540 3246,1541 3292,1542 3339,1542"/>
                <TextEquiv>
                    <Unicode>und ist ein viel zu gescheiter und vornehmer</Unicode>
                </TextEquiv>
            </TextLine>
            <TextLine id="r1l15" custom="readingOrder {index:14;}">
                <Coords points="1437,1579 3294,1596 3356,1539 1438,1532"/>
                <Baseline points="1457,1571 1555,1570 1654,1570 1753,1570 1852,1570 1951,1570 2050,1571 2149,1571 2248,1572 2347,1573 2445,1574 2544,1575 2643,1576 2742,1577 2841,1579 2940,1580 3039,1580 3138,1581 3237,1581 3336,1581"/>
                <TextEquiv>
                    <Unicode>Hug). Seine erste Oper „Der Bundschuh“, Worte Mensch, als daß er es mit einer Satire versuchen</Unicode>
                </TextEquiv>
            </TextLine>
            <TextLine id="r1l16" custom="readingOrder {index:15;}">
                <Coords points="1429,1616 2370,1625 2399,1571 1429,1573"/>
                <Baseline points="1447,1614 1493,1613 1540,1612 1586,1612 1633,1612 1680,1612 1726,1612 1773,1612 1820,1612 1866,1612 1913,1613 1960,1613 2006,1614 2053,1614 2100,1615 2146,1615 2193,1616 2240,1616 2286,1617 2333,1617 2380,1617"/>
                <TextEquiv>
                    <Unicode>gleichfalls von Morold=Millenkowitsch, kam unter</Unicode>
                </TextEquiv>
            </TextLine>
            <TextLine id="r1l17" custom="readingOrder {index:16;}">
                <Coords points="761,1623 832,1636 970,1620 1128,1638 1164,1621 1165,1585 1043,1564 1017,1578 982,1567 960,1584 906,1565 837,1571 816,1552 798,1567 762,1566"/>
                <Baseline points="778,1611 804,1612 830,1613 856,1613 883,1614 909,1614 935,1614 962,1614 988,1615 1014,1615 1040,1616 1067,1617 1093,1617 1119,1619 1146,1621"/>
                <TextEquiv>
                    <Unicode>Wiener Kunst.</Unicode>
                </TextEquiv>
            </TextLine>
            <TextLine id="r1l18" custom="readingOrder {index:17;}">
                <Coords points="2403,1622 3362,1648 3362,1579 3251,1568 2404,1568"/>
                <Baseline points="2422,1617 2468,1618 2514,1619 2560,1620 2606,1620 2652,1621 2698,1622 2744,1622 2790,1622 2836,1623 2883,1623 2929,1623 2975,1623 3021,1624 3067,1624 3113,1624 3159,1624 3205,1624 3251,1625 3297,1625 3344,1625"/>
                <TextEquiv>
                    <Unicode>würde, die aus guten Gründen gleich im Anfang</Unicode>
                </TextEquiv>
            </TextLine>
            <TextLine id="r1l19" custom="readingOrder {index:18;}">
                <Coords points="603,1675 624,1677 636,1667 650,1675 668,1676 673,1597 655,1596 648,1588 638,1587 630,1594 608,1593"/>
                <Baseline points="621,1650 653,1652"/>
                <TextEquiv>
                    <Unicode></Unicode>
                </TextEquiv>
            </TextLine>
            <TextLine id="r1l20" custom="readingOrder {index:19;}">
                <Coords points="1422,1656 2406,1680 2406,1611 1422,1613"/>
                <Baseline points="1441,1656 1488,1656 1535,1656 1583,1656 1630,1656 1678,1656 1725,1656 1772,1656 1820,1656 1867,1656 1915,1657 1962,1657 2009,1657 2057,1658 2104,1658 2152,1659 2199,1659 2246,1660 2294,1660 2341,1661 2389,1662"/>
                <TextEquiv>
                    <Unicode>Mahler an das Hosoperntheater; Millenkowitsch hat</Unicode>
                </TextEquiv>
            </TextLine>
            <TextLine id="r1l21" custom="readingOrder {index:20;}">
                <Coords points="2393,1668 3356,1671 3327,1617 2393,1621"/>
                <Baseline points="2410,1661 2456,1662 2502,1662 2549,1662 2595,1663 2642,1663 2688,1664 2735,1664 2781,1664 2828,1665 2874,1665 2920,1666 2967,1666 3013,1666 3060,1667 3106,1667 3153,1667 3199,1667 3246,1667 3292,1667 3339,1667"/>
                <TextEquiv>
                    <Unicode>stecken bleiben müßte. Diese anständige Schwank¬</Unicode>
                </TextEquiv>
            </TextLine>
            <TextLine id="r1l22" custom="readingOrder {index:21;}">
                <Coords points="702,1684 832,1671 915,1697 969,1673 1012,1695 1048,1674 1207,1686 1208,1618 901,1636 703,1609"/>
                <Baseline points="720,1663 746,1665 772,1667 798,1668 824,1669 850,1669 876,1670 902,1670 928,1670 954,1670 980,1670 1006,1670 1032,1670 1058,1670 1084,1670 1110,1670 1136,1671 1162,1671 1188,1673"/>
                <TextEquiv>
                    <Unicode>Von Paul Stefan.</Unicode>
                </TextEquiv>
            </TextLine>
            <TextLine id="r1l23" custom="readingOrder {index:22;}">
                <Coords points="1423,1704 2389,1718 2390,1668 1423,1654"/>
                <Baseline points="1443,1698 1489,1698 1536,1699 1582,1699 1629,1699 1675,1699 1722,1699 1768,1699 1815,1700 1861,1700 1908,1700 1954,1700 2001,1700 2047,1701 2094,1701 2140,1701 2187,1702 2233,1703 2280,1704 2326,1705 2373,1706"/>
                <TextEquiv>
                    <Unicode>als Musikkritiker Wagnerschen Glaubens seither die</Unicode>
                </TextEquiv>
            </TextLine>
            <TextLine id="r1l24" custom="readingOrder {index:23;}">
                <Coords points="2392,1717 3095,1721 3124,1696 3330,1722 3359,1664 2393,1667"/>
                <Baseline points="2409,1705 2455,1706 2502,1706 2548,1706 2595,1707 2642,1707 2688,1707 2735,1708 2782,1708 2828,1709 2875,1709 2922,1710 2968,1710 3015,1710 3062,1710 3108,1710 3155,1710 3202,1710 3248,1710 3295,1709 3342,1708"/>
                <TextEquiv>
                    <Unicode>fremdheit macht es Schnitzler schwer. Was hätte</Unicode>
                </TextEquiv>
            </TextLine>
            <TextLine id="r1l25" custom="readingOrder {index:24;}">
                <Coords points="513,1726 1439,1751 1440,1679 513,1679"/>
                <Baseline points="532,1719 576,1721 620,1723 665,1724 709,1725 754,1726 798,1727 842,1727 887,1728 931,1728 976,1728 1020,1729 1064,1729 1109,1729 1153,1729 1198,1730 1242,1730 1286,1731 1331,1732 1375,1732 1420,1733"/>
                <TextEquiv>
                    <Unicode>Die Ereignisse der Schweizer Musikwoche hat</Unicode>
                </TextEquiv>
            </TextLine>
            <TextLine id="r1l26" custom="readingOrder {index:25;}">
                <Coords points="1429,1741 2272,1764 2398,1761 2399,1722 1429,1701"/>
                <Baseline points="1446,1739 1492,1740 1539,1740 1586,1740 1633,1741 1679,1741 1726,1742 1773,1742 1820,1742 1866,1743 1913,1743 1960,1744 2007,1744 2053,1744 2100,1745 2147,1745 2194,1746 2240,1747 2287,1748 2334,1748 2381,1749"/>
                <TextEquiv>
                    <Unicode>Gläubigen in Wort und Schrift für Reiter zu ge¬</Unicode>
                </TextEquiv>
            </TextLine>
            <TextLine id="r1l27" custom="readingOrder {index:26;}">
                <Coords points="2400,1755 3366,1771 3367,1702 2400,1708"/>
                <Baseline points="2418,1747 2464,1748 2511,1748 2557,1749 2604,1749 2650,1749 2697,1750 2743,1750 2790,1750 2836,1750 2883,1751 2930,1751 2976,1751 3023,1752 3069,1752 3116,1753 3162,1753 3209,1754 3255,1755 3302,1756 3349,1757"/>
                <TextEquiv>
                    <Unicode>aus dem talentvollen Schmöckchen Fliederbusch,</Unicode>
                </TextEquiv>
            </TextLine>
            <TextLine id="r1l28" custom="readingOrder {index:27;}">
                <Coords points="461,1763 1333,1793 1430,1788 1431,1741 724,1738 462,1705"/>
                <Baseline points="479,1762 525,1763 572,1765 619,1766 666,1767 712,1769 759,1770 806,1771 853,1771 899,1772 946,1773 993,1773 1040,1774 1086,1774 1133,1775 1180,1775 1227,1775 1273,1776 1320,1776 1367,1776 1414,1776"/>
                <TextEquiv>
                    <Unicode>ein Bericht verzögert, der sich nun bemühen muß,</Unicode>
                </TextEquiv>
            </TextLine>
            <TextLine id="r1l29" custom="readingOrder {index:28;}">
                <Coords points="1438,1786 2401,1790 2401,1743 1438,1739"/>
                <Baseline points="1456,1778 1502,1780 1548,1782 1594,1783 1641,1784 1687,1785 1733,1786 1780,1787 1826,1787 1872,1788 1919,1788 1965,1788 2011,1788 2057,1788 2104,1788 2150,1788 2196,1788 2243,1788 2289,1788 2335,1788 2382,1788"/>
                <TextEquiv>
                    <Unicode>winnen gesucht. Ein „Joseph Reiter=Bund“ wirkt</Unicode>
                </TextEquiv>
            </TextLine>
            <TextLine id="r1l30" custom="readingOrder {index:29;}">
                <Coords points="2403,1795 3366,1804 3366,1753 3287,1745 2404,1748"/>
                <Baseline points="2422,1788 2468,1789 2514,1790 2560,1791 2607,1792 2653,1792 2699,1792 2745,1793 2792,1793 2838,1793 2884,1793 2930,1794 2977,1794 3023,1794 3069,1794 3115,1795 3162,1795 3208,1796 3254,1797 3300,1798 3347,1799"/>
                <TextEquiv>
                    <Unicode>das in dem famosen „demokratischen Organ“ nach</Unicode>
                </TextEquiv>
            </TextLine>
            <TextLine id="r1l31" custom="readingOrder {index:30;}">
                <Coords points="464,1811 1412,1828 1444,1814 1445,1764 464,1764"/>
                <Baseline points="481,1807 528,1809 575,1810 622,1811 670,1812 717,1813 764,1813 812,1814 859,1815 906,1815 954,1815 1001,1816 1048,1816 1095,1816 1143,1817 1190,1817 1237,1817 1285,1818 1332,1818 1379,1819 1427,1819"/>
                <TextEquiv>
                    <Unicode>die gewohnten Maße nicht zu sprengen: so sehr</Unicode>
                </TextEquiv>
            </TextLine>
            <TextLine id="r1l32" custom="readingOrder {index:31;}">
                <Coords points="1434,1832 2400,1852 2401,1791 2318,1776 1965,1801 1435,1781"/>
                <Baseline points="1452,1822 1498,1823 1545,1824 1591,1824 1638,1825 1685,1826 1731,1827 1778,1828 1824,1828 1871,1829 1918,1830 1964,1830 2011,1831 2057,1831 2104,1832 2151,1832 2197,1832 2244,1831 2290,1831 2337,1830 2384,1830"/>
                <TextEquiv>
                    <Unicode>für den bescheidenen Meister; Vorsitzender des</Unicode>
                </TextEquiv>
            </TextLine>
            <TextLine id="r1l33" custom="readingOrder {index:32;}">
                <Coords points="2395,1840 3303,1852 3364,1845 3365,1798 2395,1793"/>
                <Baseline points="2414,1833 2460,1832 2507,1833 2553,1833 2600,1833 2647,1833 2693,1833 2740,1834 2787,1834 2833,1835 2880,1835 2927,1836 2973,1836 3020,1837 3067,1838 3113,1838 3160,1838 3207,1839 3253,1840 3300,1840 3347,1840"/>
                <TextEquiv>
                    <Unicode>links und zu gleicher Zeit als Fink in einem kon¬</Unicode>
                </TextEquiv>
            </TextLine>
            <TextLine id="r1l34" custom="readingOrder {index:33;}">
                <Coords points="463,1865 1335,1878 1436,1858 1437,1822 463,1811"/>
                <Baseline points="481,1852 527,1852 574,1853 621,1853 668,1853 715,1854 761,1854 808,1855 855,1855 902,1856 949,1856 995,1857 1042,1857 1089,1858 1136,1858 1183,1859 1229,1860 1276,1860 1323,1861 1370,1861 1417,1862"/>
                <TextEquiv>
                    <Unicode>viel Anregendes oder auch nur Aufrekzendes hätte</Unicode>
                </TextEquiv>
            </TextLine>
            <TextLine id="r1l35" custom="readingOrder {index:34;}">
                <Coords points="1422,1883 2363,1885 2399,1875 2400,1828 1423,1818"/>
                <Baseline points="1440,1864 1487,1865 1534,1866 1581,1867 1628,1868 1675,1868 1722,1869 1769,1869 1816,1870 1863,1870 1910,1870 1957,1871 2004,1871 2051,1871 2098,1872 2145,1872 2192,1873 2239,1873 2286,1874 2333,1875 2381,1877"/>
                <TextEquiv>
                    <Unicode>Bundes ist abermals Morold=Millenkowitsch. Sein</Unicode>
                </TextEquiv>
            </TextLine>
            <TextLine id="r1l36" custom="readingOrder {index:35;}">
                <Coords points="2400,1883 3197,1897 3367,1873 3367,1840 3288,1829 2401,1836"/>
                <Baseline points="2418,1874 2464,1874 2511,1875 2557,1876 2604,1877 2650,1877 2697,1878 2743,1878 2790,1879 2836,1879 2883,1880 2930,1880 2976,1880 3023,1881 3069,1881 3116,1881 3162,1881 3209,1881 3255,1881 3302,1881 3349,1881"/>
                <TextEquiv>
                    <Unicode>servativen nach rechts schreibt, Fink gegen Flieder¬</Unicode>
                </TextEquiv>
            </TextLine>
            <TextLine id="r1l37" custom="readingOrder {index:36;}">
                <Coords points="454,1896 476,1893 483,1900 516,1900 519,1896 526,1896 537,1903 555,1903 555,1860 516,1857 512,1853 487,1853 483,1857 472,1846 454,1846"/>
                <Baseline points="471,1892 504,1888 537,1892"/>
                <TextEquiv>
                    <Unicode>er</Unicode>
                </TextEquiv>
            </TextLine>
            <TextLine id="r1l38" custom="readingOrder {index:37;}">
                <Coords points="545,1912 852,1915 921,1886 956,1912 1429,1923 1429,1866 546,1854"/>
                <Baseline points="564,1897 606,1898 648,1898 691,1898 733,1899 776,1899 818,1900 860,1900 903,1901 945,1901 988,1901 1030,1902 1072,1902 1115,1903 1157,1903 1200,1903 1242,1904 1284,1904 1327,1904 1369,1904 1412,1904"/>
                <TextEquiv>
                    <Unicode>zusammerkzufassen. Gemach! Das Burg¬</Unicode>
                </TextEquiv>
            </TextLine>
            <TextLine id="r1l39" custom="readingOrder {index:38;}">
                <Coords points="1427,1922 2400,1937 2401,1875 1427,1879"/>
                <Baseline points="1446,1910 1492,1911 1539,1911 1586,1912 1633,1912 1680,1913 1726,1913 1773,1914 1820,1914 1867,1914 1914,1915 1960,1915 2007,1915 2054,1916 2101,1916 2148,1916 2194,1917 2241,1917 2288,1917 2335,1917 2382,1918"/>
                <TextEquiv>
                    <Unicode>„Tell“ nun beruft sich auf die alten Spiele der</Unicode>
                </TextEquiv>
            </TextLine>
            <TextLine id="r1l40" custom="readingOrder {index:39;}">
                <Coords points="2393,1919 3349,1936 3349,1893 3122,1876 2394,1880"/>
                <Baseline points="2410,1917 2456,1917 2502,1918 2548,1918 2594,1919 2640,1919 2686,1920 2732,1920 2778,1921 2824,1922 2870,1922 2916,1923 2962,1923 3008,1924 3054,1924 3100,1924 3146,1925 3192,1925 3238,1925 3284,1924 3331,1924"/>
                <TextEquiv>
                    <Unicode>husch, Fliederbusch gegen Fink, sonst alles werden</Unicode>
                </TextEquiv>
            </TextLine>
            <TextLine id="r1l41" custom="readingOrder {index:40;}">
                <Coords points="467,1942 1433,1943 1433,1903 467,1898"/>
                <Baseline points="484,1939 530,1939 577,1940 623,1940 670,1940 716,1940 763,1941 809,1941 856,1941 902,1941 949,1942 996,1942 1042,1942 1089,1942 1135,1943 1182,1943 1228,1943 1275,1943 1321,1943 1368,1943 1415,1943"/>
                <TextEquiv>
                    <Unicode>theater —deyn auch von ihm ist zu sprechen —</Unicode>
                </TextEquiv>
            </TextLine>
            <TextLine id="r1l42" custom="readingOrder {index:41;}">
                <Coords points="1424,1960 2361,1972 2397,1969 2398,1922 1424,1920"/>
                <Baseline points="1443,1950 1489,1951 1536,1952 1583,1953 1630,1954 1676,1955 1723,1956 1770,1956 1817,1957 1863,1958 1910,1958 1957,1958 2004,1959 2050,1959 2097,1959 2144,1959 2191,1959 2237,1959 2284,1959 2331,1959 2378,1959"/>
                <TextEquiv>
                    <Unicode>Schweiz. Aber ich glaube, daß diese Spiele nur</Unicode>
                </TextEquiv>
            </TextLine>
            <TextLine id="r1l43" custom="readingOrder {index:42;}">
                <Coords points="2401,1966 3360,1984 3360,1923 2401,1916"/>
                <Baseline points="2419,1958 2465,1959 2511,1960 2557,1961 2603,1962 2649,1962 2695,1963 2741,1963 2787,1964 2833,1964 2880,1965 2926,1965 2972,1965 3018,1966 3064,1966 3110,1967 3156,1967 3202,1968 3248,1968 3294,1969 3341,1970"/>
                <TextEquiv>
                    <Unicode>können! So aber kommt es nur zu einem Duell,</Unicode>
                </TextEquiv>
            </TextLine>
            <TextLine id="r1l44" custom="readingOrder {index:43;}">
                <Coords points="464,1984 1427,2006 1427,1948 465,1941"/>
                <Baseline points="481,1982 527,1981 573,1981 620,1981 666,1981 712,1981 759,1982 805,1982 851,1983 898,1984 944,1985 990,1986 1037,1987 1083,1988 1129,1988 1176,1989 1222,1989 1268,1989 1315,1989 1361,1988 1408,1987"/>
                <TextEquiv>
                    <Unicode>das Burgthekte erfreute sich in dieser Zeit zweier</Unicode>
                </TextEquiv>
            </TextLine>
            <TextLine id="r1l45" custom="readingOrder {index:44;}">
                <Coords points="1421,2000 2401,2021 2402,1960 1421,1949"/>
                <Baseline points="1439,1996 1486,1997 1533,1997 1580,1997 1628,1997 1675,1998 1722,1998 1770,1999 1817,1999 1864,1999 1912,2000 1959,2000 2006,2001 2053,2001 2101,2001 2148,2001 2195,2002 2243,2002 2290,2002 2337,2002 2385,2002"/>
                <TextEquiv>
                    <Unicode>noch in der Schweiz und für Schweizer schaffens¬</Unicode>
                </TextEquiv>
            </TextLine>
            <TextLine id="r1l46" custom="readingOrder {index:45;}">
                <Coords points="2384,2010 3138,2009 3199,2035 3354,2018 3355,1953 3142,1980 2385,1970"/>
                <Baseline points="2403,2004 2449,2004 2496,2004 2543,2004 2589,2004 2636,2004 2683,2004 2729,2005 2776,2005 2823,2006 2870,2006 2916,2007 2963,2007 3010,2008 3056,2008 3103,2009 3150,2009 3196,2010 3243,2010 3290,2010 3337,2010"/>
                <TextEquiv>
                    <Unicode>das Fink mit Fliederbusch ausfechten muß, und</Unicode>
                </TextEquiv>
            </TextLine>
            <TextLine id="r1l47" custom="readingOrder {index:46;}">
                <Coords points="457,2016 1423,2050 1423,1996 457,1984"/>
                <Baseline points="476,2024 522,2024 569,2024 615,2025 662,2025 708,2026 755,2026 801,2027 848,2028 894,2028 941,2029 987,2029 1034,2030 1080,2030 1127,2031 1173,2031 1220,2031 1266,2031 1313,2031 1359,2031 1406,2031"/>
                <TextEquiv>
                    <Unicode>Premieren. Eine war „Die verlorene Toch¬</Unicode>
                </TextEquiv>
            </TextLine>
            <TextLine id="r1l48" custom="readingOrder {index:47;}">
                <Coords points="1430,2044 2313,2058 2392,2048 2393,2019 1430,1997"/>
                <Baseline points="1449,2038 1495,2039 1541,2039 1587,2040 1634,2041 1680,2041 1726,2041 1772,2042 1819,2042 1865,2042 1911,2042 1957,2043 2004,2043 2050,2043 2096,2043 2142,2044 2189,2044 2235,2045 2281,2045 2327,2046 2374,2047"/>
                <TextEquiv>
                    <Unicode>lebendig sind. Woher diese ihre Kraft dort heute</Unicode>
                </TextEquiv>
            </TextLine>
            <TextLine id="r1l49" custom="readingOrder {index:48;}">
                <Coords points="2385,2053 3359,2060 3359,2006 2386,2006"/>
                <Baseline points="2405,2045 2451,2045 2498,2045 2545,2046 2592,2046 2639,2047 2685,2047 2732,2048 2779,2048 2826,2049 2873,2049 2919,2050 2966,2050 3013,2051 3060,2051 3107,2052 3153,2053 3200,2053 3247,2054 3294,2054 3341,2055"/>
                <TextEquiv>
                    <Unicode>die herbeiströmenden Chefredakteure der beiden</Unicode>
                </TextEquiv>
            </TextLine>
            <TextLine id="r1l50" custom="readingOrder {index:49;}">
                <Coords points="465,2072 1175,2069 1362,2097 1434,2094 1435,2040 465,2025"/>
                <Baseline points="482,2063 528,2064 575,2066 621,2067 668,2068 715,2069 761,2069 808,2070 855,2071 901,2072 948,2072 995,2073 1041,2073 1088,2074 1135,2074 1181,2074 1228,2074 1275,2075 1321,2075 1368,2075 1415,2075"/>
                <TextEquiv>
                    <Unicode>ter“ von Ludwig Fulda. Damit ist alles ge¬</Unicode>
                </TextEquiv>
            </TextLine>
            <TextLine id="r1l51" custom="readingOrder {index:50;}">
                <Coords points="1425,2095 2391,2100 2392,2045 1426,2038"/>
                <Baseline points="1445,2081 1491,2082 1538,2082 1584,2082 1631,2082 1677,2082 1724,2083 1770,2083 1817,2083 1863,2083 1910,2084 1956,2084 2003,2084 2049,2085 2096,2085 2142,2086 2189,2086 2235,2087 2282,2088 2328,2089 2375,2090"/>
                <TextEquiv>
                    <Unicode>noch rührt, das hat Gottfried Keller so schön ge¬</Unicode>
                </TextEquiv>
            </TextLine>
            <TextLine id="r1l52" custom="readingOrder {index:51;}">
                <Coords points="2389,2098 3279,2108 3359,2094 3359,2048 2389,2051"/>
                <Baseline points="2407,2084 2453,2085 2500,2087 2547,2089 2593,2090 2640,2091 2687,2091 2733,2092 2780,2092 2827,2093 2874,2093 2920,2093 2967,2093 3014,2093 3060,2093 3107,2093 3154,2093 3200,2093 3247,2093 3294,2093 3341,2093"/>
                <TextEquiv>
                    <Unicode>Blätter reißen sich um den smarten Kerl, der das</Unicode>
                </TextEquiv>
            </TextLine>
            <TextLine id="r1l53" custom="readingOrder {index:52;}">
                <Coords points="456,2110 1426,2126 1426,2079 457,2063"/>
                <Baseline points="473,2112 519,2111 566,2111 613,2111 659,2111 706,2111 753,2112 799,2112 846,2113 893,2113 940,2114 986,2114 1033,2115 1080,2116 1126,2116 1173,2117 1220,2117 1266,2117 1313,2118 1360,2118 1407,2118"/>
                <TextEquiv>
                    <Unicode>sagt, und dies um so mehr, als das Stück in</Unicode>
                </TextEquiv>
            </TextLine>
            <TextLine id="r1l54" custom="readingOrder {index:53;}">
                <Coords points="1433,2134 1563,2114 1700,2147 2392,2145 2392,2102 2302,2090 1434,2087"/>
                <Baseline points="1451,2128 1497,2127 1543,2126 1589,2126 1635,2126 1682,2125 1728,2125 1774,2126 1820,2126 1866,2126 1913,2127 1959,2127 2005,2128 2051,2129 2097,2129 2144,2130 2190,2131 2236,2131 2282,2132 2328,2132 2375,2132"/>
                <TextEquiv>
                    <Unicode>zeigt. Von außen aber tritt Morold an seine</Unicode>
                </TextEquiv>
            </TextLine>
            <TextLine id="r1l55" custom="readingOrder {index:54;}">
                <Coords points="2397,2140 3254,2141 3362,2171 3363,2091 2397,2090"/>
                <Baseline points="2414,2132 2460,2132 2507,2133 2553,2134 2600,2134 2646,2135 2693,2135 2739,2135 2786,2135 2832,2135 2879,2136 2926,2136 2972,2136 3019,2136 3065,2136 3112,2136 3158,2137 3205,2137 3251,2137 3298,2138 3345,2138"/>
                <TextEquiv>
                    <Unicode>zuwege gebracht hat. Fliederbusch erreicht vom</Unicode>
                </TextEquiv>
            </TextLine>
            <TextLine id="r1l56" custom="readingOrder {index:55;}">
                <Coords points="460,2155 1430,2160 1430,2117 1351,2109 1214,2134 460,2119"/>
                <Baseline points="478,2153 524,2154 571,2154 618,2154 664,2154 711,2155 758,2155 804,2156 851,2156 898,2156 945,2157 991,2157 1038,2157 1085,2157 1131,2158 1178,2158 1225,2158 1271,2158 1318,2158 1365,2158 1412,2158"/>
                <TextEquiv>
                    <Unicode>Berlin längst aufgeführt worden ist. Das Be¬</Unicode>
                </TextEquiv>
            </TextLine>
            <TextLine id="r1l57" custom="readingOrder {index:56;}">
                <Coords points="1415,2178 2396,2184 2396,2126 1696,2144 1415,2114"/>
                <Baseline points="1434,2167 1481,2167 1528,2168 1575,2168 1622,2169 1669,2169 1716,2170 1763,2170 1810,2170 1857,2170 1905,2170 1952,2171 1999,2171 2046,2171 2093,2171 2140,2171 2187,2172 2234,2172 2281,2172 2328,2173 2376,2173"/>
                <TextEquiv>
                    <Unicode>Quelle heran. Und so gelingt ihm nur eine Nach¬</Unicode>
                </TextEquiv>
            </TextLine>
            <TextLine id="r1l58" custom="readingOrder {index:57;}">
                <Coords points="2387,2186 3003,2170 3328,2198 3350,2144 2820,2118 2766,2146 2387,2139"/>
                <Baseline points="2404,2178 2450,2177 2496,2176 2543,2176 2589,2176 2635,2176 2682,2176 2728,2176 2774,2177 2821,2177 2867,2178 2913,2179 2960,2179 3006,2180 3052,2181 3099,2181 3145,2182 3191,2182 3238,2182 3284,2182 3331,2182"/>
                <TextEquiv>
                    <Unicode>Fleck weg eine gewaltige Gage. Aber ein dritter,</Unicode>
                </TextEquiv>
            </TextLine>
            <TextLine id="r1l59" custom="readingOrder {index:58;}">
                <Coords points="457,2206 1300,2219 1434,2198 1434,2151 457,2152"/>
                <Baseline points="476,2197 523,2197 570,2197 617,2197 664,2197 711,2197 758,2197 805,2198 852,2198 899,2198 946,2199 993,2199 1040,2199 1087,2200 1134,2200 1181,2200 1228,2201 1275,2202 1322,2202 1369,2203 1416,2203"/>
                <TextEquiv>
                    <Unicode>hagen des erbeingesessenen und erbeingefühlten</Unicode>
                </TextEquiv>
            </TextLine>
            <TextLine id="r1l60" custom="readingOrder {index:59;}">
                <Coords points="1433,2215 1912,2227 2046,2203 2395,2232 2396,2178 1433,2171"/>
                <Baseline points="1451,2210 1497,2210 1543,2210 1589,2210 1636,2210 1682,2210 1728,2211 1775,2211 1821,2212 1867,2212 1914,2213 1960,2214 2006,2214 2052,2215 2099,2216 2145,2216 2191,2217 2238,2217 2284,2218 2330,2218 2377,2218"/>
                <TextEquiv>
                    <Unicode>ahmung des alten Spiels und seiner Formen.</Unicode>
                </TextEquiv>
            </TextLine>
            <TextLine id="r1l61" custom="readingOrder {index:60;}">
                <Coords points="2387,2233 3299,2236 3360,2230 3361,2183 2388,2179"/>
                <Baseline points="2404,2219 2451,2217 2498,2216 2545,2216 2592,2216 2639,2217 2686,2218 2733,2218 2780,2220 2827,2221 2874,2223 2921,2224 2968,2225 3015,2226 3062,2226 3109,2227 3156,2226 3203,2225 3250,2224 3297,2222 3344,2219"/>
                <TextEquiv>
                    <Unicode>ein aristokratischer Sportliebhaber und Zeitungs¬</Unicode>
                </TextEquiv>
            </TextLine>
            <TextLine id="r1l62" custom="readingOrder {index:61;}">
                <Coords points="453,2228 597,2255 1427,2258 1427,2200 1333,2192 454,2196"/>
                <Baseline points="470,2237 516,2238 563,2238 610,2239 657,2239 704,2240 751,2240 798,2241 845,2241 892,2242 939,2242 985,2243 1032,2243 1079,2244 1126,2244 1173,2244 1220,2244 1267,2244 1314,2244 1361,2245 1408,2245"/>
                <TextEquiv>
                    <Unicode>Publikums war groß; die neue Zeit hatte sowit</Unicode>
                </TextEquiv>
            </TextLine>
            <TextLine id="r1l63" custom="readingOrder {index:62;}">
                <Coords points="1421,2260 2391,2264 2391,2221 2348,2217 1422,2217"/>
                <Baseline points="1440,2251 1486,2252 1533,2252 1579,2252 1626,2253 1673,2253 1719,2253 1766,2254 1812,2254 1859,2254 1906,2255 1952,2255 1999,2255 2045,2256 2092,2256 2139,2256 2185,2257 2232,2257 2278,2258 2325,2258 2372,2259"/>
                <TextEquiv>
                    <Unicode>Tell ist ein braver, nicht sehr bedeutender Mann,</Unicode>
                </TextEquiv>
            </TextLine>
            <TextLine id="r1l64" custom="readingOrder {index:63;}">
                <Coords points="2393,2267 3359,2289 3359,2227 2393,2220"/>
                <Baseline points="2410,2260 2456,2260 2503,2260 2549,2261 2596,2261 2642,2262 2689,2263 2735,2264 2782,2265 2828,2265 2875,2266 2922,2267 2968,2268 3015,2268 3061,2269 3108,2269 3154,2269 3201,2269 3247,2269 3294,2268 3341,2267"/>
                <TextEquiv>
                    <Unicode>gründer ersteht den Mann, der es so gut verstan¬</Unicode>
                </TextEquiv>
            </TextLine>
            <TextLine id="r1l65" custom="readingOrder {index:64;}">
                <Coords points="449,2281 1426,2297 1427,2251 1106,2228 1016,2252 450,2238"/>
                <Baseline points="466,2279 513,2280 560,2280 607,2280 654,2281 701,2282 748,2282 795,2283 842,2284 889,2285 936,2285 983,2286 1030,2287 1077,2287 1124,2288 1171,2288 1218,2289 1265,2290 1312,2290 1359,2290 1407,2290"/>
                <TextEquiv>
                    <Unicode>richtig begonnen. Erbschaft der alten, sagt man</Unicode>
                </TextEquiv>
            </TextLine>
            <TextLine id="r1l66" custom="readingOrder {index:65;}">
                <Coords points="1430,2301 2317,2312 2389,2306 2389,2244 2187,2272 1676,2235 1430,2251"/>
                <Baseline points="1449,2296 1495,2296 1541,2296 1587,2296 1633,2296 1679,2297 1725,2297 1772,2298 1818,2298 1864,2299 1910,2299 1956,2300 2002,2300 2048,2301 2095,2301 2141,2302 2187,2302 2233,2302 2279,2302 2325,2302 2372,2301"/>
                <TextEquiv>
                    <Unicode>und ist der Mann seiner Frau. Frau Tell und</Unicode>
                </TextEquiv>
            </TextLine>
            <TextLine id="r1l67" custom="readingOrder {index:66;}">
                <Coords points="2382,2299 3265,2321 3355,2311 3356,2279 2383,2263"/>
                <Baseline points="2399,2302 2445,2302 2492,2302 2539,2303 2586,2303 2633,2304 2680,2305 2727,2305 2774,2306 2821,2307 2868,2308 2914,2308 2961,2309 3008,2310 3055,2310 3102,2311 3149,2311 3196,2312 3243,2312 3290,2312 3337,2312"/>
                <TextEquiv>
                    <Unicode>den hat, gar keine Ueberzeugung zu haben. Ein</Unicode>
                </TextEquiv>
            </TextLine>
            <TextLine id="r1l68" custom="readingOrder {index:67;}">
                <Coords points="456,2334 1432,2351 1433,2293 456,2280"/>
                <Baseline points="475,2323 524,2323 573,2324 623,2325 672,2325 722,2326 771,2327 820,2327 870,2328 919,2328 969,2328 1018,2329 1068,2329 1117,2330 1166,2330 1216,2331 1265,2331 1315,2332 1364,2332 1414,2333"/>
                <TextEquiv>
                    <Unicode>im Burgtheater; und aus der Erbschaft kommt</Unicode>
                </TextEquiv>
            </TextLine>
            <TextLine id="r1l69" custom="readingOrder {index:68;}">
                <Coords points="1427,2340 2393,2359 2393,2315 2347,2304 1427,2297"/>
                <Baseline points="1445,2337 1491,2338 1538,2338 1584,2339 1631,2339 1678,2339 1724,2340 1771,2340 1817,2340 1864,2340 1911,2341 1957,2341 2004,2341 2050,2342 2097,2342 2144,2342 2190,2343 2237,2344 2283,2344 2330,2345 2377,2346"/>
                <TextEquiv>
                    <Unicode>Geßler, dieser, hal, ein dämonischer Verführer, sie</Unicode>
                </TextEquiv>
            </TextLine>
            <TextLine id="r1l70" custom="readingOrder {index:69;}">
                <Coords points="2395,2351 3361,2369 3362,2304 2395,2304"/>
                <Baseline points="2411,2343 2457,2343 2504,2343 2550,2343 2597,2343 2644,2344 2690,2344 2737,2345 2784,2346 2830,2347 2877,2348 2924,2349 2970,2350 3017,2351 3064,2352 3110,2353 3157,2353 3204,2354 3250,2354 3297,2353 3344,2353"/>
                <TextEquiv>
                    <Unicode>üppiges Frühstück versöhnt alle Streiter von rechts</Unicode>
                </TextEquiv>
            </TextLine>
            <TextLine id="r1l71" custom="readingOrder {index:70;}">
                <Coords points="445,2384 1288,2389 1332,2360 1432,2387 1433,2329 445,2323"/>
                <Baseline points="463,2364 510,2365 558,2366 605,2367 653,2367 700,2368 748,2369 795,2370 843,2370 890,2371 938,2372 986,2372 1033,2373 1081,2373 1128,2373 1176,2373 1223,2374 1271,2374 1318,2373 1366,2373 1414,2373"/>
                <TextEquiv>
                    <Unicode>auch die neueste Gabe, „Frau Suitner“ ein</Unicode>
                </TextEquiv>
            </TextLine>
            <TextLine id="r1l72" custom="readingOrder {index:71;}">
                <Coords points="1432,2385 2395,2386 2363,2349 2107,2336 1433,2338"/>
                <Baseline points="1449,2381 1495,2381 1541,2381 1588,2381 1634,2381 1681,2381 1727,2381 1773,2382 1820,2382 1866,2383 1913,2383 1959,2384 2005,2384 2052,2385 2098,2385 2145,2386 2191,2387 2237,2387 2284,2387 2330,2387 2377,2388"/>
                <TextEquiv>
                    <Unicode>sind die eigentlichen Helden eines Spiels mit</Unicode>
                </TextEquiv>
            </TextLine>
            <TextLine id="r1l73" custom="readingOrder {index:72;}">
                <Coords points="2377,2410 2479,2383 3354,2429 3355,2357 2378,2345"/>
                <Baseline points="2396,2386 2443,2386 2490,2386 2537,2386 2584,2386 2631,2386 2678,2387 2725,2387 2772,2388 2819,2388 2866,2389 2913,2390 2960,2391 3007,2392 3054,2393 3101,2394 3148,2395 3195,2397 3242,2398 3289,2399 3337,2400"/>
                <TextEquiv>
                    <Unicode>und von links. (Und das Stück ist vor dem Krieg</Unicode>
                </TextEquiv>
            </TextLine>
            <TextLine id="r1l74" custom="readingOrder {index:73;}">
                <Coords points="454,2417 685,2405 879,2436 1298,2404 1427,2438 1428,2380 454,2377"/>
                <Baseline points="471,2406 517,2407 564,2409 611,2410 658,2411 705,2412 752,2412 798,2413 845,2413 892,2414 939,2414 986,2415 1033,2415 1080,2415 1126,2416 1173,2416 1220,2416 1267,2416 1314,2417 1361,2417 1408,2418"/>
                <TextEquiv>
                    <Unicode>Schauspiel von Karl Schönherr, als Buch</Unicode>
                </TextEquiv>
            </TextLine>
            <TextLine id="r1l75" custom="readingOrder {index:74;}">
                <Coords points="1423,2427 2389,2442 2389,2391 2219,2401 2180,2372 1423,2380"/>
                <Baseline points="1441,2423 1487,2423 1534,2423 1580,2424 1627,2424 1673,2425 1720,2425 1766,2425 1813,2426 1859,2426 1906,2427 1952,2427 1999,2427 2045,2428 2092,2428 2138,2428 2185,2429 2231,2429 2278,2429 2324,2430 2371,2430"/>
                <TextEquiv>
                    <Unicode>Apfelschuß, Musik und Alpenglühen. Und auch ein</Unicode>
                </TextEquiv>
            </TextLine>
            <TextLine id="r1l76" custom="readingOrder {index:75;}">
                <Coords points="2389,2442 2418,2453 2428,2446 2443,2453 2461,2435 2609,2442 2674,2424 2674,2391 2490,2391 2479,2384 2389,2392"/>
                <Baseline points="2405,2431 2430,2430 2455,2430 2480,2429 2505,2429 2530,2429 2555,2430 2580,2430 2605,2430 2630,2430 2655,2429"/>
                <TextEquiv>
                    <Unicode>geschrieben!)</Unicode>
                </TextEquiv>
            </TextLine>
            <TextLine id="r1l77" custom="readingOrder {index:76;}">
                <Coords points="451,2457 1424,2479 1425,2418 451,2414"/>
                <Baseline points="469,2450 515,2451 562,2452 609,2452 656,2453 703,2454 750,2454 796,2454 843,2455 890,2455 937,2456 984,2456 1031,2457 1078,2457 1124,2458 1171,2458 1218,2459 1265,2460 1312,2461 1359,2461 1406,2462"/>
                <TextEquiv>
                    <Unicode>übrigens schon vor einiger Zeit veröffentlicht.</Unicode>
                </TextEquiv>
            </TextLine>
            <TextLine id="r1l78" custom="readingOrder {index:77;}">
                <Coords points="1417,2463 2397,2466 2397,2433 1417,2420"/>
                <Baseline points="1433,2465 1480,2465 1527,2466 1574,2467 1622,2467 1669,2468 1716,2468 1763,2469 1811,2469 1858,2470 1905,2470 1952,2470 2000,2471 2047,2471 2094,2471 2141,2471 2189,2471 2236,2471 2283,2470 2330,2470 2378,2469"/>
                <TextEquiv>
                    <Unicode>Regenbogen wölbt sich einher, über den die Götter</Unicode>
                </TextEquiv>
            </TextLine>
            <TextLine id="r1l79" custom="readingOrder {index:78;}">
                <Coords points="2430,2472 3357,2499 3357,2430 3329,2423 2431,2429"/>
                <Baseline points="2448,2469 2492,2470 2536,2471 2581,2472 2625,2473 2670,2473 2714,2474 2759,2475 2803,2476 2848,2477 2892,2477 2936,2478 2981,2478 3025,2479 3070,2479 3114,2480 3159,2480 3203,2480 3248,2480 3292,2480 3337,2480"/>
                <TextEquiv>
                    <Unicode>Man lachte an diesem Abend, und man lachte</Unicode>
                </TextEquiv>
            </TextLine>
            <TextLine id="r1l80" custom="readingOrder {index:79;}">
                <Coords points="446,2492 1394,2515 1426,2504 1427,2450 446,2456"/>
                <Baseline points="465,2494 512,2494 559,2494 606,2495 654,2495 701,2496 748,2496 795,2496 843,2497 890,2498 937,2498 984,2499 1032,2499 1079,2500 1126,2500 1173,2501 1221,2501 1268,2501 1315,2501 1362,2501 1410,2501"/>
                <TextEquiv>
                    <Unicode>Wiederum steht es jedermann frei, die dramatische</Unicode>
                </TextEquiv>
            </TextLine>
            <TextLine id="r1l81" custom="readingOrder {index:80;}">
                <Coords points="1422,2517 2388,2521 2388,2478 1422,2470"/>
                <Baseline points="1439,2509 1485,2509 1532,2509 1578,2509 1625,2510 1671,2510 1718,2511 1764,2511 1811,2512 1857,2513 1904,2513 1950,2514 1997,2514 2043,2515 2090,2515 2136,2515 2183,2515 2229,2515 2276,2515 2322,2514 2369,2514"/>
                <TextEquiv>
                    <Unicode>nach Walhall — nein, nur die Musik macht es</Unicode>
                </TextEquiv>
            </TextLine>
            <TextLine id="r1l82" custom="readingOrder {index:81;}">
                <Coords points="2388,2520 3138,2516 3260,2543 3362,2519 3341,2476 2634,2466 2526,2490 2389,2448"/>
                <Baseline points="2405,2512 2451,2513 2498,2514 2545,2515 2592,2516 2639,2517 2686,2518 2733,2519 2780,2520 2827,2520 2874,2521 2920,2522 2967,2522 3014,2523 3061,2523 3108,2524 3155,2524 3202,2524 3249,2525 3296,2524 3343,2524"/>
                <TextEquiv>
                    <Unicode>billig. Aber gerade wer von Schnitzler ein Thea¬</Unicode>
                </TextEquiv>
            </TextLine>
            <TextLine id="r1l83" custom="readingOrder {index:82;}">
                <Coords points="448,2547 1428,2565 1429,2496 448,2493"/>
                <Baseline points="467,2537 514,2537 561,2538 608,2538 656,2538 703,2538 750,2539 797,2539 845,2540 892,2540 939,2541 986,2542 1034,2542 1081,2543 1128,2543 1175,2544 1223,2545 1270,2545 1317,2546 1364,2546 1412,2547"/>
                <TextEquiv>
                    <Unicode>Technik und Oekonomie des Tirolers zu bewun¬</Unicode>
                </TextEquiv>
            </TextLine>
            <TextLine id="r1l84" custom="readingOrder {index:83;}">
                <Coords points="1428,2557 2391,2564 2391,2521 2316,2513 1429,2511"/>
                <Baseline points="1445,2552 1491,2552 1537,2552 1584,2552 1630,2552 1677,2552 1723,2553 1769,2553 1816,2554 1862,2554 1909,2555 1955,2556 2001,2557 2048,2557 2094,2558 2141,2559 2187,2559 2233,2559 2280,2560 2326,2560 2373,2560"/>
                <TextEquiv>
                    <Unicode>einen glauben. Denn auch sie glaubt an Wagner</Unicode>
                </TextEquiv>
            </TextLine>
            <TextLine id="r1l85" custom="readingOrder {index:84;}">
                <Coords points="2391,2564 3267,2563 3361,2589 3361,2517 2392,2517"/>
                <Baseline points="2409,2556 2455,2557 2502,2558 2549,2559 2595,2559 2642,2560 2689,2561 2735,2562 2782,2563 2829,2564 2876,2565 2922,2566 2969,2566 3016,2566 3062,2567 3109,2567 3156,2566 3202,2566 3249,2566 3296,2565 3343,2563"/>
                <TextEquiv>
                    <Unicode>terstück und nicht Lösungen und Erlösungen er¬</Unicode>
                </TextEquiv>
            </TextLine>
            <TextLine id="r1l86" custom="readingOrder {index:85;}">
                <Coords points="441,2578 1404,2603 1426,2556 442,2531"/>
                <Baseline points="460,2578 507,2580 554,2581 602,2581 649,2582 697,2583 744,2583 791,2584 839,2584 886,2584 934,2585 981,2585 1028,2585 1076,2585 1123,2585 1171,2586 1218,2586 1265,2586 1313,2587 1360,2587 1408,2588"/>
                <TextEquiv>
                    <Unicode>dern. Denn zwei brave und tüchtige Eheleute</Unicode>
                </TextEquiv>
            </TextLine>
            <TextLine id="r1l87" custom="readingOrder {index:86;}">
                <Coords points="1421,2603 2337,2611 2391,2605 2391,2550 1421,2556"/>
                <Baseline points="1441,2596 1487,2596 1534,2595 1580,2595 1627,2595 1674,2596 1720,2596 1767,2596 1814,2597 1860,2597 1907,2598 1954,2598 2000,2599 2047,2599 2094,2600 2140,2600 2187,2600 2234,2599 2280,2599 2327,2598 2374,2597"/>
                <TextEquiv>
                    <Unicode>wie an den Viervierteltakt. Dabei gelingt ihr</Unicode>
                </TextEquiv>
            </TextLine>
            <TextLine id="r1l88" custom="readingOrder {index:87;}">
                <Coords points="2392,2602 3351,2615 3351,2568 3268,2563 2392,2559"/>
                <Baseline points="2409,2599 2455,2600 2501,2600 2547,2601 2593,2602 2639,2603 2685,2604 2731,2605 2777,2606 2823,2606 2870,2607 2916,2608 2962,2609 3008,2609 3054,2610 3100,2610 3146,2610 3192,2610 3238,2610 3284,2610 3331,2609"/>
                <TextEquiv>
                    <Unicode>wartet hat, wird nicht allzu bitter enttäuscht sein.</Unicode>
                </TextEquiv>
            </TextLine>
            <TextLine id="r1l89" custom="readingOrder {index:88;}">
                <Coords points="446,2632 1390,2651 1413,2593 447,2574"/>
                <Baseline points="464,2620 510,2622 557,2623 603,2624 650,2625 696,2626 743,2626 789,2627 836,2627 882,2627 929,2627 976,2627 1022,2627 1069,2627 1115,2628 1162,2628 1208,2628 1255,2629 1301,2630 1348,2631 1395,2632"/>
                <TextEquiv>
                    <Unicode>sind, wie einem immer wieder zum Bewußtsein</Unicode>
                </TextEquiv>
            </TextLine>
            <TextLine id="r1l90" custom="readingOrder {index:89;}">
                <Coords points="1414,2639 2388,2651 2388,2604 2294,2589 1414,2614"/>
                <Baseline points="1433,2641 1479,2640 1526,2639 1573,2639 1620,2639 1667,2639 1713,2639 1760,2639 1807,2639 1854,2640 1901,2640 1947,2641 1994,2641 2041,2642 2088,2642 2135,2642 2181,2643 2228,2643 2275,2643 2322,2643 2369,2642"/>
                <TextEquiv>
                    <Unicode>auch Hübsches und Gefälliges, gelingt ihr selbst</Unicode>
                </TextEquiv>
            </TextLine>
            <TextLine id="r1l91" custom="readingOrder {index:90;}">
                <Coords points="2383,2643 3353,2665 3339,2607 2384,2603"/>
                <Baseline points="2401,2642 2447,2642 2494,2642 2540,2643 2587,2643 2634,2644 2680,2645 2727,2645 2774,2646 2820,2647 2867,2648 2914,2648 2960,2649 3007,2650 3054,2650 3100,2651 3147,2651 3194,2651 3240,2651 3287,2651 3334,2651"/>
                <TextEquiv>
                    <Unicode>Das Theaterstück wird am Deutschen Volkstheater</Unicode>
                </TextEquiv>
            </TextLine>
            <TextLine id="r1l92" custom="readingOrder {index:91;}">
                <Coords points="452,2672 1375,2685 1418,2675 1419,2643 453,2618"/>
                <Baseline points="472,2666 518,2667 564,2667 611,2668 657,2668 704,2669 750,2669 796,2670 843,2670 889,2671 936,2672 982,2672 1028,2673 1075,2673 1121,2673 1168,2674 1214,2674 1260,2674 1307,2675 1353,2675 1400,2675"/>
                <TextEquiv>
                    <Unicode>gebracht wird, kinderlos, und auch nicht zu ver¬</Unicode>
                </TextEquiv>
            </TextLine>
            <TextLine id="r1l93" custom="readingOrder {index:92;}">
                <Coords points="1410,2688 2365,2698 2387,2648 1410,2638"/>
                <Baseline points="1428,2679 1475,2680 1522,2681 1569,2681 1616,2682 1663,2683 1710,2683 1757,2684 1804,2684 1851,2684 1899,2684 1946,2685 1993,2685 2040,2685 2087,2685 2134,2685 2181,2686 2228,2686 2275,2686 2322,2686 2370,2686"/>
                <TextEquiv>
                    <Unicode>Eindrucksvolles, aber es reicht an den Stoff nicht</Unicode>
                </TextEquiv>
            </TextLine>
            <TextLine id="r1l94" custom="readingOrder {index:93;}">
                <Coords points="2392,2690 3355,2699 3355,2656 2393,2629"/>
                <Baseline points="2409,2685 2455,2684 2501,2684 2548,2684 2594,2685 2641,2685 2687,2686 2734,2687 2780,2688 2827,2689 2873,2691 2919,2692 2966,2693 3012,2694 3059,2695 3105,2695 3152,2696 3198,2696 3245,2696 3291,2696 3338,2695"/>
                <TextEquiv>
                    <Unicode>teils schlecht und teils recht gespielt und das</Unicode>
                </TextEquiv>
            </TextLine>
            <TextLine id="r1l95" custom="readingOrder {index:94;}">
                <Coords points="447,2719 1395,2731 1425,2674 448,2679"/>
                <Baseline points="464,2708 511,2708 558,2709 605,2710 652,2711 699,2711 746,2712 793,2713 840,2713 887,2714 935,2714 982,2715 1029,2715 1076,2716 1123,2716 1170,2716 1217,2716 1264,2716 1311,2716 1358,2716 1406,2715"/>
                <TextEquiv>
                    <Unicode>kennen ist es, daß die Frau Suitner Wandel</Unicode>
                </TextEquiv>
            </TextLine>
            <TextLine id="r1l96" custom="readingOrder {index:95;}">
                <Coords points="1419,2728 2342,2742 2385,2739 2386,2692 1419,2681"/>
                <Baseline points="1438,2719 1484,2721 1531,2722 1577,2723 1624,2724 1670,2725 1717,2725 1763,2726 1810,2726 1856,2726 1903,2726 1949,2726 1996,2726 2042,2726 2089,2726 2135,2726 2182,2727 2228,2727 2275,2728 2321,2728 2368,2730"/>
                <TextEquiv>
                    <Unicode>heran. Schlimm, daß man an Rossini denken muß,</Unicode>
                </TextEquiv>
            </TextLine>
            <TextLine id="r1l97" custom="readingOrder {index:96;}">
                <Coords points="2392,2735 3351,2745 3351,2699 3239,2690 2392,2688"/>
                <Baseline points="2410,2728 2456,2729 2502,2730 2548,2731 2594,2731 2640,2732 2686,2732 2732,2733 2778,2733 2824,2733 2871,2733 2917,2734 2963,2734 3009,2735 3055,2735 3101,2736 3147,2736 3193,2737 3239,2739 3285,2740 3332,2741"/>
                <TextEquiv>
                    <Unicode>Publikum wird sich kaum daran hindern lassen,</Unicode>
                </TextEquiv>
            </TextLine>
            <TextLine id="r1l98" custom="readingOrder {index:97;}">
                <Coords points="448,2752 1364,2772 1425,2765 1426,2718 449,2708"/>
                <Baseline points="467,2750 514,2751 561,2751 608,2752 655,2752 702,2753 749,2754 796,2754 843,2755 890,2755 937,2756 984,2756 1031,2757 1078,2757 1125,2758 1172,2758 1219,2758 1266,2758 1313,2759 1360,2759 1408,2759"/>
                <TextEquiv>
                    <Unicode>schaffen will und ihrem Mann das Mädchen zu¬</Unicode>
                </TextEquiv>
            </TextLine>
            <TextLine id="r1l99" custom="readingOrder {index:98;}">
                <Coords points="1412,2764 2183,2764 2295,2794 2392,2770 2393,2730 1412,2717"/>
                <Baseline points="1431,2762 1478,2763 1525,2764 1572,2764 1619,2765 1666,2766 1713,2766 1761,2767 1808,2768 1855,2768 1902,2769 1949,2769 1996,2770 2043,2770 2091,2770 2138,2770 2185,2771 2232,2771 2279,2771 2326,2771 2374,2770"/>
                <TextEquiv>
                    <Unicode>wo man nicht an Schiller denken sollte. So habe</Unicode>
                </TextEquiv>
            </TextLine>
            <TextLine id="r1l100" custom="readingOrder {index:99;}">
                <Coords points="2391,2776 3274,2794 3353,2783 3354,2733 2391,2733"/>
                <Baseline points="2409,2772 2455,2773 2501,2773 2548,2774 2594,2774 2641,2774 2687,2775 2733,2775 2780,2775 2826,2775 2873,2776 2919,2776 2965,2776 3012,2777 3058,2777 3105,2777 3151,2778 3197,2778 3244,2779 3290,2780 3337,2780"/>
                <TextEquiv>
                    <Unicode>nachzusehen, wie es etwa in einem demokratischen</Unicode>
                </TextEquiv>
            </TextLine>
            <TextLine id="r1l101" custom="readingOrder {index:100;}">
                <Coords points="450,2804 1323,2803 1423,2828 1424,2764 451,2750"/>
                <Baseline points="469,2794 515,2795 562,2796 609,2796 656,2797 702,2797 749,2797 796,2797 843,2797 889,2797 936,2797 983,2797 1030,2797 1076,2798 1123,2798 1170,2798 1217,2799 1263,2800 1310,2801 1357,2802 1404,2804"/>
                <TextEquiv>
                    <Unicode>führt, das seinen Kramladen instand halten und</Unicode>
                </TextEquiv>
            </TextLine>
            <TextLine id="r1l102" custom="readingOrder {index:101;}">
                <Coords points="1417,2812 2142,2811 2383,2846 2380,2777 1418,2758"/>
                <Baseline points="1434,2802 1480,2804 1527,2805 1573,2807 1620,2808 1667,2809 1713,2810 1760,2811 1806,2812 1853,2812 1900,2813 1946,2813 1993,2814 2039,2814 2086,2814 2133,2814 2179,2815 2226,2815 2272,2815 2319,2815 2366,2815"/>
                <TextEquiv>
                    <Unicode>denn Morold, der Textdichter, jetzt wieder als</Unicode>
                </TextEquiv>
            </TextLine>
            <TextLine id="r1l103" custom="readingOrder {index:102;}">
                <Coords points="2378,2812 3359,2812 3355,2772 2378,2773"/>
                <Baseline points="2397,2816 2444,2816 2491,2815 2538,2815 2586,2815 2633,2815 2680,2815 2727,2816 2775,2816 2822,2817 2869,2817 2916,2818 2964,2819 3011,2819 3058,2820 3105,2821 3153,2822 3200,2823 3247,2823 3294,2824 3342,2824"/>
                <TextEquiv>
                    <Unicode>Organ, in einem Salonblatt mit Bildern, in einem</Unicode>
                </TextEquiv>
            </TextLine>
            <TextLine id="r1l104" custom="readingOrder {index:103;}">
                <Coords points="448,2842 1417,2862 1418,2819 448,2795"/>
                <Baseline points="464,2837 510,2838 557,2838 604,2839 651,2839 698,2840 744,2840 791,2841 838,2841 885,2842 932,2842 978,2843 1025,2843 1072,2843 1119,2844 1166,2844 1212,2845 1259,2845 1306,2846 1353,2846 1400,2847"/>
                <TextEquiv>
                    <Unicode>ihm außerdem ein paar Kinder schenken wird,</Unicode>
                </TextEquiv>
            </TextLine>
            <TextLine id="r1l105" custom="readingOrder {index:104;}">
                <Coords points="1418,2860 2262,2871 2316,2857 2317,2821 1419,2806"/>
                <Baseline points="1437,2845 1480,2846 1523,2847 1566,2848 1609,2849 1652,2849 1695,2851 1738,2851 1781,2852 1824,2853 1867,2854 1910,2854 1953,2855 1996,2855 2039,2856 2082,2856 2125,2856 2168,2856 2211,2856 2254,2856 2298,2855"/>
                <TextEquiv>
                    <Unicode>Burgtheaterdirektor Millenkowitsch das Wort.</Unicode>
                </TextEquiv>
            </TextLine>
            <TextLine id="r1l106" custom="readingOrder {index:105;}">
                <Coords points="2392,2866 3358,2889 3358,2813 2392,2819"/>
                <Baseline points="2408,2855 2454,2855 2501,2856 2547,2857 2594,2857 2640,2858 2687,2859 2733,2859 2780,2860 2826,2861 2873,2861 2920,2862 2966,2862 3013,2863 3059,2863 3106,2864 3152,2864 3199,2865 3245,2865 3292,2865 3339,2866"/>
                <TextEquiv>
                    <Unicode>fürschtlichen Palais und bei einem Pistolenduell</Unicode>
                </TextEquiv>
            </TextLine>
            <TextLine id="r1l107" custom="readingOrder {index:106;}">
                <Coords points="448,2886 1414,2902 1436,2848 448,2839"/>
                <Baseline points="465,2880 512,2881 560,2882 607,2882 655,2883 702,2883 750,2884 797,2884 845,2884 892,2884 940,2885 988,2885 1035,2885 1083,2885 1130,2885 1178,2885 1225,2885 1273,2885 1320,2885 1368,2886 1416,2886"/>
                <TextEquiv>
                    <Unicode>während sie selbst in einen schlecht überbrückten</Unicode>
                </TextEquiv>
            </TextLine>
            <TextLine id="r1l108" custom="readingOrder {index:107;}">
                <Coords points="1458,2885 1836,2918 2388,2906 2389,2848 2349,2844 2262,2869 1459,2853"/>
                <Baseline points="1476,2888 1520,2889 1565,2890 1610,2891 1654,2892 1699,2893 1744,2894 1788,2895 1833,2895 1878,2896 1923,2897 1967,2898 2012,2898 2057,2898 2101,2898 2146,2898 2191,2898 2235,2898 2280,2898 2325,2897 2370,2896"/>
                <TextEquiv>
                    <Unicode>An dem neuesten Stück von Arthur Schnitz¬</Unicode>
                </TextEquiv>
            </TextLine>
            <TextLine id="r1l109" custom="readingOrder {index:108;}">
                <Coords points="2383,2903 3349,2912 3328,2868 2383,2856"/>
                <Baseline points="2400,2897 2446,2898 2493,2899 2539,2900 2586,2900 2633,2901 2679,2901 2726,2901 2772,2902 2819,2902 2866,2903 2912,2903 2959,2903 3005,2904 3052,2905 3099,2905 3145,2906 3192,2907 3238,2909 3285,2910 3332,2911"/>
                <TextEquiv>
                    <Unicode>zwischen feinen Leuten hergehen mag. Man kann</Unicode>
                </TextEquiv>
            </TextLine>
            <TextLine id="r1l110" custom="readingOrder {index:109;}">
                <Coords points="441,2941 1418,2943 1408,2888 441,2890"/>
                <Baseline points="459,2924 506,2924 553,2924 600,2925 647,2925 694,2925 741,2926 788,2926 835,2926 882,2927 930,2927 977,2927 1024,2927 1071,2928 1118,2928 1165,2928 1212,2928 1259,2928 1306,2929 1353,2929 1401,2929"/>
                <TextEquiv>
                    <Unicode>Mühlbach geht. Mir ist der Sinn dieser Mathe¬</Unicode>
                </TextEquiv>
            </TextLine>
            <TextLine id="r1l111" custom="readingOrder {index:110;}">
                <Coords points="1422,2941 2388,2939 2388,2907 1494,2898 1422,2869"/>
                <Baseline points="1438,2932 1484,2933 1531,2934 1577,2935 1624,2936 1670,2937 1717,2938 1763,2939 1810,2939 1856,2940 1903,2940 1950,2941 1996,2941 2043,2941 2089,2941 2136,2942 2182,2942 2229,2941 2275,2941 2322,2941 2369,2940"/>
                <TextEquiv>
                    <Unicode>ler, der Komödie „Fink und Flieder¬</Unicode>
                </TextEquiv>
            </TextLine>
            <TextLine id="r1l112" custom="readingOrder {index:111;}">
                <Coords points="2384,2949 3361,2971 3362,2920 3275,2912 2385,2898"/>
                <Baseline points="2404,2937 2450,2939 2497,2941 2544,2942 2591,2943 2638,2944 2685,2945 2732,2946 2779,2946 2826,2946 2873,2946 2919,2947 2966,2947 3013,2947 3060,2947 3107,2948 3154,2948 3201,2949 3248,2950 3295,2951 3342,2953"/>
                <TextEquiv>
                    <Unicode>sich das alles, alles natürlich auch anders denken,</Unicode>
                </TextEquiv>
            </TextLine>
            <TextLine id="r1l113" custom="readingOrder {index:112;}">
                <Coords points="447,2981 1421,2988 1411,2933 448,2923"/>
                <Baseline points="465,2967 511,2966 558,2966 605,2965 652,2965 699,2966 746,2966 792,2967 839,2968 886,2969 933,2970 980,2971 1027,2972 1074,2973 1120,2974 1167,2975 1214,2975 1261,2976 1308,2976 1355,2976 1402,2975"/>
                <TextEquiv>
                    <Unicode>matik im Dialekt noch immer nicht aufgegangen;</Unicode>
                </TextEquiv>
            </TextLine>
            <TextLine id="r1l114" custom="readingOrder {index:113;}">
                <Coords points="1412,2994 2357,3000 2393,2993 2393,2932 1412,2936"/>
                <Baseline points="1432,2976 1479,2976 1526,2977 1573,2977 1620,2978 1668,2979 1715,2980 1762,2980 1809,2981 1856,2982 1904,2982 1951,2983 1998,2983 2045,2983 2092,2983 2140,2983 2187,2983 2234,2982 2281,2982 2328,2980 2376,2979"/>
                <TextEquiv>
                    <Unicode>busch“, die am 16. Nöbemder zum erstenmurge¬</Unicode>
                </TextEquiv>
            </TextLine>
            <TextLine id="r1l115" custom="readingOrder {index:114;}">
                <Coords points="2373,2991 3292,3000 3292,2964 3188,2948 2373,2936"/>
                <Baseline points="2390,2977 2434,2979 2478,2981 2522,2982 2566,2984 2611,2985 2655,2985 2699,2986 2743,2987 2787,2988 2832,2989 2876,2989 2920,2990 2964,2990 3008,2990 3053,2990 3097,2991 3141,2991 3185,2991 3229,2991 3274,2991"/>
                <TextEquiv>
                    <Unicode>besonders, wenn der Verfasser Schnitzler heißt.</Unicode>
                </TextEquiv>
            </TextLine>
            <TextLine id="r1l116" custom="readingOrder {index:115;}">
                <Coords points="440,3005 1413,3038 1414,2962 441,2969"/>
                <Baseline points="457,3010 506,3009 555,3009 605,3008 654,3009 704,3009 753,3009 802,3010 852,3011 901,3012 951,3013 1000,3014 1050,3015 1099,3016 1148,3017 1198,3017 1247,3017 1297,3017 1346,3017 1396,3016"/>
                <TextEquiv>
                    <Unicode>aber ich will gerne bestätigen, daß Frau Bleib¬</Unicode>
                </TextEquiv>
            </TextLine>
            <TextLine id="r1l117" custom="readingOrder {index:116;}">
                <Coords points="1422,3030 2280,3030 2385,3056 2385,2991 1422,2987"/>
                <Baseline points="1440,3025 1486,3024 1532,3024 1579,3024 1625,3024 1672,3024 1718,3024 1764,3025 1811,3025 1857,3026 1904,3026 1950,3027 1996,3027 2043,3027 2089,3028 2136,3028 2182,3027 2228,3027 2275,3027 2321,3026 2368,3025"/>
                <TextEquiv>
                    <Unicode>geben wurde, mußte der Burgtheaterdirektor vor¬</Unicode>
                </TextEquiv>
            </TextLine>
            <TextLine id="r1l118" custom="readingOrder {index:117;}">
                <Coords points="2425,3026 2954,3065 2998,3041 3355,3041 3326,2991 2425,3001"/>
                <Baseline points="2444,3027 2488,3029 2533,3031 2578,3032 2622,3034 2667,3035 2712,3035 2756,3036 2801,3037 2846,3037 2891,3037 2935,3037 2980,3038 3025,3038 3069,3038 3114,3039 3159,3039 3203,3039 3248,3040 3293,3041 3338,3042"/>
                <TextEquiv>
                    <Unicode>Und die Kritik, die geschriebene und gesprochene</Unicode>
                </TextEquiv>
            </TextLine>
            <TextLine id="r1l119" custom="readingOrder {index:118;}">
                <Coords points="441,3070 658,3051 1011,3066 1058,3045 1059,3016 442,3009"/>
                <Baseline points="460,3051 490,3052 520,3052 551,3052 581,3053 612,3053 642,3053 673,3053 703,3053 734,3053 764,3054 795,3054 825,3054 856,3055 886,3055 917,3056 947,3057 978,3058 1008,3059 1039,3060"/>
                <TextEquiv>
                    <Unicode>treu ganz vortrefflich spielte.</Unicode>
                </TextEquiv>
            </TextLine>
            <TextLine id="r1l120" custom="readingOrder {index:119;}">
                <Coords points="1406,3074 2206,3092 2379,3083 2380,3040 1406,3020"/>
                <Baseline points="1424,3062 1470,3063 1517,3063 1564,3064 1611,3065 1658,3066 1705,3067 1752,3067 1799,3068 1846,3069 1893,3069 1939,3070 1986,3070 2033,3071 2080,3071 2127,3071 2174,3071 2221,3071 2268,3070 2315,3070 2362,3069"/>
                <TextEquiv>
                    <Unicode>übergehen. Sie ist zu sehr journalistisch=politisch,</Unicode>
                </TextEquiv>
            </TextLine>
            <TextLine id="r1l121" custom="readingOrder {index:120;}">
                <Coords points="2376,3082 3364,3101 3365,3044 3329,3039 2377,3042"/>
                <Baseline points="2396,3072 2443,3073 2491,3074 2538,3075 2586,3075 2633,3076 2681,3077 2728,3078 2776,3078 2823,3079 2871,3080 2919,3081 2966,3081 3014,3082 3061,3083 3109,3084 3156,3085 3204,3085 3251,3086 3299,3087 3347,3088"/>
                <TextEquiv>
                    <Unicode>Kritik dieses Stückes? Nun, Schnitzler wurde</Unicode>
                </TextEquiv>
            </TextLine>
            <TextLine id="r1l122" custom="readingOrder {index:121;}">
                <Coords points="492,3096 1422,3119 1423,3065 1276,3038 493,3060"/>
                <Baseline points="509,3091 553,3093 598,3094 643,3095 688,3096 733,3097 777,3098 822,3098 867,3099 912,3099 957,3099 1001,3100 1046,3100 1091,3101 1136,3101 1181,3101 1225,3102 1270,3103 1315,3104 1360,3105 1405,3106"/>
                <TextEquiv>
                    <Unicode>Der Direktor des Burgtheaters zeigte sich in¬</Unicode>
                </TextEquiv>
            </TextLine>
            <TextLine id="r1l123" custom="readingOrder {index:122;}">
                <Coords points="1416,3112 2382,3120 2382,3081 2303,3076 1416,3069"/>
                <Baseline points="1435,3107 1481,3107 1528,3107 1574,3107 1621,3107 1667,3107 1714,3107 1760,3108 1807,3108 1853,3109 1900,3109 1946,3109 1993,3110 2039,3110 2086,3111 2132,3112 2179,3112 2225,3113 2272,3113 2318,3113 2365,3114"/>
                <TextEquiv>
                    <Unicode>als daß sie im Burgtheater aufgeführt werden</Unicode>
                </TextEquiv>
            </TextLine>
            <TextLine id="r1l124" custom="readingOrder {index:123;}">
                <Coords points="2389,3122 3218,3142 3359,3122 3360,3083 2390,3078"/>
                <Baseline points="2406,3117 2452,3118 2499,3119 2546,3120 2593,3120 2639,3121 2686,3122 2733,3122 2780,3122 2826,3123 2873,3123 2920,3124 2967,3124 3013,3125 3060,3125 3107,3126 3154,3126 3200,3127 3247,3128 3294,3129 3341,3130"/>
                <TextEquiv>
                    <Unicode>tadelnd begönnert. Er ist schon der Gegenpol der</Unicode>
                </TextEquiv>
            </TextLine>
            <TextLine id="r1l125" custom="readingOrder {index:124;}">
                <Coords points="434,3132 1007,3137 1035,3163 1108,3138 1161,3168 1418,3150 1418,3114 1199,3089 434,3078"/>
                <Baseline points="451,3136 498,3136 545,3136 593,3136 640,3136 688,3137 735,3137 782,3138 830,3139 877,3139 925,3140 972,3141 1019,3142 1067,3142 1114,3143 1162,3144 1209,3145 1256,3146 1304,3147 1351,3148 1399,3149"/>
                <TextEquiv>
                    <Unicode>dessen dem Publikum — der Volksoper als</Unicode>
                </TextEquiv>
            </TextLine>
            <TextLine id="r1l126" custom="readingOrder {index:125;}">
                <Coords points="1405,3151 2307,3170 2386,3160 2387,3113 1406,3108"/>
                <Baseline points="1424,3146 1471,3147 1518,3148 1565,3149 1612,3150 1660,3151 1707,3152 1754,3153 1801,3154 1848,3154 1896,3155 1943,3156 1990,3156 2037,3157 2084,3157 2132,3157 2179,3158 2226,3158 2273,3158 2320,3157 2368,3157"/>
                <TextEquiv>
                    <Unicode>könnte, wenn sie auch gewiß niemand weh tun will</Unicode>
                </TextEquiv>
            </TextLine>
            <TextLine id="r1l127" custom="readingOrder {index:126;}">
                <Coords points="2387,3172 3357,3165 3357,3121 2388,3125"/>
                <Baseline points="2405,3162 2451,3161 2498,3161 2545,3161 2592,3162 2638,3162 2685,3163 2732,3164 2779,3164 2825,3165 2872,3166 2919,3167 2966,3168 3012,3169 3059,3170 3106,3171 3153,3171 3199,3172 3246,3172 3293,3172 3340,3171"/>
                <TextEquiv>
                    <Unicode>jüngsten Jugend — soviel ist gewiß. Und diese</Unicode>
                </TextEquiv>
            </TextLine>
            <TextLine id="r1l128" custom="readingOrder {index:127;}">
                <Coords points="440,3184 1425,3186 1425,3150 1317,3144 441,3144"/>
                <Baseline points="457,3180 504,3179 551,3178 599,3178 646,3178 694,3178 741,3179 788,3179 836,3180 883,3181 931,3182 978,3183 1025,3184 1073,3185 1120,3186 1168,3187 1215,3189 1262,3190 1310,3191 1357,3192 1405,3192"/>
                <TextEquiv>
                    <Unicode>Textdichter. Sein Vorwurf wird Schweizern</Unicode>
                </TextEquiv>
            </TextLine>
            <TextLine id="r1l129" custom="readingOrder {index:128;}">
                <Coords points="1405,3193 2378,3206 2364,3162 1405,3146"/>
                <Baseline points="1424,3188 1470,3191 1517,3192 1564,3194 1611,3195 1657,3196 1704,3197 1751,3198 1798,3198 1844,3198 1891,3198 1938,3198 1985,3198 2031,3198 2078,3198 2125,3198 2172,3199 2218,3199 2265,3200 2312,3201 2359,3202"/>
                <TextEquiv>
                    <Unicode>und auch nicht wehe tut. Schnitzler ist ein viel zu</Unicode>
                </TextEquiv>
            </TextLine>
            <TextLine id="r1l130" custom="readingOrder {index:129;}">
                <Coords points="2386,3213 3349,3214 3349,3167 2387,3170"/>
                <Baseline points="2406,3205 2452,3205 2498,3205 2544,3206 2590,3206 2637,3206 2683,3207 2729,3207 2775,3207 2821,3208 2868,3208 2914,3208 2960,3208 3006,3209 3052,3209 3099,3210 3145,3210 3191,3211 3237,3211 3283,3212 3330,3213"/>
                <TextEquiv>
                    <Unicode>Jugend meldet sich, sogar auf der Bühne. Ein</Unicode>
                </TextEquiv>
            </TextLine>
            <TextLine id="r1l131" custom="readingOrder {index:130;}">
                <Coords points="438,3239 2384,3262 2385,3204 438,3181"/>
                <Baseline points="456,3221 551,3224 647,3225 742,3227 838,3229 934,3231 1029,3232 1125,3233 1220,3235 1316,3236 1412,3237 1507,3238 1603,3239 1698,3240 1794,3241 1890,3241 1985,3242 2081,3243 2176,3244 2272,3244 2368,3245"/>
                <TextEquiv>
                    <Unicode>besonders nahe gehen: er hat den Stoff des „Tell“j großer Künstler, als daß er den Schwank des</Unicode>
                </TextEquiv>
            </TextLine>
            <TextLine id="r1l132" custom="readingOrder {index:131;}">
                <Coords points="2378,3254 3359,3262 3348,3207 2379,3214"/>
                <Baseline points="2396,3249 2443,3249 2490,3250 2537,3250 2585,3251 2632,3251 2679,3251 2726,3252 2774,3252 2821,3252 2868,3253 2915,3253 2963,3253 3010,3254 3057,3254 3104,3255 3152,3256 3199,3258 3246,3259 3293,3260 3341,3262"/>
                <TextEquiv>
                    <Unicode>Zyklus „Die Neue Generation“ wurde auch hier,</Unicode>
                </TextEquiv>
            </TextLine>
            <TextLine id="r1l133" custom="readingOrder {index:132;}">
                <Coords points="440,3293 3360,3332 3361,3259 441,3236"/>
                <Baseline points="458,3271 602,3272 746,3273 890,3274 1034,3275 1178,3277 1322,3279 1467,3281 1611,3283 1755,3285 1899,3287 2043,3289 2187,3291 2331,3293 2476,3295 2620,3296 2764,3298 2908,3299 3052,3300 3196,3300 3341,3301"/>
                <TextEquiv>
                    <Unicode>zu einer Oper für Joseph Reiter zurechtgemacht.] Wiener Journalismus und der Journalisten= wie in Frankfurt und München. angekündiat. und</Unicode>
                </TextEquiv>
            </TextLine>
            <TextEquiv>
                <Unicode>box 33/1
27. Einkund Friederbusch
: Neue Zürcher Zeitung
er Zürich
3. DE21917
——
1 4 —
DA

R
„Der Tell“ heißt die Oper, und ist des Kom= politik der letzten Vorkriegszeit schreiben wollte,
Feuilleton.
ponisten hundertstes Werk (Klavierauszug bei
und ist ein viel zu gescheiter und vornehmer
Hug). Seine erste Oper „Der Bundschuh“, Worte Mensch, als daß er es mit einer Satire versuchen
gleichfalls von Morold=Millenkowitsch, kam unter
Wiener Kunst.
würde, die aus guten Gründen gleich im Anfang

Mahler an das Hosoperntheater; Millenkowitsch hat
stecken bleiben müßte. Diese anständige Schwank¬
Von Paul Stefan.
als Musikkritiker Wagnerschen Glaubens seither die
fremdheit macht es Schnitzler schwer. Was hätte
Die Ereignisse der Schweizer Musikwoche hat
Gläubigen in Wort und Schrift für Reiter zu ge¬
aus dem talentvollen Schmöckchen Fliederbusch,
ein Bericht verzögert, der sich nun bemühen muß,
winnen gesucht. Ein „Joseph Reiter=Bund“ wirkt
das in dem famosen „demokratischen Organ“ nach
die gewohnten Maße nicht zu sprengen: so sehr
für den bescheidenen Meister; Vorsitzender des
links und zu gleicher Zeit als Fink in einem kon¬
viel Anregendes oder auch nur Aufrekzendes hätte
Bundes ist abermals Morold=Millenkowitsch. Sein
servativen nach rechts schreibt, Fink gegen Flieder¬
er
zusammerkzufassen. Gemach! Das Burg¬
„Tell“ nun beruft sich auf die alten Spiele der
husch, Fliederbusch gegen Fink, sonst alles werden
theater —deyn auch von ihm ist zu sprechen —
Schweiz. Aber ich glaube, daß diese Spiele nur
können! So aber kommt es nur zu einem Duell,
das Burgthekte erfreute sich in dieser Zeit zweier
noch in der Schweiz und für Schweizer schaffens¬
das Fink mit Fliederbusch ausfechten muß, und
Premieren. Eine war „Die verlorene Toch¬
lebendig sind. Woher diese ihre Kraft dort heute
die herbeiströmenden Chefredakteure der beiden
ter“ von Ludwig Fulda. Damit ist alles ge¬
noch rührt, das hat Gottfried Keller so schön ge¬
Blätter reißen sich um den smarten Kerl, der das
sagt, und dies um so mehr, als das Stück in
zeigt. Von außen aber tritt Morold an seine
zuwege gebracht hat. Fliederbusch erreicht vom
Berlin längst aufgeführt worden ist. Das Be¬
Quelle heran. Und so gelingt ihm nur eine Nach¬
Fleck weg eine gewaltige Gage. Aber ein dritter,
hagen des erbeingesessenen und erbeingefühlten
ahmung des alten Spiels und seiner Formen.
ein aristokratischer Sportliebhaber und Zeitungs¬
Publikums war groß; die neue Zeit hatte sowit
Tell ist ein braver, nicht sehr bedeutender Mann,
gründer ersteht den Mann, der es so gut verstan¬
richtig begonnen. Erbschaft der alten, sagt man
und ist der Mann seiner Frau. Frau Tell und
den hat, gar keine Ueberzeugung zu haben. Ein
im Burgtheater; und aus der Erbschaft kommt
Geßler, dieser, hal, ein dämonischer Verführer, sie
üppiges Frühstück versöhnt alle Streiter von rechts
auch die neueste Gabe, „Frau Suitner“ ein
sind die eigentlichen Helden eines Spiels mit
und von links. (Und das Stück ist vor dem Krieg
Schauspiel von Karl Schönherr, als Buch
Apfelschuß, Musik und Alpenglühen. Und auch ein
geschrieben!)
übrigens schon vor einiger Zeit veröffentlicht.
Regenbogen wölbt sich einher, über den die Götter
Man lachte an diesem Abend, und man lachte
Wiederum steht es jedermann frei, die dramatische
nach Walhall — nein, nur die Musik macht es
billig. Aber gerade wer von Schnitzler ein Thea¬
Technik und Oekonomie des Tirolers zu bewun¬
einen glauben. Denn auch sie glaubt an Wagner
terstück und nicht Lösungen und Erlösungen er¬
dern. Denn zwei brave und tüchtige Eheleute
wie an den Viervierteltakt. Dabei gelingt ihr
wartet hat, wird nicht allzu bitter enttäuscht sein.
sind, wie einem immer wieder zum Bewußtsein
auch Hübsches und Gefälliges, gelingt ihr selbst
Das Theaterstück wird am Deutschen Volkstheater
gebracht wird, kinderlos, und auch nicht zu ver¬
Eindrucksvolles, aber es reicht an den Stoff nicht
teils schlecht und teils recht gespielt und das
kennen ist es, daß die Frau Suitner Wandel
heran. Schlimm, daß man an Rossini denken muß,
Publikum wird sich kaum daran hindern lassen,
schaffen will und ihrem Mann das Mädchen zu¬
wo man nicht an Schiller denken sollte. So habe
nachzusehen, wie es etwa in einem demokratischen
führt, das seinen Kramladen instand halten und
denn Morold, der Textdichter, jetzt wieder als
Organ, in einem Salonblatt mit Bildern, in einem
ihm außerdem ein paar Kinder schenken wird,
Burgtheaterdirektor Millenkowitsch das Wort.
fürschtlichen Palais und bei einem Pistolenduell
während sie selbst in einen schlecht überbrückten
An dem neuesten Stück von Arthur Schnitz¬
zwischen feinen Leuten hergehen mag. Man kann
Mühlbach geht. Mir ist der Sinn dieser Mathe¬
ler, der Komödie „Fink und Flieder¬
sich das alles, alles natürlich auch anders denken,
matik im Dialekt noch immer nicht aufgegangen;
busch“, die am 16. Nöbemder zum erstenmurge¬
besonders, wenn der Verfasser Schnitzler heißt.
aber ich will gerne bestätigen, daß Frau Bleib¬
geben wurde, mußte der Burgtheaterdirektor vor¬
Und die Kritik, die geschriebene und gesprochene
treu ganz vortrefflich spielte.
übergehen. Sie ist zu sehr journalistisch=politisch,
Kritik dieses Stückes? Nun, Schnitzler wurde
Der Direktor des Burgtheaters zeigte sich in¬
als daß sie im Burgtheater aufgeführt werden
tadelnd begönnert. Er ist schon der Gegenpol der
dessen dem Publikum — der Volksoper als
könnte, wenn sie auch gewiß niemand weh tun will
jüngsten Jugend — soviel ist gewiß. Und diese
Textdichter. Sein Vorwurf wird Schweizern
und auch nicht wehe tut. Schnitzler ist ein viel zu
Jugend meldet sich, sogar auf der Bühne. Ein
besonders nahe gehen: er hat den Stoff des „Tell“j großer Künstler, als daß er den Schwank des
Zyklus „Die Neue Generation“ wurde auch hier,
zu einer Oper für Joseph Reiter zurechtgemacht.] Wiener Journalismus und der Journalisten= wie in Frankfurt und München. angekündiat. und</Unicode>
            </TextEquiv>
        </TextRegion>
    </Page>
</PcGts>
