3392 4352
311 196 1624 298 37. EinkPliederbusch
1305 388 1514 480 scDtt 1317
841 494 1471 580 Bresieuer Zeitung
587 561 1497 746 Thik merniner cheaten. X
479 741 1687 794 Schmock ist überschmockt worden: es ist jedoch fraglich,
425 783 1745 842 Finkund Fliederbusch als Type ebenso bekannt werden
428 832 1746 879 wird, wie der harmlose rührende Schmock, der schreiben kann
420 862 1747 918 rechts und links. Auch Fliederbusch kann das, und Fink kann es
428 895 1744 951 auch. Aber es ist doch ein recht sonderbares Paar. Wenn Fink
434 934 1751 993 sich wäscht, wäscht sich auch Fliederbusch; und wenn Fliederbusch
438 971 1745 1036 schlafen geht, legt sich auch Fink ins Bett, und dieselbe Wanze
431 1012 1746 1063 beißt beide zugleich. Es ist nämlich ein und dieselbe Person,
429 1065 1751 1108 die Artur Schnitzler in seine Komödie eingefangen hat. Der
434 1112 1751 1148 junge frische Bursche schreibt als Fliederbusch für die demo¬
439 1127 1731 1193 krutische „Gegenwart“, als Fink für die fendale „Elegante Welt“.
438 1164 1751 1228 (aus der im Lessina=Theater die „Elegante Zeil“ gemacht
437 1221 1752 1262 wurdel, das ist nicht schön, aber noch begreiflich. Aber Flieder¬
437 1242 1747 1308 busch schreibt in der Gegenwart einen geharnischten Artikel gegen
437 1275 1749 1346 seine eigenen Ausführungen im anderen Blatt, in denen er für
429 1330 1755 1388 den reaktionären Grafen und Abgeordneten Niederhof eingetreten
439 1359 1764 1419 war. Dieser will die „Elegante Welt“ für die Partei ankaufen,
440 1403 1753 1456 und Fink soll die Hauptkraft werden, und in einem progam¬
1576 1438 1752 1488 kommt
436 1449 1579 1492 matischen Artikel dem frechen Gegner antworten. Es
438 1476 1751 1540 anders. Er muß Fliedeebusch auf Pistolen fordern. Wenn Fink
436 1516 1752 1580 auch alles kann, was Fliederbusch kann; eines können beide nicht,
444 1569 1759 1618 sich gegenseitig zum Duell aufstellen. Und so kommt in einer
436 1598 1761 1664 grotesken Duellszene der Schwindel an den Tag. Ist der junge
442 1638 1756 1691 Bursch nun unmöglich? Nein, die beiden Chefredakteure über¬
439 1667 1751 1729 bieten sich wie auf einer Anktion, um dieses Talent für sich zu ge¬
445 1731 1763 1776 winnen, und der vorurteilslose Graf ladet alle zum Frühstück
437 1750 1760 1818 ein. Eine Satire? Gegen wen? Fink ist nicht nur eine Aus¬
438 1788 1753 1845 nahmeerscheinung, sondern auch ein psychologisches Problem. Er
441 1829 1755 1887 ist kein Schwindler, kein Halunke. Er vergewaltig seine Ueber¬
1213 1869 1757 1925 Er ist amoralisch wie die
438 1896 1185 1931 zeugung nicht; denn er hat keine.
450 1908 1757 1977 Blume und wie die Distel. Amoralisch ist auch der Graf, dem
453 1951 1767 2005 alles, Pferde, Weiber, Politik nur Sport ist. Darum wirkt das
446 1980 1761 2039 Gesbräch zwischen diesen beiden im fürstlichen Park, das voll
1636 2021 1768 2072 und
448 2045 1633 2091 Melancholie und resiankerendem Humor sein könnte
444 2064 1761 2123 den Höhepunkt des Schnitzlerschen Spiels bildet, so schief. Sie
453 2094 1765 2166 philosophieren und streiten über Ueberzeugung und Gesinnung,
443 2140 1755 2206 als wenn zwei Verwachsene auf der Bühne heroische Arien singen
453 2189 1771 2249 sollten. Fink folgt jedem Lustdruck wie ein Baromeier, aber ist.
454 2225 1761 2276 ohne innere Wärme. Wäre er ein Vulkan, so verstände man es,
458 2262 1765 2323 daß er in der Wallung des Augenblickes Lava über das eigene¬
820 2299 1767 2352 Eine Komödie? Zu gran und neblig; zu
459 2313 821 2369 Haus spiee. —
920 2332 1770 2394 Für eine Groteske zu breit und gegen¬
457 2347 907 2400 resignierend ironisch.
450 2370 1758 2443 ständlich, zu getreu gezeichnet, die „Identität der Gegensätze“ auf
457 2415 1768 2480 der Bühne plastisch zu gestalten, ist dem Dichter nicht gelungen,
449 2448 1768 2508 ist vielleicht nicht möglich. Das Problem ist falsch gestellt. Die
446 2489 1764 2556 Aufführung der ziemlich gestrichenen Komödie unter Barnowsky
452 2538 1768 2594 verwischte die feinen zarten Farben des Wieners und setzte dafür
460 2572 1769 2638 scharse Lichter auf, zum Schaden des Grundgewebes. Gegen den
451 2619 1755 2680 Beifall kämpfte Zischen. Es gab am Schluß eine kleine Schlacht.
1286 2651 1773 2731 Jakob Schereß
618 2869 1582 2999 Zeitung: Bauerische Staatszeitung
633 3003 1576 3114 Adresse: München
636 3149 847 3226 Datum:
1090 3162 1496 3273 1 9 5 1210—
590 3269 1721 3305 * Schnitzlers „Fink und Fliederbusch“ im Berliner Lessingtheater.
517 3288 1726 3353 Zur. Berliner Erstan#ur Schnip#ers „Fink
515 3334 1726 3392 uns Fläederbusch“ wird uns aus Berlin geyeldet: Die neue
524 3372 1713 3430 Jantnälkstenkomödie von Schnitzler ging am Frestag im Lessing¬
519 3403 1723 3468 theater hit stark bestrittenem Erfolg über die Aühne. Was uns
523 3448 1720 3506 Schnitzler mit seiner neuen Dichtung bietet, ist die bittere Hefe, ein¬
520 3506 1722 3549 gehüllt in eine gewaltsame Lustigkeit, in die män nicht einstimmen
514 3536 1714 3576 kann. Der plumpe Zynismus am Schlusse des Stückes, dessen In¬
518 3558 1712 3619 halt wir schon gelegentlich der Wiener Uraufführung ausführlich
526 3598 1712 3657 wiedergegeben haben, verstimmte stark. Trotz der vielen, die sich
517 3634 1725 3696 dennoch zu amüsieren schienen, dürfte dem Stücke nur ein kurzes
525 3682 1724 3740 Leben beschieden sein. Die Darstellung erreichte nicht die an dieser
526 3713 1727 3766 Stelle gewohnte Höhe. Die vielen Plumpheiten der Nebenfiguren
530 3760 1728 3812 wurden unterstrichen, statt gemildert, und Bassermann hat zu
521 3793 1729 3852 oft die Maske des Grüblers mit der gebrochenen Seele getragen, als
494 3903 1711 3975 daß er in der Rolle des draufgängerischen Frechdachses heimisch
505 3946 1703 4014 werden konnte. Fein ausgearbeitet war dagegen Ferdinand
509 3981 1705 4056 Bonns Graf Niederhof und Ilka Grünings galante Fürstin.
1736 187 2222 269 box 3373
2148 463 3000 567 Zeitung: Breslauer Zeitung
2500 535 2881 600 Morgen-Ausgabe
2149 580 2662 677 Auresse: Breslau
3042 512 3257 698 7
2687 627 3054 727 4o. D2.1917
2152 703 2377 773 Datum:
2351 786 2928 899 Beriner Cheater.
2023 893 3277 963 Schmock ist überschmockt worden; es ist jedoch fraglich, ob
1972 908 3276 994 Finl und Fliederbusch als Type ebenso hekannt werden
1977 963 3275 1037 wird wi der harmlse rührende Schmock, des schreiben kann
1969 1010 3281 1076 rechts undelirks. Auch Fliederbusch kann das, und Fink kann es
1969 1046 3287 1097 auch.Aber es ist doch ein recht sonderbures Paar. Wenn Fink¬
1970 1097 3287 1153 sich wicht, wäscht sich auch Fliederbusch; undbenn Fliederbusch
1977 1118 3298 1189 schlafen geht, legt sich auch Fink ins Bett, und dieselbe Wanzes
1977 1156 2397 1213 beißt beide zugleich.
2394 1173 3291 1229 Es ist nämlich ein und dieselbe Person,
1976 1199 3294 1265 die Artur Schnitzlerein seine Komödie eingefangen hat. Der##
1969 1239 3283 1305 junge frische Bursche schreibt als Fliederbusch für die demo¬
1976 1281 3256 1322 kratische „Gegenwart“, als Fink für die feudale „Elegante Welt“
1979 1312 3290 1385 (aus der im Lessina=Theater die „Elegante Zeit“ gemacht
1975 1356 3286 1405 wurde), das ist nicht schön, aber noch begreiflich. Aber Flieder¬
1978 1394 3277 1463 busch schreibt in der Gegenwart einen geharnischten Artikel gegen
1983 1432 3282 1494 seine eigenen Ausführungen im anderen Blatt, in denen er für
1966 1462 3285 1536 den reaktionären Grafen und Abgeordneten Niederhof eingetreten
1971 1511 3289 1588 war. Dieser will die „Elegante Welt“ für die Partei aukaufen,
1964 1565 3277 1614 und Fink soll die Hauptkraft werden, und in einem progam¬
1972 1592 2985 1651 matischen Artikel dem frechen ##gner antworten.
2983 1602 3279 1655 Es kommt
1969 1622 3284 1673 anders. Er muß Fliedeebusch auf Pistolen fordern. Wenn Fink
1964 1680 3294 1738 auch alles kann, was Fliederbusch kann; eines können beide nicht,
1960 1712 3281 1763 sich gegenseitig zum Duell aufstellen. Und so kommt in einer
1958 1744 3276 1794 grotesken Duellszene der Schwindel an den Tag. Ist der junge
1955 1791 3286 1833 Bursch nun unmöglich? Nein, die beiden Chefredakteure über¬
1966 1826 3271 1891 bieten sich wie auf einer Anktion, um dieses. Talent für sich zu ge¬
1964 1860 3277 1923 winnen, und der vorurteilslose Graf ladet alle zum Frühstück
1961 1905 3281 1967 ein. Eine Satire? Gegen wen? Fink ist nicht nur eine Aus¬
1962 1940 3270 1991 nahmeerscheinung, sondern auch ein psychologisches Problem. Er
1964 1980 3276 2045 ist tein Schwindler, kein Halunke. Er vergewaltigt seine Ueber¬
1959 2026 2697 2080 zeugung nicht; denn er hat keine.
2732 2024 3272 2083 Er ist amoralisch wie die
1956 2058 3274 2114 Vlume und wie die Distel. Amoralisch ist auch der Graf, dem
1954 2107 3277 2155 #l#es, Pferde, Weiber, Politik nur Sport ist. Darum wirkt das
1959 2140 3273 2207 Gespräch zwischen diesen beiden im fürstlichen Park, das voll
1953 2181 3267 2234 Melancholie und resignierendem Humor sein könnte und
1962 2219 3275 2282 den Höhepunkt des Schnitzlerschen Spiels bildet, so schief. Sie
1952 2259 3268 2301 philosophieren und streiten über Ueberzeugung und Gesinnung
1952 2293 3272 2359 als weim zwei Verwachsene auf der Bühne heroische Arien singen¬
1950 2330 3272 2404 sollten. Fink folgt jedem Luftdruck wie ein Barometer, aber ist
1949 2372 3267 2423 ohne innere Wärme. Wäre er ein Vulkan, so verstände man es,
1951 2411 3285 2467 daß er in der Wallung des Augenblickes Lava über das eigenes
1953 2446 2231 2496 Haus spiee.
2309 2454 3274 2516 Eine Komödie? Zu gran und neblig; zus
1949 2491 3285 2544 resignierend ironisch. Für eine Groteske zu breit und gegen¬
1948 2535 3273 2585 ständlich, zu getreu gezeichnet, die „Identität der Gegensätze“ auf
1947 2567 3284 2631 der Bühne plastisch zu gestalten, ist dem Dichter nicht gelungen,
1952 2604 3265 2664 ist vielleicht nicht möglich. Das Problem ist falsch gestellt. Die
1953 2642 3273 2683 Aufführung der ziemlich gestrichenen Komödie unter Barnowsky
1941 2682 3273 2747 verwischte die feinen zarten Farben des Wieners und setzte dafür
1941 2725 3274 2775 scharfe Lichter auf, zum Schaden des Grundgewebes. Gegen den
1949 2761 3257 2830 Beifall kämpfte Zischen. Es gab am Schluß eine kleine Schlacht.
2766 2805 3224 2882 Jakob Scherek.“
2457 2959 2918 3023 . KUNGESIK. 22-24.
2131 2958 2444 3031 BEKLIN 50.
2439 2973 3148 3133 Frankfurter Zeitung
2057 3056 2312 3139 Zeitung:
2643 3105 3034 3205 Frankiusl a N.
2059 3182 2299 3255 Adresse:
2553 3216 2926 3359 G.797
1987 3302 2281 3373 -Natum:
2060 3384 3149 3459 h Berlin, 7. Dezbe. (Priv=Tel.) ArthurSchnitzlers
2003 3423 3139 3498 „Fink und Fliederbusch“ errang im Lessing¬
1993 3467 3160 3539 theater einen ausgesprochenen Darstellererfolg Albert Basser¬
1991 3516 3178 3581 mann gab den Fink=Fliederbusch in richtiger Auffassung und ¬
2001 3543 3140 3605 mit sehr glücklichem Gelingen als den Naturburschen, in dem der
1998 3586 3153 3650 Sportsmann steckt. Ferdinand Bonn brachte die glückliche Er¬
1987 3616 3151 3679 gänzung des parlamentarischen Sportsmannes im Grafen Nieder¬
1993 3660 3137 3733 hof. In Nebenrollen zeichneten sich die Herren Wallauer, Licho,
1993 3696 3122 3787 Götz, Schroth, sowic Frl. Gruening durch prägnante und lustige
2612 3742 2701 3783 ———
2750 3746 3023 3792 —.———
1988 3732 2340 3783 Charakteristik aus,
2035 3764 2310 3808 n
