3392 4320
229 213 388 300 27
888 212 985 283 F
1075 211 1226 284 ode
1239 216 1409 283 bus
1683 212 2152 300 box 33/3
380 226 1552 326 EinkundTesch
410 1166 679 1258 Zeitung:
765 1125 1490 1282 Berliner Jageblatt.
841 1240 1378 1346 Morgenausgabe.
422 1290 676 1375 Adresse:
1014 1349 1223 1475 710
829 1341 957 1479 (4
418 1407 659 1484 Datum:
1652 1531 2873 1595 der Geschicklichkeit, mit der er sich veränderten Lagen anpaßt, für
2884 1533 3354 1601 daß nur eine einzige F##
509 1542 1566 1646 Schnitzlers Journalistenstück.
2885 1584 3339 1643 im übrigen brillant gese
1655 1590 2872 1633 ein journalistisches Genie gehalten, und die Konkurrenz will ihn ein¬
2878 1627 3344 1694 Stamme jener Mettern
1657 1631 2875 1683 ander aus den Händen reißen. Das ist ein amüsante Szene. Der
414 1642 1641 1731 „Fink und Fliederbusch.“ Romödie in 3 Akten. Auffährung
2884 1667 3342 1729 Betrieb haben. Sonst
1659 1674 2883 1734 ganze Kerl ist amüsant. Aber ein Gesetz, nach dem er wandelt und
407 1704 482 1737 —
2879 1701 3351 1768 Freytag, mit seiner alte
1657 1716 2875 1761 handelt, ist nicht erkennbar. Erst am Schluß will er so etwas wie
413 1729 1643 1799 im Lessing-Theater. Sptelleitung: Diktor Barnowsky.
2882 1752 3344 1801 warum er von einer Ad
1647 1754 2871 1806 den Richter derer spielen, die ihn moralisch richten und doch selbst im
2876 1788 3351 1857 auf das trockene politische
1658 1798 2450 1850 Punkt der Gesinnung nicht besser sind als er.
468 1777 1649 1863 Schnitzlers Journalistenstück hat gestern nachden ersten zwei
2916 1831 3349 1902 Das Stück ging in ei
1699 1816 2883 1895 Damit und schon vorher greift „Fink und Fliederbusch“ die
411 1828 1653 1913 Akten einen Erfolg von mittlerer Windstärke gehabt. Am Schluß
2882 1859 3345 1932 stark hervorholte. In A#
1649 1876 2866 1940 geistige Linie der „Journalisten“ auf. Nein, es greift sie an.
402 1882 1644 1932 gab es Sturm, ohne daß man recht wußte, Warum es stürme.
2882 1916 3342 1968 So wild geschrien und g#
1643 1920 2866 1985 Freytag schreibt ein Lustspiel voll von unterstrichener Ueberzeu¬
411 1920 1647 1985 Welch' ein Beifallsgebrause, das zuerst etwas erzwungen schien,
2881 1966 3344 2016 redaktion nicht; das Lebe
1642 1964 2863 2013 gung. Erste Mannespflicht, edelste Mannessitte: Ueberzeugung.
413 1966 1640 2019 dann aber ganz elementare Formen annahm und immer heftiger
2883 2006 3349 2059 entfloh in eine überpurzel
1653 1992 2867 2068 Man lebt, man duldet, man verzichtet auf Freunde für dieses
409 1997 1639 2061 toste, je mehr sich ein paar liebliche Pfeistöne einmischten. Wozu
2878 2051 3344 2104 unter den Tisch. Den Do#
1650 2053 2874 2108 Ding Ueberzeugung. Arthur Schnitzler, wie in seinem „Professor
406 2049 1651 2107 nur dieser Aufwand bei einem Dichter, den man lieben darf und
2879 2088 3345 2152 mann als Dummkapf p
1653 2095 2871 2142 Bernhardi“ nicht ganz imstande, politischer Dramatiker zu sein,
411 2093 1650 2134 soll, dessen Stärkstes aber noch immer zart genug ist, um eher
2861 2131 3336 2193 Jungen, beinahe idiotisch.
1642 2131 2872 2189 sagt oder läßt das Gegenteil sagen. Es ist da ein Graf, der aus
411 2134 1644 2186 in stiller Freude genossen, als mit vollem Orchester beklatscht zu
2875 2173 3359 2219 in Verlegenheit, wenn der
1650 2172 2877 2230 dem Sportdasein ins politische Leben übertritt und durch den
408 2172 1647 2246 werden? Und sein Stärkstes sahen wir gestern nicht. Wir sahen
2870 2204 3348 2263 zu sagen hat. Ilka Grü
1651 2212 2878 2272 scharfen Ausdruck einer extremfeudalen „Ueberzeugung“ die Ge¬
404 2216 1321 2277 nur Spuren seiner samtenen Grazie, und
1304 2224 1651 2278 seine Florett¬
1649 2252 3345 2313 müter erregt. Aber dieser Mann, der Schnitzlers gepflegte Skepsis Holzweibel von vor acht 2
402 2247 1641 2330 kunst mühte sich, so dankbar der Stoff war, nicht durchweg mit
1648 2293 3358 2354 wie einen gutsitzenden Rock am Leibe trägt, denkt gar nicht daran, Leben und Lebenlassen. D#
410 2301 565 2362 Glück.
1653 2328 3349 2391 ein Ueberzeugter und Unentwegter zu sein. Er gibt in einem um¬ linke und rechte, alle mit e
469 2331 1644 2404 Die Komödie hat eine zufällige Aehnlichkeit mit Tristan Bernards
2865 2380 3350 2437 darstellerisch fein herausge
1641 2386 2868 2434 fangreichen, für die Bühne allzu umfangreichen Gespräch mit Fink¬
410 2395 1646 2453 „Deux canards“, ist aber viel gründlicher gedacht — gar zu gründ¬
2904 2418 3361 2482 von den Herren Wall
1639 2433 2869 2485 Fliederbusch eine Selbstanalyse, die ihn als einen milden Ver¬
406 2435 1645 2488 lich, bei allem Trieb, scherzhaft aufzuleuchten. Eine innere Be¬
2864 2463 3348 2519 Landa, Schroth usw.
1657 2474 2866 2523 steher und kühllächelnden Philosophen der Objektivität erscheinen
398 2475 1637 2530 ziehung, und wohl eine bewußte, läßt sich viel eher mit unserem
2876 2505 3351 2554 Menschenzeichner von groß
1646 2516 2861 2571 läßt. So zerreißt Schnitzler den von Freytag hochgehaltenen, gleich
402 2512 1644 2561 alten deutschen, immer noch nicht ausgespielten Zeitungsstück her¬
2871 2552 3352 2603 Reporter, Bühnenautor un
1653 2559 2856 2615 einer Fahne wallenden Begriff der politischen Mannestugend.
410 2559 1643 2611 stellen. Gibt es in Freytags „Journalisten“ nicht einen zerknitterten
2865 2584 3358 2642 zeugung ist Ferdinan
1651 2596 2853 2648 Versucht ihn zu zerreißen. Wäre sein Zahn nur bissiger! Wir
415 2607 1639 2659 Jüngling des Namens Schmock, der von sich sagen darf, er könne
2871 2627 3355 2688 will, ohne einen Strich zu
1640 2637 2864 2699 ließen es uns gefallen, sei es auch nur, um widersprechen zu können.
403 2637 1649 2703 schreiben links und könne schreiben rechts? In besserer Haltung,
2874 2663 3352 2736 Und hat an diesem Abend
1698 2666 2864 2743 Es bleiben Einzelgestalten und Einzelwirkungen übrig, darunter
413 2672 1655 2739 mit größerem Ansehen gibt Schnitzler den Schmock von 1900. Der
2862 2716 3350 2784 drüben gearbeitet. Auch er
412 2727 1641 2769 Nachfahr des Schlemihls von vor 60 Jahren schreibt als Flieder¬
1647 2727 2861 2770 ausgezeichnete. Sie heften sich mit satirischen Pfeilen an das
1651 2762 2869 2823 Zeitungsmetier. Der Wetteifer und Uebereifer der Journalistik
399 2767 1644 2829 busch in einem linken Blatt, als Fink in einem rechten. Er greift
409 2802 1630 2857 sich selber an, bespritzt sich mit ehrenrührigen Tintenflecken und
1649 2807 2870 2865 wird gezeigt, die innere Kälte der Temperamente, die Geneigtheit,
408 2843 1635 2897 kommt durch Lustspielhilfsmittel, deren Kommentmäßigkeit
1649 2852 2870 2894 Opfer des Intellekts zu bringen, um nicht aus einem behaglichen
409 2896 1636 2947 ein bewährter Korpsstudent nachprüfen möge, zu einem Duell
1639 2889 2866 2938 Nest zu fallen. Dies alles wird bespöttelt und bestichelt. Wir blicken
405 2932 1641 2982 mit sich selbst. Daß Fink und Fliederbusch die nämliche
1648 2938 2863 2990 in den Spiegel und sagen, wie sehr er auch mancherlei verzerrt:
407 2978 1631 3031 Person ist, erfahren wir bereits früh, schon deshalb weil ja ein
1643 2981 2873 3038 vieles ist wahr. Achtung vor dem Dichter und vor dem Theater,
410 3004 1640 3071 und derselbe Schauspieler die Doppelrolle spielt. So ist die Spannung
1639 3022 2872 3071 wenn sie eine Schicht darstellen, von der die Leute der Bühne immer
403 3060 1645 3115 gegen das Ende hin nur gering. Man sitzt da und tut ein wenig
1647 3060 2877 3121 fürchten, sie könne ihnen „schaden“ und laure nur darauf, es zu
411 3098 1640 3154 überrascht, ist es aber im Grunde gar nicht. Uund auch die geistige
1647 3102 2877 3150 tun. Aber auch hier muß es heißen: hätte Schnitzler nur eine stärker
406 3136 1645 3194 Struktur des Selberdoppelgängers hat nicht stark berührt. Ist dieser
1641 3137 2080 3210 packende Kraft gehabt.
412 3177 1648 3244 Fliederbusch, der sich in einen Fink umschaltet, ein kleiner Dumm¬
1684 3173 2893 3244 Der Saft seiner Ironie, soweit sie sich auf das Ganze des Stoffes!
402 3223 1638 3284 kopf oder ein großer Schlaukopf? Ist er einfach eine lustige Figur
1630 3210 2875 3307 bezieht, träufelt schwer und langsam. Er erreicht nicht einmal eine
406 3276 2872 3337 ader hat er innere Bedeutung"? Auf der Bühne wird er wegen geschlossene und gesteigerte Bühnenwirkung. Es kommt noch hinzu,
3013 4103 3163 4181 S
