3436 4256
315 174 1626 278 27. Einkund Fliederbusch
1342 321 1492 402 —
1031 383 1112 455 31
928 418 1506 509 Proitktenblatt, Wter
1031 490 1389 574 Abendblatt
749 578 1428 663 „Fink und Fliederbusch.“
1421 540 1670 729 7
871 645 1340 715 Von Artur Schnitzler.
750 697 1537 768 Erstauffüh
1683 696 1768 783 n
538 739 1701 809 C Seltsam unberechenbar ist das Publikum: mild lächelnd,
1710 771 1767 825 v
484 803 1712 869 läßt es hier Abend für Abend die ganze Undramatik unserer Tage
1712 816 1765 870 t
481 858 1707 899 über sich ergehen, plötzlich aber reißt ihm die Geduld und es be¬
492 887 1706 933 ginnt zu pfeisen. Bei Schnitzler! Noch dazu bei diesem
1713 916 1773 970 *
491 929 1708 987 Schnitzler, der gar keiner ist! Wo war der feine geistreich-tiefe
1723 958 1760 1020 i
484 984 1707 1028 Dialog? Mit Händen und Füßen wird im Lessing=Theater daran
1705 1004 1753 1074 7
490 1016 1699 1078 gearbeitet, ihm auf die Beine zu helfen, und die Ersatzpointen
1705 1066 1765 1115 1
486 1053 1708 1128 füirren nur so in der Luft herum. Alles vergeblich: es ist wie ein
499 1097 1709 1166 nasses Tuch, das nicht im Winde slattern will. Für den findigen,
488 1146 1705 1195 zwiespältigen jungen Mann hat sich Bassermann einen leisen
487 1190 1702 1243 Waßmann=Ton zugelegt. Sein geprägtes Gesicht will sich der
484 1228 1706 1283 Leichtigkeit der Gestalt nicht ganz bequemen. Bewußten Könnens
493 1275 1707 1324 voll sind seine Monologe. Im ganzen aber jongliert er mit der
492 1326 1710 1371 Rolle und läßt sie nur für Augenblicke fest in seiner Hand ruhen.
494 1369 1706 1422 Fein, in sich geschlossen, wie mit einem Schimmer von Reife über¬
503 1394 1773 1474 zogen ist alles in der Darstellung der Ilka Grüning. Wie gut ihr!
1559 1514 1684 1561 —
429 1568 1651 1632 der liebenswürdige Wiener Aristokratenton gelingt, das kann von
419 1621 1634 1667 den Berlinern gar nicht gebührend gewürdigt werden. Dankens¬
427 1654 1636 1717 wert diskret bewegt sich Bonn innerhalb des Horizonts des
424 1698 1638 1758 Sportgrafen. Man fühlt in weiter Ferne irgendwo Menschentum.
424 1744 1643 1802 Das Bild des Redaktionslebens hat die Linie der Karikatur, ohne
429 1788 1637 1847 ihrem Gehalt zum Ausdruck zu verhelsen. Lokalton, dem künst¬
414 1822 1632 1886 lerische Objektivierung fehlt. Die Darstellung gibt darin dem Stück
426 1875 1639 1929 nichts nach. Den flatternden Cajetan des Herrn Goetz, trotz ver¬
412 1914 1631 1988 einzelter heiterer Momente, mit eingeschlossen. Pfeisen, Klatschen:
415 1962 1630 2018 ein Temperamentausbruch, der durch diesen geringfügigen Anlaß
425 2002 1627 2069 gewiß nur zufällig zur Entladung kam, denn das Schnitzlersche
423 2029 1646 2116 Stück hat zu wenig Temperament, als daß etwas davon aus¬
422 2095 1184 2175 strählend massenbewegend wirken könnte.
1147 2126 1611 2210 Christoph, Brakt.
729 2493 1001 2589 — — — —
705 2575 857 2685 30
856 2612 1751 2740 Berliner Local Anzeiger
793 2753 1711 2860 (Das Wiener Journalistenstück „Fink und
804 2812 1477 2925 Kliederbusch“ von Arthur
807 2824 1624 2955 6. Segente in Selisg-Preiste
796 2881 1709 3009 obie durch freundliche Scherge, erheiternde Bisse
793 2921 1718 3019 keiten und allerlei andere Schnitzlereien. Der
792 2961 1708 3069 bittere Nachgeschmack dieser Schmockiade blieb aber
796 2991 1719 3109 die Erkenninis, daß der Fink, der hier im Flieder¬
805 3038 1720 3156 busch sein Spottlied singt, doch ime### ein
813 3109 1308 3221 großer Schmutzfint ist.
1725 167 2231 259 box 33/3
2201 749 2679 837 W0 „ —.
2737 807 2934 886 1-55.0
2205 849 3056 989 Oatereichache Rundschau, Wen
2332 1006 2751 1082 Berliner Theater.
2258 1131 2848 1199 Dann gab es Stücke, die es
2886 1153 3018 1210 gab.
2157 1168 3009 1250 Die keine Spur hinterließen. Auch „Fink
2176 1245 3015 1296 und Fliederbusch“ muß ich ihnen bei¬
2166 1281 3015 1347 zählen, obwohl das Lustspiel von Arthur
2170 1336 3006 1394 Schnitzler, dem Erlesenen, stammt. Schnitz¬
2457 1385 2535 1432 —
2170 1510 3026 1581 ler soll das Stück — es wurde an dieser
2184 1562 3011 1623 Stelle nach der Wiener Aufführung be¬
2179 1609 3014 1668 sprochen — mehrere Jahre getragen haben.
2185 1650 3007 1714 Ausgetragen hat er es nicht. Aus dem ge¬
2186 1697 3008 1757 spaltenen Ich, aus dem Journalisten, der in
2177 1745 3003 1804 zwei gegnerischen Blättern mit impressio¬
2178 1793 3012 1852 nistischer Augenblicksüberzeugung gegen sich
2178 1828 3008 1890 selber polemisiert, hätte wirklich eine große
2174 1877 3010 1937 Komödie werden können. Doch die Haupt¬
2170 1922 2995 1986 sache mußte eingestellt werden: der pro¬
2177 1968 2998 2023 blematische Mensch. Schnitzler behalf sich
2177 2012 3012 2068 („vorläusig“, möchte man sagen!) mit einem
2170 2052 2994 2113 dummen Jungen. Wenn nun aber der Fink¬
2161 2103 3003 2160 Fliederbusch jung, ganz jung sein mußte,
2161 2146 3009 2209 dann war es wiederum grundfalsch, mit
2171 2185 3004 2239 dieser Jugend eine# parodistischen Jux zu
2163 2218 3000 2294 treiben und di olle dem onkelreifen
2164 2272 2997 2333 Bassermann zu lassen. Über eine Matrone
2162 2326 2997 2383 im Backfischkleidchen lachen doch nur an¬
2171 2368 2997 2424 spruchslose Genießer. Ach, aber ach, die
2166 2424 3023 2470 Starrkrankheit! Ehedem kannte man sie
2154 2457 2996 2519 nicht an der Spree. Sie verschuldete jetzt,
2160 2505 2996 2574 daß Schnitzlers Komödie gemischten Pei¬
2155 2542 2350 2612 fall fand.
2021 2871 2248 2964 M 4
2329 2891 2742 2989 LRerarisches C“
2706 2898 3148 3015 alhlatt, Leipzig
2732 3013 3189 3077 Bagigen olleb die Schmock¬
2024 3028 3190 3102 Geschichte A. Schui#lers „Fink und Fliederbusch“ im Lessing¬
2025 3115 3187 3158 Theater matt; es ist in dieser auf einem mäßigen Einfall aufgebauten
2034 3139 3179 3185 Komödie wirklich recht wenig Witz und garnichts Dichterisches zu spüren.
2039 3173 3167 3230 Anders an der gleichen Stelle Strindbergs Weik „Nach Damaskus“
2027 3222 3190 3263 Wenn irgendwo dann spürt man in diesem niederdrückenden Stückt auf¬
2025 3260 3183 3296 begehrenden Trotzes Strindbergs Ringen, aber auch das Quälerische
2022 3282 3186 3348 seines Schaffens. Mit Erwartung sicht man der versprochenen Fort¬
2017 3336 3182 3384 setzung dieses gut besetzten, aber durch Th. Loos doch nicht ganz aus¬
2027 3365 3092 3414 geschöpften ersten Teiles entgegen.Das Theater in der Königeg
2031 3407 3091 3460 straße hat sich seit langenndbergs mit besonderer Neigung
2022 3430 3195 3495 genommen, und immer Tigentlich spürt man hier dank wohlgenflegter.
2026 3477 2603 3548 Darstellung namentlich durd
