<?xml version="1.0" encoding="UTF-8" standalone="yes"?>
<PcGts xmlns="http://schema.primaresearch.org/PAGE/gts/pagecontent/2013-07-15" xmlns:xsi="http://www.w3.org/2001/XMLSchema-instance" xsi:schemaLocation="http://schema.primaresearch.org/PAGE/gts/pagecontent/2013-07-15 http://schema.primaresearch.org/PAGE/gts/pagecontent/2013-07-15/pagecontent.xsd">
    <Metadata>
        <Creator>prov=University of Rostock/Institute of Mathematics/CITlab/Gundram Leifert/gundram.leifert@uni-rostock.de:name=ONB_Newseye_GT_M1+(htr_id=10810)::::v=2.4.2
prov=University of Rostock/Institute of Mathematics/CITlab/Tobias Gruening/tobias.gruening@uni-rostock.de:name=de.uros.citlab.module.baseline2polygon.B2PSeamMultiOriented:v=2.4.2
prov=University of Rostock/Institute of Mathematics/CITlab/Tobias Gruening/tobias.gruening@uni-rostock.de:name=/mnt/transkribus/LA/DEA/URO/LA_news_onb_att.pb:de.uros.citlab.segmentation.CITlab_LA_ML:v=2.4.2
Transkribus</Creator>
        <Created>2019-10-07T11:11:02.978+02:00</Created>
        <LastChange>2019-10-07T21:44:25.343+02:00</LastChange>
        <TranskribusMetadata docId="223959" pageId="9494753" pageNr="233" tsid="16480475" status="IN_PROGRESS" userId="40391" imgUrl="https://files.transkribus.eu/Get?id=ZIWDIVDBNUCGPGXKTOTIXHNG&amp;fileType=view" xmlUrl="https://files.transkribus.eu/Get?id=AZPOTCUITWOQOFBXSBEODOJV" imageId="6184980"/>
    </Metadata>
    <Page imageFilename="223959_0233.jpeg" imageWidth="3344" imageHeight="4352">
        <ReadingOrder>
            <OrderedGroup id="ro_1711443693680" caption="Regions reading order">
                <RegionRefIndexed index="0" regionRef="r1"/>
                <RegionRefIndexed index="1" regionRef="r2"/>
                <RegionRefIndexed index="2" regionRef="r3"/>
                <RegionRefIndexed index="3" regionRef="r4"/>
                <RegionRefIndexed index="4" regionRef="r5"/>
            </OrderedGroup>
        </ReadingOrder>
        <TextRegion orientation="0.0" id="r1" custom="readingOrder {index:0;}">
            <Coords points="236,233 236,3819 1564,3819 1564,233"/>
            <TextLine id="r1l1" custom="readingOrder {index:0;}">
                <Coords points="228,263 831,303 1529,278 1529,210 1482,202 836,201 686,247 621,200 228,225"/>
                <Baseline points="236,257 300,263 364,267 428,270 493,273 557,275 621,277 685,277 750,278 814,278 878,277 942,277 1007,276 1071,275 1135,275 1199,274 1264,274 1328,274 1392,274 1456,275 1521,276"/>
                <TextEquiv>
                    <Unicode>27. Eink-und Fliederbusch</Unicode>
                </TextEquiv>
            </TextLine>
            <TextLine id="r1l2" custom="readingOrder {index:1;}">
                <Coords points="505,771 639,793 775,774 800,788 998,780 998,742 923,727 883,746 839,727 760,746 719,726 693,745 614,716 553,741 505,737"/>
                <Baseline points="512,766 537,768 562,769 587,770 612,771 637,772 662,773 688,773 713,774 738,774 763,774 788,774 813,774 839,774 864,774 889,773 914,773 939,772 964,772 990,771"/>
                <TextEquiv>
                    <Unicode>Wien, 1. —— —</Unicode>
                </TextEquiv>
            </TextLine>
            <TextLine id="r1l3" custom="readingOrder {index:2;}">
                <Coords points="400,852 555,847 614,887 891,844 1366,860 1470,835 1470,788 1304,767 1200,806 1124,754 1012,819 859,777 796,813 399,789"/>
                <Baseline points="407,834 459,839 512,843 565,846 618,849 670,850 723,850 776,850 829,850 881,849 934,848 987,846 1040,845 1092,843 1145,841 1198,840 1251,838 1303,837 1356,837 1409,837 1462,837"/>
                <TextEquiv>
                    <Unicode>d. Hedbet</Unicode>
                </TextEquiv>
            </TextLine>
            <TextLine id="r1l4" custom="readingOrder {index:3;}">
                <Coords points="1080,954 1143,945 1167,960 1198,945 1214,955 1235,936 1275,930 1465,952 1465,915 1442,920 1382,899 1301,908 1229,852 1081,903"/>
                <Baseline points="1089,932 1115,933 1141,933 1167,933 1194,932 1220,931 1246,930 1273,930 1299,929 1325,929 1351,930 1378,932 1404,934 1430,937 1457,942"/>
                <TextEquiv>
                    <Unicode>3</Unicode>
                </TextEquiv>
            </TextLine>
            <TextLine id="r1l5" custom="readingOrder {index:4;}">
                <Coords points="451,1081 523,1044 1561,1089 1562,1045 1401,988 1141,1014 1067,978 454,973"/>
                <Baseline points="460,1045 514,1044 569,1044 623,1044 678,1044 733,1045 787,1046 842,1048 897,1049 951,1051 1006,1053 1061,1056 1115,1057 1170,1059 1225,1061 1279,1062 1334,1064 1389,1065 1443,1066 1498,1066 1553,1066"/>
                <TextEquiv>
                    <Unicode>Schaubühne, Kunst u. Schrifttum.</Unicode>
                </TextEquiv>
            </TextLine>
            <TextLine id="r1l6" custom="readingOrder {index:5;}">
                <Coords points="535,1156 1549,1161 1550,1108 661,1102 539,1061"/>
                <Baseline points="545,1122 594,1126 644,1130 694,1133 744,1136 794,1138 843,1140 893,1142 943,1144 993,1145 1043,1146 1092,1147 1142,1148 1192,1149 1242,1150 1292,1151 1341,1153 1391,1154 1441,1156 1491,1158 1541,1160"/>
                <TextEquiv>
                    <Unicode>7— 1. Konzert des akademischen Gesangs¬</Unicode>
                </TextEquiv>
            </TextLine>
            <TextLine id="r1l7" custom="readingOrder {index:6;}">
                <Coords points="440,1182 1481,1220 1569,1183 963,1144 675,1165 509,1121 441,1147"/>
                <Baseline points="448,1182 503,1183 559,1185 614,1187 670,1188 726,1190 781,1192 837,1193 892,1195 948,1196 1004,1197 1059,1199 1115,1200 1170,1201 1226,1202 1282,1203 1337,1204 1393,1204 1448,1205 1504,1205 1560,1205"/>
                <TextEquiv>
                    <Unicode>vereines. Nach 5jähriger Pruse gab der akademi¬</Unicode>
                </TextEquiv>
            </TextLine>
            <TextLine id="r1l8" custom="readingOrder {index:7;}">
                <Coords points="440,1230 1417,1272 1572,1246 1396,1208 441,1185"/>
                <Baseline points="449,1232 504,1232 560,1233 616,1234 672,1235 727,1236 783,1237 839,1239 895,1240 950,1242 1006,1243 1062,1245 1118,1247 1173,1248 1229,1249 1285,1250 1341,1251 1396,1252 1452,1253 1508,1253 1564,1253"/>
                <TextEquiv>
                    <Unicode>sche Gesangverein Samstag und Sonntag verflossener</Unicode>
                </TextEquiv>
            </TextLine>
            <TextLine id="r1l9" custom="readingOrder {index:8;}">
                <Coords points="442,1283 1341,1324 1537,1317 1566,1276 443,1239"/>
                <Baseline points="449,1283 504,1283 559,1284 615,1284 670,1285 726,1286 781,1287 836,1288 892,1290 947,1291 1003,1293 1058,1294 1113,1296 1169,1297 1224,1299 1280,1301 1335,1302 1390,1304 1446,1305 1501,1306 1557,1307"/>
                <TextEquiv>
                    <Unicode>Woche im Künstlerhause 2 Konzerte, die sich eines</Unicode>
                </TextEquiv>
            </TextLine>
            <TextLine id="r1l10" custom="readingOrder {index:9;}">
                <Coords points="447,1329 1497,1373 1552,1364 1553,1329 448,1292"/>
                <Baseline points="455,1329 509,1330 564,1331 618,1332 673,1333 727,1335 782,1336 836,1337 891,1339 945,1340 1000,1342 1054,1343 1109,1344 1163,1346 1218,1347 1272,1349 1327,1350 1381,1351 1436,1352 1490,1353 1545,1354"/>
                <TextEquiv>
                    <Unicode>außergewöhnlichen guten Besuches erfreuten. Der Ver¬</Unicode>
                </TextEquiv>
            </TextLine>
            <TextLine id="r1l11" custom="readingOrder {index:10;}">
                <Coords points="443,1378 1566,1407 1567,1368 1434,1355 444,1342"/>
                <Baseline points="451,1380 506,1380 561,1380 617,1381 672,1381 727,1382 783,1383 838,1385 893,1387 949,1388 1004,1390 1059,1392 1115,1394 1170,1396 1225,1398 1281,1399 1336,1401 1391,1403 1447,1404 1502,1406 1558,1406"/>
                <TextEquiv>
                    <Unicode>ein sang unter der bewährten, tatkräftigen Leitung</Unicode>
                </TextEquiv>
            </TextLine>
            <TextLine id="r1l12" custom="readingOrder {index:11;}">
                <Coords points="443,1434 1559,1458 1560,1422 1475,1410 445,1374"/>
                <Baseline points="451,1428 506,1428 561,1429 616,1429 671,1430 726,1431 781,1433 836,1434 891,1436 946,1438 1001,1439 1056,1442 1111,1444 1166,1445 1221,1447 1276,1449 1331,1450 1386,1451 1441,1452 1496,1453 1551,1453"/>
                <TextEquiv>
                    <Unicode>seines Chormeisters, des Musikdirektors Karl Frotz¬</Unicode>
                </TextEquiv>
            </TextLine>
            <TextLine id="r1l13" custom="readingOrder {index:12;}">
                <Coords points="438,1477 1305,1518 1553,1515 1554,1478 439,1433"/>
                <Baseline points="445,1476 500,1476 555,1477 610,1478 665,1479 720,1480 775,1482 830,1484 885,1485 940,1487 995,1489 1050,1491 1105,1492 1160,1494 1215,1496 1270,1497 1325,1498 1380,1499 1435,1501 1490,1501 1545,1502"/>
                <TextEquiv>
                    <Unicode>ler, die bekannten Schubertchöre: Widerspruch, Gon¬</Unicode>
                </TextEquiv>
            </TextLine>
            <TextLine id="r1l14" custom="readingOrder {index:13;}">
                <Coords points="437,1522 1434,1571 1551,1548 1552,1514 438,1477"/>
                <Baseline points="445,1525 499,1526 554,1526 609,1527 664,1529 719,1530 774,1532 829,1533 884,1535 939,1537 994,1539 1048,1540 1103,1542 1158,1543 1213,1545 1268,1546 1323,1546 1378,1547 1433,1546 1488,1546 1543,1545"/>
                <TextEquiv>
                    <Unicode>delfahrer und Nachthelle, ferner Hummels „Ausfahrt“</Unicode>
                </TextEquiv>
            </TextLine>
            <TextLine id="r1l15" custom="readingOrder {index:14;}">
                <Coords points="440,1583 1553,1606 1553,1567 1491,1558 441,1546"/>
                <Baseline points="449,1572 503,1574 558,1575 613,1577 668,1579 722,1581 777,1582 832,1584 887,1585 941,1586 996,1588 1051,1589 1106,1591 1160,1592 1215,1593 1270,1594 1325,1595 1379,1596 1434,1597 1489,1598 1544,1598"/>
                <TextEquiv>
                    <Unicode>„So weit“ von Engelsberg, „Zwei Könige" von</Unicode>
                </TextEquiv>
            </TextLine>
            <TextLine id="r1l16" custom="readingOrder {index:15;}">
                <Coords points="437,1629 1314,1667 1436,1634 1499,1666 1551,1653 1552,1608 438,1584"/>
                <Baseline points="445,1626 499,1627 554,1628 609,1629 664,1630 719,1631 774,1632 829,1633 884,1634 939,1635 994,1636 1048,1637 1103,1639 1158,1640 1213,1642 1268,1643 1323,1645 1378,1646 1433,1648 1488,1650 1543,1652"/>
                <TextEquiv>
                    <Unicode>Wagner „Zum Liebchen und Liebesbotschaft“ von</Unicode>
                </TextEquiv>
            </TextLine>
            <TextLine id="r1l17" custom="readingOrder {index:16;}">
                <Coords points="434,1690 1430,1716 1558,1703 1559,1664 435,1633"/>
                <Baseline points="443,1678 498,1677 553,1677 608,1677 664,1678 719,1679 774,1680 830,1681 885,1683 940,1684 996,1686 1051,1688 1106,1690 1161,1691 1217,1693 1272,1695 1327,1696 1383,1698 1438,1699 1493,1699 1549,1700"/>
                <TextEquiv>
                    <Unicode>Debois und als Abschluß Kirchls markigen Männer¬</Unicode>
                </TextEquiv>
            </TextLine>
            <TextLine id="r1l18" custom="readingOrder {index:17;}">
                <Coords points="423,1727 1552,1748 1506,1704 424,1682"/>
                <Baseline points="431,1725 486,1725 542,1725 597,1726 653,1726 709,1727 764,1728 820,1729 875,1731 931,1732 987,1734 1042,1735 1098,1737 1153,1738 1209,1740 1265,1741 1320,1742 1376,1744 1431,1744 1487,1745 1543,1746"/>
                <TextEquiv>
                    <Unicode>chor „Wacht auf, es tagt“. Die Chöre klangen durch¬</Unicode>
                </TextEquiv>
            </TextLine>
            <TextLine id="r1l19" custom="readingOrder {index:18;}">
                <Coords points="430,1810 479,1776 771,1773 1496,1811 1545,1772 432,1723"/>
                <Baseline points="439,1776 493,1775 548,1775 603,1776 658,1776 713,1777 768,1778 823,1779 878,1781 933,1782 988,1783 1042,1785 1097,1787 1152,1789 1207,1790 1262,1792 1317,1794 1372,1795 1427,1797 1482,1798 1537,1799"/>
                <TextEquiv>
                    <Unicode>aus jugendfrisch und zeugten von großer Sangesfreu¬</Unicode>
                </TextEquiv>
            </TextLine>
            <TextLine id="r1l20" custom="readingOrder {index:19;}">
                <Coords points="444,1823 1555,1854 1532,1804 445,1792"/>
                <Baseline points="453,1824 507,1823 562,1823 617,1823 671,1824 726,1825 781,1826 835,1828 890,1830 945,1831 1000,1834 1054,1836 1109,1838 1164,1840 1218,1842 1273,1843 1328,1845 1382,1845 1437,1846 1492,1846 1547,1846"/>
                <TextEquiv>
                    <Unicode>igkeit und strammer Cyordisziplin; besonders schwung¬</Unicode>
                </TextEquiv>
            </TextLine>
            <TextLine id="r1l21" custom="readingOrder {index:20;}">
                <Coords points="438,1867 1495,1909 1552,1857 438,1833"/>
                <Baseline points="445,1871 502,1871 560,1872 618,1872 676,1873 734,1875 792,1876 849,1878 907,1880 965,1881 1023,1883 1081,1885 1139,1887 1196,1889 1254,1890 1312,1892 1370,1893 1428,1894 1486,1894 1544,1894"/>
                <TextEquiv>
                    <Unicode>voll wurden die beiden viel Stimmklang fordernden</Unicode>
                </TextEquiv>
            </TextLine>
            <TextLine id="r1l22" custom="readingOrder {index:21;}">
                <Coords points="420,1924 1536,1957 1537,1894 421,1886"/>
                <Baseline points="429,1923 486,1923 544,1923 602,1924 660,1924 718,1925 776,1926 833,1928 891,1929 949,1930 1007,1932 1065,1933 1123,1935 1180,1936 1238,1938 1296,1939 1354,1941 1412,1942 1470,1944 1528,1945"/>
                <TextEquiv>
                    <Unicode>Thöre „Zvei Könige" und „Wacht auf“ zu Gehör</Unicode>
                </TextEquiv>
            </TextLine>
            <TextLine id="r1l23" custom="readingOrder {index:22;}">
                <Coords points="416,1973 1440,2016 1543,1999 1544,1964 921,1926 417,1953"/>
                <Baseline points="425,1972 480,1971 536,1971 591,1971 647,1972 702,1972 758,1973 813,1975 869,1976 924,1978 980,1980 1035,1982 1091,1984 1146,1985 1202,1987 1257,1989 1313,1991 1368,1992 1424,1994 1479,1995 1535,1996"/>
                <TextEquiv>
                    <Unicode>gebracht. Als Gäste wirkten bei beiden Konzerten</Unicode>
                </TextEquiv>
            </TextLine>
            <TextLine id="r1l24" custom="readingOrder {index:23;}">
                <Coords points="422,2026 1539,2069 1540,2016 1377,1994 423,1994"/>
                <Baseline points="430,2016 485,2017 540,2018 595,2019 650,2021 705,2022 760,2024 815,2025 870,2026 925,2028 980,2029 1035,2031 1090,2033 1145,2034 1200,2037 1255,2039 1310,2041 1365,2043 1420,2045 1475,2047 1531,2050"/>
                <TextEquiv>
                    <Unicode>mit: Opernsängerin Marie Wessely und Georg</Unicode>
                </TextEquiv>
            </TextLine>
            <TextLine id="r1l25" custom="readingOrder {index:24;}">
                <Coords points="422,2070 1455,2112 1543,2103 1544,2065 423,2020"/>
                <Baseline points="430,2065 485,2066 540,2068 595,2069 651,2071 706,2072 761,2074 816,2075 872,2077 927,2079 982,2081 1037,2083 1093,2085 1148,2087 1203,2088 1258,2090 1314,2091 1369,2093 1424,2094 1479,2095 1535,2096"/>
                <TextEquiv>
                    <Unicode>Steiner. Steiner hat sich in den letzten Jahren</Unicode>
                </TextEquiv>
            </TextLine>
            <TextLine id="r1l26" custom="readingOrder {index:25;}">
                <Coords points="410,2120 902,2148 1001,2117 1484,2163 1539,2148 1540,2105 411,2072"/>
                <Baseline points="418,2118 473,2118 529,2118 585,2119 640,2120 696,2121 752,2122 807,2124 863,2125 919,2127 975,2129 1030,2131 1086,2132 1142,2134 1197,2136 1253,2137 1309,2139 1364,2140 1420,2141 1476,2142 1532,2143"/>
                <TextEquiv>
                    <Unicode>zu vollendeter Meisterschaft entwickelt und kann nun</Unicode>
                </TextEquiv>
            </TextLine>
            <TextLine id="r1l27" custom="readingOrder {index:26;}">
                <Coords points="415,2170 1544,2200 1545,2158 1318,2138 416,2130"/>
                <Baseline points="422,2166 477,2167 533,2168 589,2170 644,2171 700,2172 756,2173 811,2174 867,2176 923,2176 979,2178 1034,2179 1090,2181 1146,2182 1201,2184 1257,2185 1313,2187 1368,2189 1424,2191 1480,2193 1536,2196"/>
                <TextEquiv>
                    <Unicode>ruhig den ersten Geigenkünstler gleichgestellt werden;</Unicode>
                </TextEquiv>
            </TextLine>
            <TextLine id="r1l28" custom="readingOrder {index:27;}">
                <Coords points="409,2229 1389,2258 1503,2251 1543,2200 410,2174"/>
                <Baseline points="418,2214 473,2216 529,2217 585,2219 641,2220 697,2222 752,2223 808,2225 864,2226 920,2228 976,2229 1031,2230 1087,2232 1143,2233 1199,2234 1255,2235 1310,2237 1366,2238 1422,2239 1478,2240 1534,2241"/>
                <TextEquiv>
                    <Unicode>sein seelenvolles Spiel wird den Zuhörern stets un¬</Unicode>
                </TextEquiv>
            </TextLine>
            <TextLine id="r1l29" custom="readingOrder {index:28;}">
                <Coords points="407,2274 1416,2311 1527,2295 1528,2259 526,2221 407,2252"/>
                <Baseline points="415,2266 470,2265 525,2266 580,2266 635,2267 691,2268 746,2270 801,2272 856,2273 911,2275 967,2277 1022,2279 1077,2281 1132,2283 1187,2285 1243,2287 1298,2288 1353,2289 1408,2290 1463,2291 1519,2291"/>
                <TextEquiv>
                    <Unicode>getrübten Genuß bereiten. Weniger Begeisterung er¬</Unicode>
                </TextEquiv>
            </TextLine>
            <TextLine id="r1l30" custom="readingOrder {index:29;}">
                <Coords points="411,2316 1484,2361 1535,2322 1454,2292 412,2271"/>
                <Baseline points="419,2316 474,2316 529,2316 585,2317 640,2318 696,2319 751,2320 806,2322 862,2324 917,2325 973,2327 1028,2329 1083,2331 1139,2333 1194,2335 1250,2336 1305,2338 1360,2339 1416,2341 1471,2342 1527,2343"/>
                <TextEquiv>
                    <Unicode>weckten die Liedervorträge der Frau Wessely.</Unicode>
                </TextEquiv>
            </TextLine>
            <TextLine id="r1l31" custom="readingOrder {index:30;}">
                <Coords points="414,2377 1539,2398 1412,2342 415,2317"/>
                <Baseline points="422,2364 477,2365 532,2366 588,2367 643,2368 699,2369 754,2371 810,2372 865,2373 921,2375 976,2377 1031,2378 1087,2380 1142,2382 1198,2383 1253,2385 1309,2387 1364,2388 1420,2390 1475,2392 1531,2394"/>
                <TextEquiv>
                    <Unicode>Der sichtliche Wille, den Gesängen innere Anteilnah¬</Unicode>
                </TextEquiv>
            </TextLine>
            <TextLine id="r1l32" custom="readingOrder {index:31;}">
                <Coords points="419,2413 1238,2454 1346,2426 1508,2459 1537,2400 420,2379"/>
                <Baseline points="426,2412 481,2413 536,2415 591,2417 646,2418 701,2420 756,2421 811,2423 866,2424 921,2426 977,2427 1032,2428 1087,2430 1142,2431 1197,2433 1252,2434 1307,2435 1362,2436 1417,2438 1472,2439 1528,2440"/>
                <TextEquiv>
                    <Unicode>me zu geben, muß an der Gesangstechnik, die nur</Unicode>
                </TextEquiv>
            </TextLine>
            <TextLine id="r1l33" custom="readingOrder {index:32;}">
                <Coords points="416,2462 1485,2510 1536,2472 416,2424"/>
                <Baseline points="424,2465 479,2465 534,2466 589,2467 644,2468 700,2469 755,2470 810,2472 865,2474 920,2476 976,2477 1031,2479 1086,2481 1141,2482 1196,2484 1252,2485 1307,2486 1362,2487 1417,2487 1472,2487 1528,2487"/>
                <TextEquiv>
                    <Unicode>auf den großen aber nicht auf den schönen Ton ein¬</Unicode>
                </TextEquiv>
            </TextLine>
            <TextLine id="r1l34" custom="readingOrder {index:33;}">
                <Coords points="405,2522 979,2541 1017,2513 1450,2560 1535,2536 1536,2499 751,2468 644,2501 511,2465 406,2495"/>
                <Baseline points="414,2513 469,2514 525,2514 581,2515 636,2516 692,2517 748,2519 803,2520 859,2522 915,2524 971,2525 1026,2526 1082,2529 1138,2530 1193,2532 1249,2533 1305,2534 1360,2536 1416,2537 1472,2537 1528,2538"/>
                <TextEquiv>
                    <Unicode>gestellt ist, völlig scheitern; am besten gelangen der</Unicode>
                </TextEquiv>
            </TextLine>
            <TextLine id="r1l35" custom="readingOrder {index:34;}">
                <Coords points="415,2566 1527,2598 1480,2557 1241,2534 417,2524"/>
                <Baseline points="424,2562 478,2562 533,2562 588,2563 643,2564 698,2565 752,2566 807,2568 862,2570 917,2571 972,2573 1026,2575 1081,2577 1136,2579 1191,2581 1246,2583 1300,2584 1355,2586 1410,2588 1465,2589 1520,2590"/>
                <TextEquiv>
                    <Unicode>Künstlerin die Schubert Lieder. Alle Darbietungen,</Unicode>
                </TextEquiv>
            </TextLine>
            <TextLine id="r1l36" custom="readingOrder {index:35;}">
                <Coords points="413,2624 1513,2647 1514,2604 1376,2587 415,2569"/>
                <Baseline points="422,2609 476,2610 530,2611 584,2612 638,2613 692,2615 746,2616 801,2617 855,2619 909,2620 963,2621 1017,2623 1071,2625 1125,2627 1180,2628 1234,2630 1288,2632 1342,2634 1396,2636 1450,2638 1505,2640"/>
                <TextEquiv>
                    <Unicode>speziell die Steiners, fanden den lebhaftesten Beifall.</Unicode>
                </TextEquiv>
            </TextLine>
            <TextLine id="r1l37" custom="readingOrder {index:36;}">
                <Coords points="504,2687 1431,2725 1508,2674 940,2630 853,2663 623,2621 505,2642"/>
                <Baseline points="512,2676 561,2678 610,2680 659,2682 709,2685 758,2687 807,2689 857,2691 906,2693 955,2694 1005,2696 1054,2697 1103,2698 1152,2699 1202,2700 1251,2701 1300,2702 1350,2703 1399,2703 1448,2703 1498,2703"/>
                <TextEquiv>
                    <Unicode>K. M. — 11.4. „Fink und Fliederbusch“</Unicode>
                </TextEquiv>
            </TextLine>
            <TextLine id="r1l38" custom="readingOrder {index:37;}">
                <Coords points="387,2736 498,2748 534,2725 771,2753 845,2736 917,2756 1045,2733 1046,2711 903,2698 856,2720 832,2699 527,2695 481,2672 388,2693"/>
                <Baseline points="396,2726 428,2727 460,2727 492,2728 524,2729 556,2730 588,2731 620,2731 652,2732 684,2733 716,2734 748,2735 780,2736 812,2738 844,2739 876,2740 908,2742 940,2743 972,2745 1004,2747 1036,2749"/>
                <TextEquiv>
                    <Unicode>Diese Komödie von Arthur</Unicode>
                </TextEquiv>
            </TextLine>
            <TextLine id="r1l39" custom="readingOrder {index:38;}">
                <Coords points="1354,2746 1362,2746 1375,2758 1413,2758 1422,2750 1452,2771 1466,2764 1473,2768 1516,2759 1517,2722 1501,2716 1486,2725 1462,2712 1451,2722 1443,2718 1430,2725 1411,2713 1387,2718 1355,2712"/>
                <Baseline points="1362,2751 1391,2753 1420,2754 1449,2754 1478,2754 1508,2753"/>
                <TextEquiv>
                    <Unicode>ist ein</Unicode>
                </TextEquiv>
            </TextLine>
            <TextLine id="r1l40" custom="readingOrder {index:39;}">
                <Coords points="391,2785 1475,2833 1525,2823 1527,2752 1067,2717 919,2759 392,2740"/>
                <Baseline points="400,2777 455,2778 511,2780 567,2781 623,2783 679,2784 735,2786 791,2787 847,2789 903,2790 959,2792 1014,2793 1070,2795 1126,2796 1182,2798 1238,2800 1294,2801 1350,2802 1406,2804 1462,2805 1518,2807"/>
                <TextEquiv>
                    <Unicode>Journalistenstick, weich:s unsiervon</Unicode>
                </TextEquiv>
            </TextLine>
            <TextLine id="r1l41" custom="readingOrder {index:40;}">
                <Coords points="412,2924 1437,2932 1530,2886 1401,2856 1152,2890 1096,2855 411,2876"/>
                <Baseline points="419,2921 474,2918 529,2917 584,2915 639,2914 694,2913 749,2912 805,2912 860,2911 915,2911 970,2911 1025,2911 1080,2911 1135,2911 1191,2911 1246,2911 1301,2911 1356,2911 1411,2910 1466,2909 1522,2908"/>
                <TextEquiv>
                    <Unicode>zwei Zeitungen blicken läßt und die vielfachen Schä¬</Unicode>
                </TextEquiv>
            </TextLine>
            <TextLine id="r1l42" custom="readingOrder {index:41;}">
                <Coords points="421,2968 1522,2958 1363,2916 421,2931"/>
                <Baseline points="430,2969 484,2967 538,2965 592,2964 646,2963 701,2963 755,2962 809,2962 863,2962 917,2962 972,2963 1026,2963 1080,2963 1134,2963 1188,2963 1243,2963 1297,2963 1351,2963 1405,2962 1459,2961 1514,2960"/>
                <TextEquiv>
                    <Unicode>den dieses ganzen Getriebes aufzeigt. Seine Journa¬</Unicode>
                </TextEquiv>
            </TextLine>
            <TextLine id="r1l43" custom="readingOrder {index:42;}">
                <Coords points="422,3021 1535,3016 1535,2972 1488,2966 1389,2995 1327,2965 422,2971"/>
                <Baseline points="430,3018 484,3016 539,3015 594,3014 649,3013 704,3013 759,3013 813,3013 868,3012 923,3013 978,3013 1033,3013 1088,3013 1143,3013 1197,3013 1252,3013 1307,3013 1362,3013 1417,3012 1472,3011 1527,3010"/>
                <TextEquiv>
                    <Unicode>listentypen mögen oft vorkommen und beweisen, daß</Unicode>
                </TextEquiv>
            </TextLine>
            <TextLine id="r1l44" custom="readingOrder {index:43;}">
                <Coords points="426,3072 1524,3062 1523,3030 1438,3019 425,3019"/>
                <Baseline points="433,3063 487,3063 541,3063 595,3063 649,3063 703,3063 757,3063 811,3063 865,3063 919,3063 974,3063 1028,3063 1082,3063 1136,3063 1190,3063 1244,3063 1298,3062 1352,3062 1406,3061 1460,3059 1515,3058"/>
                <TextEquiv>
                    <Unicode>sie so schreiben, aber auch anders, ja entgegengesetzt</Unicode>
                </TextEquiv>
            </TextLine>
            <TextLine id="r1l45" custom="readingOrder {index:44;}">
                <Coords points="421,3135 1529,3117 1529,3070 421,3069"/>
                <Baseline points="429,3113 483,3112 538,3111 592,3111 647,3110 701,3110 756,3110 810,3110 865,3111 919,3111 974,3111 1029,3111 1083,3112 1138,3112 1192,3112 1247,3112 1301,3112 1356,3111 1410,3111 1465,3110 1520,3109"/>
                <TextEquiv>
                    <Unicode>schreiben können. Am besten ist dem Dichter die Zeich¬</Unicode>
                </TextEquiv>
            </TextLine>
            <TextLine id="r1l46" custom="readingOrder {index:45;}">
                <Coords points="414,3165 1528,3156 1438,3113 414,3135"/>
                <Baseline points="422,3165 476,3164 531,3163 586,3162 641,3162 696,3162 751,3161 806,3161 861,3161 916,3162 971,3162 1025,3162 1080,3162 1135,3162 1190,3162 1245,3161 1300,3161 1355,3160 1410,3159 1465,3158 1520,3157"/>
                <TextEquiv>
                    <Unicode>nung der politischen und eleganten Redaktion gelun¬</Unicode>
                </TextEquiv>
            </TextLine>
            <TextLine id="r1l47" custom="readingOrder {index:46;}">
                <Coords points="409,3217 1403,3227 1523,3218 1523,3165 409,3191"/>
                <Baseline points="418,3217 472,3215 527,3213 582,3212 637,3211 692,3210 747,3210 801,3210 856,3210 911,3210 966,3210 1021,3210 1076,3211 1131,3211 1185,3211 1240,3211 1295,3211 1350,3211 1405,3210 1460,3209 1515,3207"/>
                <TextEquiv>
                    <Unicode>gen, welche einander entgegengestellt werden, während</Unicode>
                </TextEquiv>
            </TextLine>
            <TextLine id="r1l48" custom="readingOrder {index:47;}">
                <Coords points="417,3274 1289,3277 1537,3231 416,3226"/>
                <Baseline points="424,3264 479,3263 534,3263 589,3262 645,3262 700,3261 755,3261 810,3261 866,3261 921,3261 976,3261 1031,3261 1087,3261 1142,3260 1197,3259 1252,3259 1308,3258 1363,3256 1418,3255 1473,3253 1529,3250"/>
                <TextEquiv>
                    <Unicode>die eigentliche Handlung, welche sich um das Karriere¬</Unicode>
                </TextEquiv>
            </TextLine>
            <TextLine id="r1l49" custom="readingOrder {index:48;}">
                <Coords points="410,3317 1451,3323 1532,3274 410,3282"/>
                <Baseline points="417,3315 472,3314 527,3313 583,3312 638,3312 693,3311 749,3311 804,3310 859,3310 915,3310 970,3310 1025,3310 1081,3310 1136,3310 1191,3310 1247,3310 1302,3309 1357,3309 1413,3308 1468,3307 1524,3306"/>
                <TextEquiv>
                    <Unicode>machen des pfiffigen Fliederbusch dreht, welcher sich</Unicode>
                </TextEquiv>
            </TextLine>
            <TextLine id="r1l50" custom="readingOrder {index:49;}">
                <Coords points="418,3368 1484,3374 1535,3356 1535,3317 418,3320"/>
                <Baseline points="426,3364 481,3363 536,3363 591,3362 646,3362 701,3362 756,3361 811,3361 866,3361 921,3361 976,3360 1031,3360 1086,3360 1141,3359 1196,3359 1251,3358 1306,3357 1361,3357 1416,3356 1471,3355 1527,3353"/>
                <TextEquiv>
                    <Unicode>als Fink in der anderen Zeitung selber bekämpft und</Unicode>
                </TextEquiv>
            </TextLine>
            <TextLine id="r1l51" custom="readingOrder {index:50;}">
                <Coords points="425,3422 1453,3424 1522,3400 1522,3361 424,3372"/>
                <Baseline points="432,3418 486,3415 540,3413 594,3411 648,3410 702,3409 756,3409 810,3409 864,3409 918,3409 973,3409 1027,3410 1081,3410 1135,3410 1189,3410 1243,3410 1297,3410 1351,3409 1405,3408 1459,3406 1514,3404"/>
                <TextEquiv>
                    <Unicode>sogar zum Zweikampf herausfordern muß, weniger</Unicode>
                </TextEquiv>
            </TextLine>
            <TextLine id="r1l52" custom="readingOrder {index:51;}">
                <Coords points="417,3476 1404,3473 1523,3457 1540,3418 417,3436"/>
                <Baseline points="425,3465 480,3463 535,3461 591,3460 646,3459 702,3458 757,3458 812,3459 868,3459 923,3460 979,3460 1034,3461 1089,3461 1145,3462 1200,3462 1256,3462 1311,3461 1366,3461 1422,3459 1477,3457 1533,3454"/>
                <TextEquiv>
                    <Unicode>gut gelungen ist. Herr Götz war in dieser Hauptrolle</Unicode>
                </TextEquiv>
            </TextLine>
            <TextLine id="r1l53" custom="readingOrder {index:52;}">
                <Coords points="421,3522 1439,3528 1537,3468 421,3478"/>
                <Baseline points="429,3512 484,3511 539,3511 594,3510 649,3510 704,3510 759,3510 814,3510 869,3511 924,3511 979,3511 1034,3511 1089,3511 1144,3510 1199,3510 1254,3509 1309,3509 1364,3507 1419,3506 1474,3504 1529,3502"/>
                <TextEquiv>
                    <Unicode>sehr gut, aber auch alle andern Mitwirkenden — Frl.</Unicode>
                </TextEquiv>
            </TextLine>
            <TextLine id="r1l54" custom="readingOrder {index:53;}">
                <Coords points="418,3549 1498,3574 1540,3554 1540,3503 418,3525"/>
                <Baseline points="426,3564 481,3563 536,3562 591,3561 647,3560 702,3560 757,3560 812,3560 868,3560 923,3560 978,3560 1033,3560 1089,3560 1144,3560 1199,3560 1254,3559 1310,3559 1365,3558 1420,3557 1475,3555 1531,3553"/>
                <TextEquiv>
                    <Unicode>Garden und die Herren Eisner, Hartberg,</Unicode>
                </TextEquiv>
            </TextLine>
            <TextLine id="r1l55" custom="readingOrder {index:54;}">
                <Coords points="421,3607 1046,3628 1528,3598 1528,3561 421,3561"/>
                <Baseline points="429,3612 483,3611 538,3610 592,3609 647,3608 701,3608 756,3608 810,3608 865,3608 919,3608 974,3608 1029,3608 1083,3608 1138,3608 1192,3608 1247,3607 1301,3606 1356,3604 1410,3602 1465,3600 1520,3597"/>
                <TextEquiv>
                    <Unicode>Maluschinsky, Lenoir, Pirk, Recke, Stol¬</Unicode>
                </TextEquiv>
            </TextLine>
            <TextLine id="r1l56" custom="readingOrder {index:55;}">
                <Coords points="419,3680 1543,3655 1503,3604 419,3619"/>
                <Baseline points="427,3660 482,3658 537,3657 593,3655 648,3655 704,3654 759,3654 814,3654 870,3654 925,3654 981,3654 1036,3655 1091,3655 1147,3655 1202,3655 1258,3655 1313,3655 1368,3654 1424,3653 1479,3652 1535,3650"/>
                <TextEquiv>
                    <Unicode>fa, Strauß, Teller, Walther und Zeisel</Unicode>
                </TextEquiv>
            </TextLine>
            <TextLine id="r1l57" custom="readingOrder {index:56;}">
                <Coords points="412,3717 1446,3725 1547,3707 1547,3662 412,3685"/>
                <Baseline points="421,3708 476,3708 532,3707 588,3707 644,3707 700,3707 756,3707 812,3707 868,3707 924,3707 980,3707 1035,3707 1091,3707 1147,3707 1203,3707 1259,3706 1315,3706 1371,3705 1427,3705 1483,3704 1539,3702"/>
                <TextEquiv>
                    <Unicode>gaben ihr Bestes, so daß sich dieses nicht besonders</Unicode>
                </TextEquiv>
            </TextLine>
            <TextLine id="r1l58" custom="readingOrder {index:57;}">
                <Coords points="422,3760 1416,3773 1552,3714 422,3715"/>
                <Baseline points="430,3756 485,3755 541,3754 597,3754 652,3754 708,3753 764,3753 819,3753 875,3753 931,3753 987,3753 1042,3753 1098,3753 1154,3753 1209,3753 1265,3752 1321,3751 1376,3751 1432,3750 1488,3749 1544,3748"/>
                <TextEquiv>
                    <Unicode>wertvolle Stück des Beifalles des Publikums erfreu¬</Unicode>
                </TextEquiv>
            </TextLine>
            <TextLine id="r1l59" custom="readingOrder {index:58;}">
                <Coords points="425,3836 460,3845 479,3836 518,3845 558,3836 611,3844 627,3836 660,3839 659,3787 640,3789 598,3764 543,3774 512,3760 500,3770 448,3770 436,3783 424,3782"/>
                <Baseline points="433,3806 460,3807 487,3807 514,3807 542,3807 569,3807 596,3806 623,3805 651,3804"/>
                <TextEquiv>
                    <Unicode>en konnte.</Unicode>
                </TextEquiv>
            </TextLine>
            <TextEquiv>
                <Unicode>27. Eink-und Fliederbusch
Wien, 1. —— —
d. Hedbet
3
Schaubühne, Kunst u. Schrifttum.
7— 1. Konzert des akademischen Gesangs¬
vereines. Nach 5jähriger Pruse gab der akademi¬
sche Gesangverein Samstag und Sonntag verflossener
Woche im Künstlerhause 2 Konzerte, die sich eines
außergewöhnlichen guten Besuches erfreuten. Der Ver¬
ein sang unter der bewährten, tatkräftigen Leitung
seines Chormeisters, des Musikdirektors Karl Frotz¬
ler, die bekannten Schubertchöre: Widerspruch, Gon¬
delfahrer und Nachthelle, ferner Hummels „Ausfahrt“
„So weit“ von Engelsberg, „Zwei Könige" von
Wagner „Zum Liebchen und Liebesbotschaft“ von
Debois und als Abschluß Kirchls markigen Männer¬
chor „Wacht auf, es tagt“. Die Chöre klangen durch¬
aus jugendfrisch und zeugten von großer Sangesfreu¬
igkeit und strammer Cyordisziplin; besonders schwung¬
voll wurden die beiden viel Stimmklang fordernden
Thöre „Zvei Könige" und „Wacht auf“ zu Gehör
gebracht. Als Gäste wirkten bei beiden Konzerten
mit: Opernsängerin Marie Wessely und Georg
Steiner. Steiner hat sich in den letzten Jahren
zu vollendeter Meisterschaft entwickelt und kann nun
ruhig den ersten Geigenkünstler gleichgestellt werden;
sein seelenvolles Spiel wird den Zuhörern stets un¬
getrübten Genuß bereiten. Weniger Begeisterung er¬
weckten die Liedervorträge der Frau Wessely.
Der sichtliche Wille, den Gesängen innere Anteilnah¬
me zu geben, muß an der Gesangstechnik, die nur
auf den großen aber nicht auf den schönen Ton ein¬
gestellt ist, völlig scheitern; am besten gelangen der
Künstlerin die Schubert Lieder. Alle Darbietungen,
speziell die Steiners, fanden den lebhaftesten Beifall.
K. M. — 11.4. „Fink und Fliederbusch“
Diese Komödie von Arthur
ist ein
Journalistenstick, weich:s unsiervon
zwei Zeitungen blicken läßt und die vielfachen Schä¬
den dieses ganzen Getriebes aufzeigt. Seine Journa¬
listentypen mögen oft vorkommen und beweisen, daß
sie so schreiben, aber auch anders, ja entgegengesetzt
schreiben können. Am besten ist dem Dichter die Zeich¬
nung der politischen und eleganten Redaktion gelun¬
gen, welche einander entgegengestellt werden, während
die eigentliche Handlung, welche sich um das Karriere¬
machen des pfiffigen Fliederbusch dreht, welcher sich
als Fink in der anderen Zeitung selber bekämpft und
sogar zum Zweikampf herausfordern muß, weniger
gut gelungen ist. Herr Götz war in dieser Hauptrolle
sehr gut, aber auch alle andern Mitwirkenden — Frl.
Garden und die Herren Eisner, Hartberg,
Maluschinsky, Lenoir, Pirk, Recke, Stol¬
fa, Strauß, Teller, Walther und Zeisel
gaben ihr Bestes, so daß sich dieses nicht besonders
wertvolle Stück des Beifalles des Publikums erfreu¬
en konnte.</Unicode>
            </TextEquiv>
        </TextRegion>
        <TextRegion orientation="0.0" id="r2" custom="readingOrder {index:1;}">
            <Coords points="1602,175 1602,327 1617,327 1617,175"/>
            <TextLine id="r2l1" custom="readingOrder {index:0;}">
                <Coords points="1594,277 1604,275 1611,281 1612,279 1616,282 1626,280 1618,228 1610,229 1605,226 1604,228 1597,227 1588,229"/>
                <Baseline points="1602,277 1617,275"/>
                <TextEquiv>
                    <Unicode></Unicode>
                </TextEquiv>
            </TextLine>
            <TextEquiv>
                <Unicode></Unicode>
            </TextEquiv>
        </TextRegion>
        <TextRegion orientation="0.0" id="r3" custom="readingOrder {index:2;}">
            <Coords points="1704,153 1704,308 2138,308 2138,153"/>
            <TextLine id="r3l1" custom="readingOrder {index:0;}">
                <Coords points="1695,283 1758,259 1782,276 1863,272 1890,256 1970,283 2027,283 2044,267 2109,274 2146,256 2146,230 2070,197 2011,213 1958,193 1892,238 1853,214 1769,222 1729,199 1696,212"/>
                <Baseline points="1704,256 1729,255 1755,255 1780,255 1806,256 1831,256 1857,256 1882,257 1908,257 1933,257 1959,258 1984,258 2010,257 2035,257 2061,257 2086,256 2112,255 2138,253"/>
                <TextEquiv>
                    <Unicode>box 33/4</Unicode>
                </TextEquiv>
            </TextLine>
            <TextEquiv>
                <Unicode>box 33/4</Unicode>
            </TextEquiv>
        </TextRegion>
        <TextRegion orientation="0.0" id="r4" custom="readingOrder {index:3;}">
            <Coords points="1978,2007 1978,2581 2936,2581 2936,2007"/>
            <TextLine id="r4l1" custom="readingOrder {index:0;}">
                <Coords points="1969,2040 2156,2074 2639,2062 2767,2101 2769,2027 2473,2035 2384,1990 2296,2026 2151,2027 1971,1977"/>
                <Baseline points="1978,2034 2017,2037 2056,2040 2095,2042 2134,2044 2173,2046 2212,2048 2251,2049 2290,2050 2329,2052 2369,2052 2408,2053 2447,2054 2486,2055 2525,2055 2564,2056 2603,2056 2642,2057 2681,2058 2720,2059 2760,2060"/>
                <TextEquiv>
                    <Unicode></Unicode>
                </TextEquiv>
            </TextLine>
            <TextLine id="r4l2" custom="readingOrder {index:1;}">
                <Coords points="2099,2139 2205,2164 2246,2144 2280,2157 2367,2152 2403,2178 2473,2154 2553,2161 2544,2093 2434,2082 2404,2094 2354,2069 2313,2086 2275,2068 2223,2079 2102,2060"/>
                <Baseline points="2107,2136 2132,2136 2158,2136 2184,2137 2210,2137 2235,2138 2261,2140 2287,2140 2313,2142 2338,2144 2364,2145 2390,2146 2416,2147 2441,2148 2467,2148 2493,2149 2519,2149 2545,2149"/>
                <TextEquiv>
                    <Unicode>21. Mäl 19 (</Unicode>
                </TextEquiv>
            </TextLine>
            <TextLine id="r4l3" custom="readingOrder {index:2;}">
                <Coords points="2229,2245 2258,2264 2355,2239 2401,2261 2520,2222 2582,2253 2645,2223 2717,2256 2813,2239 2810,2168 2432,2202 2389,2184 2289,2217 2227,2196"/>
                <Baseline points="2237,2248 2265,2246 2293,2244 2322,2242 2350,2240 2379,2238 2407,2235 2435,2234 2464,2232 2492,2229 2521,2228 2549,2226 2577,2226 2606,2225 2634,2224 2663,2224 2691,2224 2719,2224 2748,2226 2776,2227 2805,2229"/>
                <TextEquiv>
                    <Unicode>Der Neue Ter Wien.</Unicode>
                </TextEquiv>
            </TextLine>
            <TextLine id="r4l4" custom="readingOrder {index:3;}">
                <Coords points="2106,2383 2645,2415 2689,2391 2889,2423 2936,2417 2937,2380 2789,2348 2722,2367 2630,2341 2107,2335"/>
                <Baseline points="2114,2369 2154,2374 2195,2379 2236,2384 2277,2387 2317,2390 2358,2392 2399,2394 2440,2396 2480,2397 2521,2398 2562,2399 2603,2400 2643,2400 2684,2401 2725,2401 2766,2402 2806,2404 2847,2405 2888,2407 2929,2409"/>
                <TextEquiv>
                    <Unicode>— Am Dramatischen Theater Stock¬</Unicode>
                </TextEquiv>
            </TextLine>
            <TextLine id="r4l5" custom="readingOrder {index:4;}">
                <Coords points="2024,2421 2326,2432 2462,2469 2943,2463 2932,2413 2313,2405 2070,2363 2025,2386"/>
                <Baseline points="2033,2424 2078,2426 2123,2429 2168,2431 2213,2433 2258,2435 2303,2437 2348,2440 2393,2441 2438,2443 2484,2445 2529,2446 2574,2448 2619,2449 2664,2450 2709,2450 2754,2451 2799,2451 2844,2451 2889,2451 2935,2450"/>
                <TextEquiv>
                    <Unicode>holm hatte Schnitlen-Journalisten¬</Unicode>
                </TextEquiv>
            </TextLine>
            <TextLine id="r4l6" custom="readingOrder {index:5;}">
                <Coords points="2029,2474 2933,2512 2935,2470 2030,2428"/>
                <Baseline points="2037,2467 2081,2469 2125,2471 2170,2473 2214,2475 2259,2477 2303,2478 2348,2480 2392,2481 2437,2482 2481,2483 2525,2484 2570,2486 2614,2487 2659,2488 2703,2490 2748,2491 2792,2493 2837,2495 2881,2497 2926,2499"/>
                <TextEquiv>
                    <Unicode>ksmödie „Fink und Friederbusch“ Erfolg.</Unicode>
                </TextEquiv>
            </TextLine>
            <TextLine id="r4l7" custom="readingOrder {index:6;}">
                <Coords points="2028,2518 2473,2517 2728,2573 2879,2552 2928,2583 2945,2504 2029,2475"/>
                <Baseline points="2036,2505 2081,2508 2126,2511 2171,2514 2216,2516 2261,2518 2306,2521 2351,2523 2396,2524 2441,2526 2486,2528 2531,2530 2576,2531 2621,2533 2666,2534 2711,2536 2756,2537 2801,2539 2846,2541 2891,2543 2936,2545"/>
                <TextEquiv>
                    <Unicode>Die Hauptrolle spielte einer der bedeutendsteu,</Unicode>
                </TextEquiv>
            </TextLine>
            <TextLine id="r4l8" custom="readingOrder {index:7;}">
                <Coords points="2012,2585 2664,2608 2665,2539 2013,2522"/>
                <Baseline points="2020,2558 2051,2558 2083,2558 2115,2559 2147,2559 2179,2559 2210,2560 2242,2561 2274,2562 2306,2563 2338,2563 2369,2564 2401,2565 2433,2566 2465,2567 2497,2568 2528,2569 2560,2569 2592,2570 2624,2571 2656,2571"/>
                <TextEquiv>
                    <Unicode>schwedischen Darsteller: de Wahl.</Unicode>
                </TextEquiv>
            </TextLine>
            <TextEquiv>
                <Unicode>
21. Mäl 19 (
Der Neue Ter Wien.
— Am Dramatischen Theater Stock¬
holm hatte Schnitlen-Journalisten¬
ksmödie „Fink und Friederbusch“ Erfolg.
Die Hauptrolle spielte einer der bedeutendsteu,
schwedischen Darsteller: de Wahl.</Unicode>
            </TextEquiv>
        </TextRegion>
        <TextRegion orientation="0.0" id="r5" custom="readingOrder {index:4;}">
            <Coords points="2913,4044 2913,4196 3152,4196 3152,4044"/>
            <TextLine id="r5l1" custom="readingOrder {index:0;}">
                <Coords points="2904,4157 2928,4158 2941,4171 3006,4167 3026,4157 3079,4179 3113,4163 3160,4166 3160,4089 3090,4097 3067,4085 3020,4103 2988,4080 2971,4088 2943,4081 2905,4097"/>
                <Baseline points="2913,4145 2939,4144 2966,4144 2992,4144 3019,4144 3045,4145 3072,4146 3098,4146 3125,4145 3152,4144"/>
                <TextEquiv>
                    <Unicode></Unicode>
                </TextEquiv>
            </TextLine>
            <TextEquiv>
                <Unicode></Unicode>
            </TextEquiv>
        </TextRegion>
    </Page>
</PcGts>
