3392 4384
292 315 1610 386 27. Eink und Fliederbusch
658 1123 1763 1284 Felbagen & Klatngn Honatshnte Hata
966 1273 1378 1330 Über die letzte Volks¬
629 1283 869 1364 ·FIL I
927 1307 1377 1369 theaterneuheit möchte
920 1351 1368 1409 ich am liebsten gar
926 1392 1368 1448 nichts sagen. Es ist
924 1425 1372 1484 für jeden Verehrer Ar¬
922 1467 1389 1524 thur Schnitzlers,
921 1511 1364 1566 und das sind wir in
919 1546 1367 1606 Wien eigentlich alle,
921 1577 1357 1642 sehr peinlich, über eine
929 1625 1355 1681 neue Arbeit dieses
920 1662 1353 1722 Dichters in jedem
915 1703 1355 1759 Sinne abfällig spre¬
921 1745 1351 1797 chen zu müssen. Aber
910 1784 1355 1830 seine neue Komödie
923 1815 1350 1875 „Fink und Flie¬
912 1858 1353 1915 derbusch“ enthält
903 1891 1353 1954 wirklich gar nichts von
942 1936 1327 1994 dem künstlerischen
902 1973 1350 2028 Wert, den im besten
914 2017 1347 2074 Sinne wienerischen
914 2050 1349 2106 Zügen, um derent¬
907 2086 1349 2144 willen wir Schnitzler
906 2131 1344 2188 lieben und schätzen.
904 2168 1341 2225 Sie will eine Journa¬
901 2209 1345 2264 listensatire sein. Wenn
902 2247 1341 2302 sie es nur wäre! Aber
904 2287 1335 2344 auch die leidenschaft¬
500 2302 1344 2384 lichen Journalistenhasser, und an denen
506 2355 1339 2420 fehlt es in Wien wirklich nicht, kommen
500 2397 1332 2452 dabei nicht auf ihre Kosten. Die Satire ist
501 2436 1340 2496 nämlich weder echt noch witzig. Dazu fehlt
508 2473 1346 2539 es ihr vor allem an Sachkenntnis, denn
492 2515 1336 2576 die Schilderung des Redaktionsgetriebes in
493 2561 1336 2625 einer großen Tageszeitung ist von einer er¬
492 2591 1342 2651 staunlich naiven Ahnungslosigkeit. Oder war
488 2642 1329 2685 es Schnitzler um den lustigen Einfall zu tun?
485 2663 1332 2722 Wenn er nur lustig wäre! In jener Redak¬
498 2734 1386 2806 Theaterbrief
510 2793 1346 2843 tion, die durch die Bank aus Einfaltspin¬
510 2841 1350 2898 seln und Charakterschwächlingen besteht, ist
514 2884 1358 2927 ein junger Mensch namens Fliederbusch, der
517 2924 1358 2964 rasch vorwärts kommen will und deshalb
510 2968 1353 3014 über denselben Gegenstand im liberalen
515 3002 1351 3042 Blatt scharf demokratische Artikel schreibt
509 3040 1348 3092 und in einem 'konservativ=klerikalen Salon¬
505 3082 1347 3124 blättchen uinter dem Namen Fink das Gegen¬
510 3115 1343 3172 teil. Er greift sich selbst gehässig an, wird
505 3146 1358 3207 genötigt, sich selbst zu fordern, auf dem Duell¬
509 3199 1359 3249 platz gesteht er den Schwindel vergulgt ein,
515 3239 1356 3289 die Chefredakteure reißen sich um ihn, die
508 3273 1344 3315 Laufbahn der Charakterlosigkeit steht ihm offen.
518 3316 1348 3363 Dieses schwankmäßige Doppelspiel entwickelt
510 3347 1351 3397 sich aber nicht fesch und übermütig, sondern
511 3389 1349 3428 schwerfällig mit einer ganz hilflosen Technik,
515 3432 1349 3485 die sich in den wichtigsten Momenten mit
511 3470 1351 3512 redseligen Einzelgesprächen weiterhilft. An
509 3507 1343 3551 manchem gehaltvollen Wort erkennt man ab
501 3547 1357 3589 und zu: die Komödie ist ja doch von Arthur
507 3588 1339 3623 Schnitzler. Aber in seine gesammelten Werke
514 3627 1340 3675 wird dieses sonderbar schief und verworren
506 3655 1345 3733 geratene unerfreuliche Stück kaum aufgenom¬
500 3698 844 3771 men werden ...
1766 285 2206 378 box 33/1
2068 679 2950 777 Borlines Bhsen Zeitung, Berüin
2299 746 2742 831 Moroanausgabe
2373 803 2625 926 Bilanz.
2032 881 2963 993 Die Wiener Theater im Herbst und
2307 956 2680 1037 Wiuter 1917.
2425 1016 2577 1085 Ben
2357 1070 2629 1132 Leo Feld.
2106 1084 3059 1183 Ja, die Bilanz dieses Halbjahres schließt nicht sehr
2059 1154 3058 1221 erfreulich. Es gibt nicht viele Aktivposten zu verrechnen.
2060 1194 3053 1262 Die bemerkenswerteste Neuheit, die das Deutsche
2063 1234 3046 1306 Volkstheater bot, war — abgesehen von der
2062 1279 3047 1337 gewiß reisdollen, aber doch fragmentarischen, ungereiften
2061 1315 3044 1377 und ungestalteten „Leidenschaft" Enlenbergs
2119 1357 3049 1419 Schnitzlers „Fink und Fliederbusch“
2054 1389 3062 1477 Ein Stück von geringer Gestaltungskraft, aber inter¬
2024 1451 3023 1523 essanten, bei uns ganz mißverstandenen Intentionen.
2876 1511 3025 1560 trotz
2025 1521 2841 1569 Weit ab von Freytags „Journalisten“ die
2032 1550 3028 1596 allem — in einer idealzstischen Auffassung und Wertung
2031 1590 3023 1638 des Berufs wurzeln. Ein wirklicher Komödiengedanke:
2036 1636 3019 1686 denn wenn nach des Dichters freilich sehr merkwürdiger
2035 1670 3027 1727 Meinung Gesinnung nur Sport oder Monomanie ist,
2031 1707 3021 1752 dann müßte der Stand, dessen Beruf Gesinnung
2035 1753 3024 1802 und deren Ausdruck ist, eine sehr fragwürdige Rolle im
2025 1783 3027 1843 Betriebe unserer Zeit spielen, um so drolliger, je mehr
2027 1823 3023 1886 er zur zweiten Form neigt, zur monomanen. Und einen
2032 1868 3017 1920 Typus dieser Form hat Schnitzler zum Helden gemacht.
2039 1909 3018 1956 Einen guten Jungen, der vom Wirbel des Augenblicks
2039 1949 3023 2003 so ergriffen wird, daß er immer wieder seinen Stand¬
2036 1987 3022 2045 punkt verliert. Also etwa eine Karikatur von Hermann
2037 2023 3021 2082 Bahr. Aber kein Mensch versteht, was diesen Flieder¬
2028 2068 3012 2125 busch immer wieder so packt, daß er zum „Fink“ wer¬
2032 2099 3012 2153 den muß. Die suggestive Gewalt, die ihn hin und
2025 2148 3038 2215 her wirst wird uns nicht fühlbar, kaum erkennbar. Undy
2025 2190 2799 2256 darumf verflattert und verstiebt dieses Spiel.
2799 2214 2977 2274 —
2313 2957 2532 3033 -30411977
1990 3018 2843 3107 Berüner Zeitung am Mittag, Berlic
1984 3105 2825 3169 Die Uraufführung von Arthur Schnitzlers
1937 3132 2842 3212 „Fink und Fliederbusch“ am Wiener
1930 3193 2834 3246 Deutschen Volkstheater, ist für den 14. Novem¬
1936 3233 2827 3301 ber sestgesetzt worden. Das Stück ist bereits
1940 3278 2833 3343 einigs Jahre alt. Der Dichter hat die Ko¬
1926 3320 2827 3381 mödiet die eine leise Aehnlichkeit in der Grund¬
1925 3353 2830 3432 idee mit dem seinerzeit aufgeführten französischen
1926 3404 2830 3489 Jeurnalistenstück „Les deux canards“ aufwies,
1936 3451 2585 3512 erst jetzt für die Bühnen freigeben.
2345 3499 2399 3538 *
