3344 4352
1693 202 2130 293 box 33/2
231 189 1529 286 27. Fink-und Friederbusen
106 395 1696 553 erementmrwamrrumenn n
123 470 459 529 seines jugendlichen
133 516 449 572 Geschmack komisch
496 494 1692 598 Gura und Herrn Waldau, von letzterem als ein Tyyns eines
2295 510 2872 593 OLeIN.Z-A
137 552 459 610 Jeit. Der ganze
488 530 1702 631 verkrachten Aristokraten, charakteristisch gegeben. Als gräflicher Ab¬
114 589 453 650 im uns das Milien
486 577 1692 670 #coidneter sprach Herr Graumann stellenweise nur mit zu wei¬
115 630 451 683 ce, die uns in den
495 617 1689 702 gehender keiser Vornehmheit Die wienerische Färbung der Kürstin
2024 580 2886 706 eitung: Bayrischer Kurier
123 669 447 725 #rungsmäßig beim
492 645 1685 730 Priska gelang Frau von Hagen besonders gnt. In Wien mag
113 703 451 762 Rodaktion ober ist
488 686 1682 786 man dem neuen Stücke Schnitzlers verhältnismäßig noch eine größere
129 748 451 799 jer und uninter¬
485 722 1690 802 Teilnahme entgegengebracht haben, da bekannte Wiener Jounalisten¬
2009 713 2831 875 schresse: München 9e2 #2#
149 785 436 842 denn es besteht
485 760 1673 863 typen darin angedentet sein sollen. Bei uns im Reiche fallen diese
120 817 444 876 isch Wirksames an
480 797 1674 915 Veziehungen natörlich von selbst fort, und was übrig bleibt, ist leider
470 841 1453 931 nicht viel und stellenweise mehr langweilig als amüsant.
126 856 435 915 nden Explosionen
2011 859 2221 936 Datum:
2833 858 3028 944 „.1.T
2672 876 2767 942 —
111 896 436 964 iel dieser jungen,
1024 911 1671 1004 Alfred Frhr. von Mensi.—
2150 903 3048 992 estdenztheater. „Finl und Flieder¬
137 936 422 993 da Fink=Flieder¬
154 976 437 1032 Henial tät selbst
2071 977 3045 1036 hnich“, „Zaktige Komödie von Artur Sch###ter,
130 1008 431 1072 ie Schattenseiten
2052 1019 2682 1096 Erstaufführunggam 8. Dez. 1917.
138 1050 433 1106 eus satirisch be¬
2149 1045 3051 1115 Der gojstniche Wiener Plauderer schhnt in seinem
138 1089 428 1148 n ein fost drei¬
2063 1095 3045 1163 Verkehrmit den Wiener Zeitungsschreifern einige von
942 1091 1001 1175 %
143 1126 431 1185 im ersten Teile
2069 1146 3049 1219 Ueberzeuglngstreue und Beständigkeit der Gesinnung
147 1167 416 1221 er Lösung tut.
2080 1175 3050 1256 recht unbeschwerte Herren kennen gelernt zu haben,
152 1206 426 1264 etzt ein solches
936 1150 1675 1286 GERLINER TAGL A
796 1163 894 1297 72
2072 1219 3050 1309 wenn sie auch nur in etwas den in seiner neuen satiri¬
160 1245 411 1297 wenn ich an¬
893 1263 984 1331 7#
147 1279 421 1344 entstanden ist,
2074 1279 3040 1342 schen Komödie so mobil gezeichneten Fabrikanten
123 1323 420 1374 terschriftstellern,
2082 1320 3042 1380 öffentlicher Meinung gleichen. Gemessen an diesen Herr¬
163 1361 419 1420 e Aufführung
2075 1365 3048 1421 schaften von der „Gegenwart“ und der „Elegunten
676 1339 1872 1464 00 Auswärtige Theatev. Schnitzlers Journalisten¬
153 1398 414 1454 k und Flieder¬
2073 1402 3042 1467 Welt“ birgt ja der von Freytag geprägte Typus
637 1401 1851 1491 stück „Fink und Fliederbusch“ wurde im königlichen
152 1436 420 1496 seden einigem
2077 1451 3055 1514 Schmock, der „schreiben kann lints und rechts“, noch
631 1453 1863 1536 Residenztheater zu München beifällig ausgenommen.
168 1472 425 1531 Veifall der
2076 1479 3049 1554 Grundsatzfanatiker. Da ist der talentvolle Jüngling
626 1493 1851 1573 Die Aufführung unter Steinrücks Leitung war, wie unser Kor¬
194 1513 405 1568 dem Stücke
628 1535 1863 1622 respondem berichtet, als Ganzes sehr gelungen.. In den Münchener
2076 1547 3051 1606 Fliederbusch, der in einem Blatt gegen seine eigenen
183 1553 407 1622 Versassers
623 1576 1862 1663 Kammerspielen fand Bruno Franks neues Drama „Die
189 1614 403 1680 ein Kurio¬
626 1614 1867 1707 Schwestern und der Fremde“ bei der Uraufführung starken
2029 1639 3078 1705 ne Artikel in einem anderen Organ so scharf volemisiert,
211 1674 392 1722 ar nahezn
613 1643 1848 1740 Beifall, besonders nach dem besten, dem dritten Akt, in dem die ganz
2096 1685 3069 1754 daß er am Schlusse ein Pistotenduell mit sich selbst
186 1708 395 1758 Redakteure
612 1719 1853 1795 zarten, nur einem dichtenden Horzen erreichbaren Szenen ihre
2094 1726 3064 1787 ausfechten soll, das natürlich nicht zustande kommen.
187 1743 401 1799 egenwarlt“
616 1750 1856 1833 wirkungsvollste Gestaltung fanden. Der Autor konnte erscheinen. —
2092 1764 3070 1814 kann und sich in ein Raketenfeuer von geistreicheluden
223 1787 393 1845 acobi,
624 1790 1850 1878 Leopold Schmidts nach Ossenbach bearbeitetes Singspiel
2103 1815 3060 1867 Bosheiten auflöst, da sind die demokratischen Mannes¬
175 1823 394 1881 ten Wioder¬
623 1846 1853 1915 „Die glückliche Insel“ hatte bei der Erstaufführung im
167 1862 381 1915 hatte. Die
2099 1854 3066 1914 stolz mimenden und servil unier der Chefredakteurs¬
617 1884 1850 1972 Hamburger Stadttheater, die alle musikalischen Reize des
174 1899 379 1954 wandt und
2092 1902 3053 1959 suchtel zusammenknickenden unvarschiedlichen Redak¬
612 1907 1841 2002 heiteren Werkes mit spielender Anmut herausholte, sehr lebhaften
159 1938 381 1991 len Subielt
2094 1949 3060 2009 tionsherrschaften, da ist der Politik als Sportsmann
614 1956 1841 2042 Erfolg. — Zum Direktor des Albert=Theaters in Dresden
147 1976 382 2036 ienst dieses
2101 1987 3066 2040 treibende feudal=konservative Graf mit dem bekangten
138 2017 382 2069 rterrolle, die
623 2004 1851 2077 wurde Paul Willi, bisher Leiter der Waldbühne Baerenburg,
2091 2031 3060 2096 Tropfen modernen Oeles, da ist der entgleiste Axisto¬
622 2042 811 2102 berusen.
109 2054 383 2114 mpfunden ist,
2092 2079 3065 2145 krat, der den Expreßrevolyer knacken läßt, die mondäne
115 2093 379 2145 eure des kon¬
663 2068 1120 2158 H- T###t
2098 2118 3060 2181 V ganz nach der schönen Pauline M. gezeichnete —
123 2135 376 2189 en unter der
2092 2162 3059 2232 Fürstin Priska — alles gut beobacktette, geschickt gezeich¬
123 2164 397 2236 ren Alten.
2088 2216 3069 2270 nete Figuren, die auch verschiedenes Geistreiche sagen
2100 2260 3063 2308 und klatschende Peitschenhiebe nach allen Seiten aus¬
2082 2298 3062 2359 teilen. Aber die horrende Unwahrscheinlichkeit, um
2101 2338 3070 2389 nicht zu sagen Unmöglichkeit der Situationen die auch
1377 2362 1743 2451 Telephon 12.801.
2100 2383 3073 2456 durch Schnitzlers Gewandtheit in Szenenführung und
2087 2425 3069 2486 Dialog nicht aus der Welt zu schaffen ist, lordert ein
1654 2460 1742 2518 56
2087 2476 3075 2535 großes Maß von Selbstverleugnung vom Zuhörer. Von #
794 2454 1723 2550 „OBSERVER.
2081 2523 3068 2588 der Ursprünglichkeit und Kraft anderer Schnitzlerschen
797 2534 1738 2589 I. österr. beh. konz. Unternehmen für Zeltungs-Ausschnitte
2078 2561 3064 2627 Musenkinder ist diese Journalistenkomödie, von der
2086 2601 3072 2677 man fast meinen könnte, der Wiener Medizinmann
812 2591 1738 2685 Wien, I., Concordiaplatz Nr. 4.
2091 2651 3071 2720 schriebe sich damit einen Groll gegen die ihn kriti¬
2086 2684 3061 2753 sierende Presse vom Herzen; wenig belastet. Ctliche
1219 2688 1510 2825 24014191,
2081 2734 3067 2800 Längen der ausgesphnnenen Umrhaltungen treten
792 2672 1206 2836 TU
2089 2771 3062 2842 noch schädigend binzu und sind nur durch ganz vor¬
2079 2824 3061 2886 zügliche flotte Wiedergaben einigermaßen auszugleichen.
921 2822 1526 2916 Schwübischer Merkbl
2081 2867 3063 2931 In dieser Beziehung tat die hiesige Aufführung viel.
2088 2910 3056 2969 Janssen war in seiner Doppelrolle ganz vortreff¬
1087 2906 1393 2979 Stuttgart
2100 2960 3059 3022 lich, geistig und körperlich agil und schuf den sich solbst
666 2991 1831 3061 Von den kal. Bühzen ist eines Gastspiels des Berliner
2098 3000 3063 3045 die journalistischen Bälle zum Polemisieren zuwerfen¬
654 3033 1797 3097 Meistetbaritons Jösef Schwarz in Verdis „Rigoletto“
2094 3045 3057 3111 den Preßjongleur fast glaubhaft e mehr ist wirklich
660 3072 1811 3148 und „Maskenball“ zu gedenken, das dem italienischsten unter
2085 3079 3049 3138 nick“ möglich. Praumann zeichnete wie immer
664 3119 1823 3181 den deutschen Sängern neue Triumphe und der Inte. danz;
2091 3136 3060 3196 seinen gräflichen Abgeordneten scharf und mit wirk¬
654 3156 1815 3206 ausverkaufte Häuser bei erhöhten Preisen brachte. Ausver¬
2096 3176 3049 3238 samer Prägung, die kuriosen Sentenzen, die ihm
660 3189 1818 3264 kaufte Häuser sind übrigens in der Oper zumal an der Tages¬
2082 3226 3051 3280 Schnitzler in den Mund legt, hatte ja er nicht zu ver¬
649 3238 1813 3295 ordnung. Gewisse Wirtschaftserscheinungen des Kriegs machen
2090 3264 3051 3310 antworten, die Wiener Redaktionsinsassen waren ins¬
662 3265 1817 3329 sich darin bemerklich. Das Hofschauspiel brachte eine Neu¬
657 3312 1697 3366 einstudierung von Grillparzers „Weh dem,
2082 3296 3055 3358 besondere bei den Herren Höfer, Lützenkirchen,
658 3341 1826 3403 lügt“ Leider versiel man in dem Bestreben den Lustspiel¬
2083 3352 3049 3417 Basil, Nadler, Stettner und Jacobi in
646 3391 1819 3444 charakter des Werkes hervorzuheben teilweise in einen
2087 3390 3051 3457 liebevollster Pflege, die den verschiedenen Abschattie¬
658 3427 1850 3490 Possenstil, der zwar die Lacher auf seiner Seite hatte, aber !.
2080 3425 3060 3501 rungen gerecht wurde, Waldau holte sich für seinen
659 3471 1853 3515 auch nur die Lacher, Arthur Schni#le#s=Journalistene
2077 3475 3065 3531 strichsicher gezeichneten freiherrlichen Beinaheerpresser
651 3498 1811 3566 komödie „Fink und Fliederbusch“ ist ron der tiefen
2090 3534 3053 3591 einen Spezialapplaus, Schwannekes geschäftiger,
653 3549 1805 3581 moralischen Wahrheit des Altwiener Werhes durch eine Kluft
2093 3571 3061 3622 im Telegrammstil redender Schmockepigone war eine
647 3579 1809 3644 getrennt. Man mag die satirische Absicht nicht verkennen,
2086 3609 3069 3676 feine Leistung. Die elegante Priska der Frau
655 3625 1813 3683 wird aber von dem Sieg eines senseits von Wahrheit und Lüge
2073 3662 3067 3723 von Hagen brachte als einzige Frau Wärme uid
655 3662 1812 3726 stehenden sournalistischen Hochstaplers zu peinlich berührt,
649 3703 1816 3757 um Gefallen an dem Stück, das auch technisch nicht einwand¬
2084 3699 3047 3744 Grazie auf die Bretter. So half alles zusammen zu
653 3742 1810 3798 frei ist, finden zu können. Das Publikum schien sich über die
2069 3730 3049 3808 einer sehr freundlichen Aufnahme 1 der Dichter hat
652 3782 1816 3821 Amoralität des Stoffes und der Personen nicht weiter den
2080 3777 3058 3859 alle Ursache, sich bei den Darstellern und Steinrücks
657 3817 1821 3875 Kopf zu zerbrechen, hielt sich an die prächtige Wiedergabe im
2080 3836 2858 3901 Spielleitung für diesen Erfolg zu bebanken.
636 3854 1463 3923 Residenztheater und spendete viel Beilall.
2689 3837 3071 3945 2. Gepfriod—
