3392 4256
1704 125 2152 222 box 33/1
244 123 1566 231 27. Einkund Frjederbusen
2111 256 2279 322 — —
2272 277 2551 365 —
2620 312 2906 376 ——
1896 355 2939 416 fordern. Er ist dazu bereit. Seine Zeugen erfahren in
1895 401 2936 470 der Redaktion des demokratischen Blattes den Namen
1904 455 2942 519 des Verfassers. Fliederbusch heißt die Kanaille, wie ihn
1899 498 2947 570 ein Redakteur des Wochenblattes charakterisiert. Durch
1906 546 2944 599 eineohonische Mitteilung erfährt Fliederbusch, daß
1904 591 2939 650 zwei Kollegen in der „Gegenwart“ die Forderung in
1907 642 2942 693 seinem Namen angenommen und auch schon die Be¬
1913 688 2933 739 dingungen festgestellt haben: ein Pistolenduell mit
1917 732 2932 806 dreimaligem Kugelwechsel, das tags darauf im Prater
1908 782 2928 834 stattfinden soll. Auf dem Kampfplatz enthüllt Fink¬
1907 827 2930 894 Fliederbusch sein Gankelspiel. Und nun zum Schluß
1907 875 2930 937 eine Gipfelszene, in der der Dichter, wie er glaubt,
778 865 1833 999 SHuVie1 Neuse Wiene: Taghlatt, Wien
1902 924 2930 985 seinen höchsten satirischen Triumpf ausspielt. Der
1912 967 2924 1024 Gesinnungslump Fink=Fliederbusch erscheint dem
1904 1010 2927 1077 Chefredakteur der „Gegenwart“ und dem Leiter der
1917 1062 2925 1133 „Eleganten Welt“ als ein junger Meister seines
1911 1103 2929 1171 Faches, den man um jeden Preis gewinnen muß. Sie
1903 1151 2920 1220 überbieten sich in Gageanträgen. Fink=Fliederbusch
1898 1186 2926 1271 lehnt ab. Er bleibt treuergeben dem Grafen Nieder¬
856 1145 1864 1300 Theater, Runst und Titeratur.
1906 1247 2923 1316 hof, der seine neue Tageszeitung ohne jede An¬
1907 1293 2919 1344 knüpfung an die „Elegante Welt“ auf sich selbst
1043 1298 1748 1405 „Fink und Fliederbusch.“
1913 1335 2918 1405 stellen will. Dieszwei Auguren sind sich über ihren
1906 1387 2918 1433 sittlichen Nihilismus klar und haben sich schon früher!
911 1383 1675 1452 Komödie in drei Akten von Arthux Sch
911 1404 1886 1505 Uraufführung im Deutschen Vorzrycater am¬
1900 1430 2931 1496 verständnisinnig angelächelt. Graf Niederhof hat
1233 1467 1554 1543 14. November.
1899 1480 2917 1539 überhaupt keine Ueberzeugung, und sein junger Ge¬
1899 1521 2912 1593 sinnungsgenosse hat zwei Ueberzeugungen. Das ist
950 1514 1904 1602 Arthur Schnitzlers jüngste dramatische Schöpfung,
1904 1569 2932 1649 die Gleichung in diesem Hexeneinmaleins. Zwei schöne
873 1561 1898 1646 die dreiaktige Komödie „Fink und Flieder¬
1912 1615 2495 1675 Seelen haben sich gesunden.
875 1622 1900 1682 busch“, liegt abseits von jenem Gebiete, auf dem
1990 1650 2919 1739 Es ist das Vorrecht des Satirikers, bittere
868 1664 1893 1742 der Dichter heimisch und aus dem er sonst seine
1904 1689 2914 1783 Wahrheiten lachend zu verkünden. Eine dieser
882 1713 1892 1783 feinsten und tiefsten Wirkungen schöpft. Kein Hauch
1898 1753 2915 1826 bitteren Wahrheiten ist die Tatsache, daß der Jour¬
876 1759 1886 1829 jener Erotik, die ihren Bogen von der spielerischen
1895 1810 2925 1869 nalistenstand wie alle andern Berufe auch unsaubere
877 1807 1900 1865 Liebelet bis zu der glühenden Liebe spannt, die über
874 1855 1894 1910 Tod und Grauen hinweg dem Lockruf des Lebens
1899 1851 2922 1918 Elemente hat. Der anständige Journalist weist jede
879 1895 1889 1976 folgt. Es ist ein liebeleeres aber auch lieblases
1897 1901 2914 1965 Gemeinschaft mit diesen Schädlingen entschieden
873 1933 1886 2010 Jonrnatistenstück, das als Satire angesprochen werden
1898 1939 2921 2023 zurück. Schnitzler weiß das. Er stellt aber gleichwohl
875 1996 1895 2063 will. Ein Journalistenstück — da taucht unwillkürlich
1904 1989 2912 2060 Feilheit des Gewissens, Charakterlosigkeit und Wort¬
1900 2036 2904 2103 schaumschlägerei als den Brennpunkt des Journalis¬
862 2032 1895 2106 die klassische Figur des Schmock auf. Armer Schmock!
1890 2076 2905 2149 mus, als Qualitäten hin, die beim Journalisten am
873 2074 1884 2164 Man lacht über ihn. Aber dieses Lachen hat keinen
1894 2125 2914 2200 höchsten gewertet werden. Ist das Wahrheit, jene
869 2131 1890 2204 herben Klang, es schwingt ja darin auch ein klein
1890 2166 2913 2245 Wahrheit, über die der Satiriker seine Geißel
869 2167 1890 2254 wenig Mitgefühl mit dem geduckten, gutmütigen
1889 2214 2902 2293 sausen lassen darf? Nein — Fink=Fliederbusch ist
875 2215 1886 2307 Reporter, der seine Metiergeheimnisse, zu denen auch
869 2253 1879 2333 seine Gabe, nach rechts und nach links zu schreiben, ge¬
1890 2270 2910 2338 ein talentvoller Klopffechter, aber kein typischer
859 2320 1880 2392 hört, so harmlos wehmütig ausplandert. Diese Gabe
1889 2313 2925 2381 Vertreter des Journalismus, kein Symbol, darin
1895 2357 2549 2416 sich dessen Wesenheit spiegelt.
869 2360 1882 2431 besitzt auch Fliederbusch, die Vordergrundsgestalt der
2538 2369 2905 2432 Nicht minder
1887 2414 2907 2477 gewichtig als dieser Einwand sind die rein
869 2399 1876 2472 Schnitzlerschen Komödie. Aber er ist dabei doch aus
1883 2451 2914 2529 künstlerischen Bedenken, die dieses Journalisten¬
855 2450 1883 2538 einem ganz andern Holz geschnitzt. Er hat Geist und
1891 2496 2912 2588 stück weckt. Schnitzler verfügt nicht über den
861 2498 1879 2574 journalistisches Temperament, steht indes als be¬
1884 2541 2906 2636 großen juvenalischen Zug jener Satire, die aus der
864 2543 1879 2629 scheidener externer Mitarbeiter der demokratischen
1875 2598 2900 2651 Empörung aufschäumt. Er ist niemals entrüstet.
867 2591 1880 2672 „Gegenwart“ — er ist Parlamentsberichterstatter —
1880 2644 2916 2712 „Wir spielen immer, wer es weiß, ist klug“ — dieses
860 2645 2902 2762 im Schatten. Er sucht sich bemerklich zu machen und  Sprüchlein seines Paracelsus ist ja auch sein eigenes
851 2670 2909 2799 würzt dann und wann seine Berichte durch polemische künstlerisches Leitmotiv. Er hat denn auch nicht jene
853 2720 2908 2866 Spitzen gegen Minister — sie werden ihm gestrichen. Wärme, die Gerhart Hauptmann in seiner satirischen;
862 2772 2896 2856 Es droht ihm deshalb sogar die Kündigung. Ein Komödie „Der Biberpelz“ ausstrahlt. Aber selbst
858 2820 2906 2950 parlamentarisches Ereignis, das er rasch ausnützt, seine sonst so eindringliche Gestaltungskraft und seine
846 2870 1874 2948 rettet ihn — es wird sogar das Schwungbrett zu
1868 2913 2903 3008 dramatischen Vorzüge vermißt man in seinem
851 2896 1876 2986 seinem jähen, glänzenden Aufstieg. Bei einem Streik
1860 2965 2885 3030 jüngsten Werke, wo ihm fast bei jedem Schritt der
847 2959 1867 3042 list Blut geflossen: einige Arbeiter und ein Knabe sind
1877 3020 2679 3078 reale Boden unter den Füßen entgleitet.
848 3016 1881 3078 erschossen worden. In der Parlamentsdebatte über
1947 3066 2891 3142 Fliederbusch ist eine Marionette. Nirgends in
849 3055 1870 3146 diesen Vorfall hat der Abgeordnete Graf Niederhof,
1866 3107 2893 3172 dieser Gestalt ein Funke echten, inneren Lebens. Aber
840 3101 1867 3191 ein Kavalier, der die Politik als Sport betreibt, er¬
1867 3153 2892 3211 er besitzt auch nicht jenen geistigen Schwung, jenen
847 3151 1863 3239 klärt, daß das Prinzip der staatlichen Autorität höher
1866 3210 2889 3270 genialen Zug einer großen Gauklernatur, der mit¬
841 3197 1851 3283 stehe als das Leben einzelner. Daraufhin in dem
1873 3252 2888 3321 reißend wirkt. Der kleine Witz seiner Doppelrolle ist
842 3248 1860 3327 Wochenblatt „Die elegante Welt“ ein den Grafen und
1863 3293 2889 3360 bald ausgeschöpft und verpufft. Feiner gezeichnet ist
843 3297 2882 3391 seine reaktionären Anschauungen verherrlichender, mit Graf Niederhof. Aber auch dieser schillernde Sophist
832 3339 1863 3426 dem Namen Fink unterzeichneter Artikel. Fliederbusch
1860 3389 2890 3459 redet ins Leere. Seinem glitzernden Steptizismus ist
842 3382 1866 3468 schreibt eine flammende Entgegnung mit ironischen
1865 3434 2888 3503 kein einziges Motiv geboten, an dem er sich drama¬
839 3433 1846 3512 Sticheleien gegen den Grafen und sprühend vor Ent¬
1861 3480 2879 3555 tisch auswirken und beglaubigen könnte. Die Re¬
839 3474 1844 3563 rüstung gegen Herrn Fink, den er als albernen,
1865 3528 2877 3591 dakteurtypen der „Gegenwart“, leicht umrissen und
837 3527 1858 3613 würdelosen Snob brandmarkt. Diesen Aufsatz spielt
1850 3571 2880 3646 von humoristischen Lichtern umflimmert, bleiben in
833 3560 1853 3664 er dem Chefredakteur Leuchter in die Hand, der in
1851 3614 2873 3690 der Anlage stecken und huschen dann nur als Bringer
833 3613 1849 3692 seinem Blatte sonst Gegensätze ausgleicht, mitunter
1851 3667 2876 3716 von Stichworten vorüber. Was sonst noch auf der
832 3654 1848 3750 aber auch betont. Diesmal hält er es für angezeigt,
1855 3715 2875 3788 Bühne herumgeistert, ist Staffage. Es ist für diese
828 3702 1840 3793 sie zu betonen. Er veröffentlicht den Artikel. Dem streb¬
834 3767 1855 3848 samen jungen Journalisten, dessen Talent in diesem
1843 3764 2869 3846 Satice bezeichnend, daß den echten Erfolg des
1845 3812 2871 3878 Abends der Reporter Kajetan errang, eine
820 3803 1847 3905 Aufsatz voll aufsprüht, winkt die Aussicht auf ein
825 3847 1633 3935 festes Engagement bei der „Gegenwart“.
1843 3856 2873 3923 ergötzliche Karikatur. Dem Publikum hat das
1829 3897 2872 3958 Stück den äußeren Anschein nach sehr behagt.
927 3897 2873 4007 Das sind die Umrisse des ersten Aktes. Der Nach allen Akten überaus lebhafter Beifall. Schnitzler
825 3940 1843 4028 zweite Akt führt die Redaktion des Wochenblattes „Die
1847 3997 2862 4065 wurde oft gerufen. — Den Fink=Fliederbusch
825 3998 1835 4080 elegante Welt“ vor, das vorwiegend Sport, Mode und
1848 4045 2881 4112 gab Herr Edthofer in einem milden Lustspielton.
814 4036 1845 4128 gesellschaftliches Leben pflegt, und einen gewählten
825 4088 1322 4142 aristokratischen Leserkreis
1839 4086 2864 4139 Aber nicht er als Zentralgestalt, sondern Herr
1754 4113 1835 4160 —
