3344 4352
254 205 2173 286 27. Einkund Fljederbusch bos 33/2
526 940 875 1015 10 1 1e Esünung.
920 944 1224 1020 A „
510 1006 2768 1073 form. Der Grundfehler der früheren mecklenburgischen Ver¬j Erklärungen der Ansicht, daß e in anllaß Weilage,  onr
2936 1010 3347 1084 unen, beun 2o zur
512 1056 2488 1119 fassungsentwürfe war es ja, daß sie diesen Widerspruch aufs wärtige Haltung Argentiniens zu ändern.
2787 1047 3321 1111 bedürfnis eines größen
1678 1160 2817 1213 Zeitung, und daß er als Fink gegen Fliederbusch polemisiert,
2827 1160 3339 1213 handeln, benutzt ihn aber a
680 1156 1496 1234 „Jink und Fliederbusch“.
1675 1206 2818 1256 ja sogar ein Duell mit sich selver annehmen muß, das fast
2829 1204 3334 1259 Komödienschach; er hat eb
1672 1242 2818 1296 zum Austrag kommt, das ist die groteste Gipfelung des lusti¬
2832 1235 3336 1300 Naivität seines Helden e
620 1233 1559 1307 Eine Journalistenkomödie von Arthur Schnitzler.
2821 1267 3329 1338 ist, die der Figur ihre Exi
1672 1278 2818 1331 gen und gerstreichen Einfalls, der dem Dichter vielleicht aus
540 1295 1637 1369 Deutsche Erstaufführung im Frankfurter
1668 1320 2815 1370 einem tatsächlichen Vorkommnis in der Wiener Zeitungswelt
2835 1304 3339 1372 und vom Abg.eiten in de
696 1333 1480 1407 Neuen Theater am 17. November.
2836 1351 3337 1411 Doppelspiel zu einer bewuß
1666 1350 2830 1417 zugeflossen ist. Der Einfall taugt sowohl für einen Schwank
561 1376 1651 1440 Es ist auffällig, daß seit Gustav Freytags „Journalisten“
2837 1395 3345 1462 Bedeutung für Schnitzler
1667 1389 2824 1463 wie für eine Komödie, und als Schwank ist er auch schon ein¬
496 1414 1664 1492 kein rechtes Journalistenlustspiel mehr geschrieben worden ist
2828 1419 3358 1493 verliert natürlich bei der
1667 1438 2817 1487 mal, unabhängig von Schnitzler, durch den Franzosen Tvistan
2823 1465 3345 1532 spiel jenseits bewußter Er
511 1466 1672 1522 oder wenigstens keines auf der Bühne Fuß gefaßt hat: aus¬
1672 1480 2826 1533 Bernard bearbeitet worden. Schnitzler mußte ihn als Ko¬
2820 1503 3339 1576 wabrscheinlichkeit und wir
515 1514 1668 1573 fällig sicherlich für den, der der Zeitungswelt fern steht, aber
1669 1513 2820 1576 mödie behandeln, und daß er zu einer heiteren, aber nicht ge¬
2828 1558 3332 1601 symtolischen Verkörperun
503 1546 1664 1606 dem Journalisten selbst eigentlich kaum verwunderlich. Weiß
1661 1541 2829 1615 rade sehr lustigen, und im Grunde bitter ernsten Komödic
2822 1581 3351 1644 Metiers. Damit kommt fr
510 1596 1675 1645 er doch nur zu gut, wie wenig Talent er hat, sich als lustige
1666 1588 2833 1655 gedieh, ist auch im Wesen des Dichters bedingt. Niemand kann
503 1628 1674 1691 Person zu empfinden und wie wenig andererseits vom jour¬
2820 1626 3328 1689 künstierische Stilreinheit d
1674 1630 2821 1691 aus seinem Schatten heraustreten. Die Gestalt des Ueber¬
500 1662 1667 1719 nalistischen Geist denen vertraut ist die Bühnenlustigleiten
2830 1671 3338 1732 in einer ziemlich realistisch,
1670 1675 2823 1730 schmocks kommt eigensten Gedantenkreisen Schnitzlers zu sehr
506 1698 1666 1762 fabrizieren. Und wenn schon Freytags biederer Humor im
2824 1706 3339 1769 Uebertreibungen gezeichne
1678 1722 2824 1776 entgegen, als daß sie ihn nicht zu gedanklichster Vertiefung
513 1748 1670 1791 Grunde kaum von seinen Zeitungsleuten selber ausgeht, son¬
2829 1736 3326 1810 dem flüchtigen Blick des 2
1675 1756 2825 1818 herausgefordert hätte Sein Dichterauge hat stets das weite
501 1784 1659 1844 dern aus alt vertrauten Lustspielquellen fließt, wie sollte wohl
2823 1783 3274 1849 tant des Kreises
1674 1794 2827 1853 Land der Seele gesehen, von ihrer ständigen Lüge und unend¬
500 1810 1667 1881 in der modernen Zeit des Telegraphen und des Telephons, der
2966 1817 3295 1886 Einer solchen
2816 1811 2968 1882 kann.
1675 1837 2825 1892 lichen Anpassungsfähigkeit, von ihrer Chamäleon= und Pro¬
508 1856 1672 1908 Schreibmaschine und des Diktaphons noch viel von Konrad Bol¬
2831 1860 3340 1927 anständige Journalist bei
1672 1882 2815 1938 teusnatur gewußt; sein Dichtergeist hat je und je den ewigen
500 1905 1671 1962 zens Laune übrig sein! Gewiß haben die Zeitungsleute ihre
2827 1908 3338 1958 fühlen, und so wird Sch
1672 1914 2825 1968 Gegensätzen Sein und Schein, Wahrheit und Lüge, Wirklich¬
506 1948 1663 1991 Originale und schnurrigen Käuze, ihre Clowns und Windhunde,
2822 1938 3331 2002 Männer von der Presse u
1667 1949 2817 2006 keit und Traum nachgesonnen, und ist gern auf den Grenz¬
507 1977 1664 2031 und manche Stunde in einer Redaktion ist mindestens
2820 1978 3360 2039 haben. Die herbe Ironie,
1671 2000 2825 2064 gebieten gegangen, wo beide ineinander überjließen und wo es¬
511 2023 1662 2072 so lustig und vergnüglich wie nur ein Lustspielakt auf einer
2831 2024 3339 2080 tischen Redaktion als ke
1672 2038 2826 2088 nur der geschickten Hand des Meisters bedarf, um Spiel und
508 2051 1662 2108 Bühne; aber dieser Humor hat mit dem Metier an sich nichts
2827 2052 3360 2119 Wiener Lokalfarben ausge
1670 2061 2369 2139 Ernst verwirkend leicht zu tauschen.
499 2100 1663 2160 zu tun, zieht seine Nahrung sicher nicht aus Druckmaschinen
2821 2107 3336 2164 der Heimatstadt des Dicht
1824 2117 2675 2188 „Es fließen ineinander Traum und Wachen,
506 2120 1674 2191 und Manuskripten, die höchstens einen spärlichen, im Grunde
2832 2148 3340 2194 ist dem fernerstehenden
1819 2165 2677 2221 Wahrheit und Lüge. Sicherheit ist nirgends.
512 2170 1665 2237 nur Fachleuten ganz eingängigen Jargon=Witz erwachsen
2826 2187 3327 2236 ob hier rein künstlerische
1811 2201 2707 2270 Wit wissen nichts von anderen, nichts von uns.
512 2207 1666 2283 lassen. Viel eher möchte Tragik auf dem Wege des heutigen
2825 2220 3334 2274 letzenden Schlüsselstückes
1826 2248 2239 2314 Wir spielen immer“
507 2257 1657 2308 Journalisten keimen, und wenn die Bühne davon wenig weiß,
2828 2259 3357 2316 spiegel blickt zwar trüb, abe
498 2281 1662 2350 so mag sie es der Verschwiegenheit der Leute danken, die sonst
2830 2298 3342 2352 Besten zu halten? Mit n
1723 2301 2813 2361 Sagt sein Parazelsus. Und Fliederbusch fragt sich in allem
505 2327 1662 2392 der Welt Fanfare blasen. Viekleicht haben die Geister des
2829 2329 3344 2403 er, daß er von dem beinahe
1667 2330 2822 2404 Komödiantenernst, ob er eigentlich Fink oder Fliederbusch sei.
510 2369 1660 2425 Humors die Zeitungswelt geräumt, als die moderne Technik
2001 2381 2053 2420 8
2824 2383 3339 2440 dem er sich an seine anti
1673 2392 2813 2450 „Ein Flieberbusch, den es gelegentlich juckt, einen Fink zu
513 2405 1660 2468 in sie einzog. Und dann: Je höher die anonyme Macht der Presse
2818 2416 3351 2483 und Leben, Traum und W
1672 2428 2823 2482 spielen? Oder ein gebarener Fink, der nur durch einen Irrium
508 2447 1669 2503 stieg, desto mehr trat die Bedeutung des Einzelnen zurück das
2814 2461 3336 2520 Reporterjournalisten, Dr. 4
1668 2464 2828 2534 des Schicksals als ein Fliederbusch auf die Welt gekommen
504 2486 1657 2557 gedruckte Wor# erhob sich immer gewaltiger über den lebendigen
2823 2497 3360 2557 selber vor, der stets mit sol
1663 2501 2817 2565 ist?“ Denn er ist nach der Formung des Dichters kein be¬
511 2529 1665 2586 Schreiber, es löste sich von ihm los zu unheimlichem Ge¬
2825 2532 3329 2605 und ein epochales Werk i
1670 2541 2824 2608 wußter Betrüger, der vor sein wahres Gesicht eine Maske
504 2560 1661 2627 epenst rleben von Begriffen, von Ideen und Schlagworten, die
2817 2578 3023 2650 verheißt.
1673 2585 2823 2648 hält, sondern ein naier Jüngling, der in der Entwickelung zu
501 2595 1669 2669 sich fast körperlos im leeren Raum bekämpfen. Kommt es da
1662 2622 2826 2693 sich selbst begriffen ist sich ist der Redaktion der demokratischen
509 2644 1659 2693 übe haupt noch auf den Urheber einer Meinung an?
2876 2632 3339 2711 Schnitzler müßte nicht
1669 2665 2823 2713 Zeitung zu Hause und im sicheren Hafen gelandet glaubt, als
496 2668 1671 2735 Und kann eine Persönlichkeit wirklich nicht mehr als eine
2814 2670 3350 2746 er ist, wenn er seinem
1663 2680 2821 2758 ihn deren Ehefiedakteur als journalistisches Talent entdeck
505 2716 1655 2773 Ueberzeugung haben? Wenn Freytags Schmock rechts wie links
2813 2730 3360 2793 bestimmter Prägung gegeb
1670 2733 2824 2795 und fest verpflichtet hat, der seine Meinung aber instinktiv
500 2761 1664 2808 schreiben konnte, kann da ein Ueberschmock nicht rechts
2822 2770 3352 2824 mit der hellen= Stimme die
1666 2778 2823 2836 sofort über Bord wirft, als er sich bei dem Herausgeber des
496 2793 1657 2863 und links zu gleicher Zeit schreiben? Denn ist das Spiel solcher
2823 2810 3360 2869 blüht nicht in klare Luft hin
1659 2807 2813 2877 konservativen. Gesellschaftsblattes von der aristokratischen
510 2837 1657 2897 journalistischen Geister nicht eine tolle Komödie der Worte?
2829 2853 3358 2902 ters überspinnen ihn mit e
1670 2837 2823 2902 Sphäre angezogen und ebenso freundlich aufgenommen
491 2868 1655 2925 Läßt sich der Kampf der öffentlichen Meinung nicht futuristisch
2825 2897 3340 2952 Symbolik: ## hat nicht
1672 2872 2818 2949 fühlt. Seine endültige Ueberzeugung findet er, in ihrer letzten
492 2911 1660 2981 als ein Wirbelreigen von fingerfertigen Schreiberhandgelenken
2831 2931 3354 2984 Handwerkertums, sondern
1674 2927 2827 2976 Formulierung, auch erst dann, als er die Bekanntschaft eines
490 2955 699 3024 malen?
2835 2974 3353 3023 Snobs zu gelten, „dieser
1665 2960 2826 3038 feudcht=tlerikalen Politikers macht, der sich auf dem Weg zur
557 2990 1661 3044 Dies Schreckbild einer grausen Zrkunft, die niemals
2825 3006 3357 3063 Feiglingen und Renegaten
1658 3003 2830 3070 Ministerlaufbahn dem Cesellschaftsblatt mit Kauf= und Neu¬
500 3042 1657 3092 Gegenwart werden darf, beschwert Arthur Schnitzler
2824 3039 3346 3113 genossen des Feudalismus“
1664 3039 2815 3115 gründugsabsichten nähert und dabei das schreibfertige Hand¬
500 3073 1657 3137 in seinem neuesten Bühnenwerk, der Komödie „Fink und
1657 3085 2814 3152 gelenk des journalistischen Verwandlungskünstlers schätzen
2822 3082 3351 3146 der Dichter auch den Ver
498 3110 1655 3172 Fliederbusch“ (Buchausgabe bei S. Fischer, Berlin).
1665 3119 2822 3172 lernt. Dieser Schmock mit zwei Ueberzeugungen hat also im
2829 3116 3359 3197 einen kierikal=tenservative
496 3142 1657 3197 Denn der Titelheld seines Stückes ist sowohl Fink als Flieder¬
1670 3168 2820 3236 Grunde gar keine; dieser Gesinnungs.ump ist eigentlich jeder
2815 3165 3352 3229 Ehrgeiz in der Mitte des
498 3184 1659 3260 busch: Fink als Mitarbeiter eines konservativen Gesellschafts¬
1668 3205 2821 3254 Gesinnung bar und der Dichter vermeidet beflissen, ihm Ge¬
2829 3201 3359 3273 und den Typ des blasierten
505 3240 3359 3296 blattes, Fliederbusch als Mitarbeiter einer demokratischen] danken oder Meinungen unterzulegen, läßt ihn vielmehr nur 1 einen Typ, der Schnitzler
763 3415 980 3509 #1.
1201 3519 1441 3624 72
