3392 4352
1680 216 2140 305 box 33/2
225 187 1539 320 27 Einkund Friederbusen
507 1268 1500 1443 Zeituang: Bagerische Staatszeitung
513 1407 1499 1559 Adrese: München 1 f. UEZ 1917
506 1554 766 1631 Datum:
427 1610 1600 1683 EAEAEKHEWIENT
1763 1639 2022 1712 M
1561 1653 1634 1717 Anrs
2680 1555 2755 1731 —
1665 1709 2884 1776 spielt nur eine Episode. Um die Niederträchtigkeit seines jugendlichen
423 1676 1443 1793 # Fink und Fliederbusch.
1666 1744 2874 1821 Helden uns vorzuführen, die nur ein perverser Geschmack komisch
553 1753 1549 1843 Romöbie in drei Alten von Arthur Schnitzler.“
1678 1783 2879 1858 firden kann, braucht der Verfasser lähmend viele Zeit. Der ganze
584 1817 1477 1893 Zum ersten Male im K Residenzthcater.
1674 1814 2880 1896 erste Alt. also ein Drittel des Stückes, gehr auf, um uns das Millen
1671 1859 2875 1925 einer Resaktion zu zeigen. Nun haben zwar Stücke, die uns in den
502 1863 1647 1944 „Fink und Fliederbusch“ ist der sehr peetische Titel für eine sehr
1669 1897 2866 1974 inneren Betrüb eines Theateis blicken lassen, erfahrungsmäßig beim
424 1904 1645 1985 prosaische, ja schlechte Suche. Seildem Gustav Frevtag seine „Jour¬
1660 1929 2876 2017 Publikum ziemlich viel Glück. Das Innere einer Redaktion aber ist
427 1946 1654 2009 nalisten“ geschrieben, ist es ziemlich lange her, und wiederholt schon
1654 1983 2864 2050 von vornherein für jeden Dritten viel langweiliger und uninter¬
416 1978 1641 2053 der Wunsch nach einem neueren, moderneren Journalistenstück aus¬
1661 2010 2874 2093 essanter, als uns der Verfasser glauben machen will; denn es besteht
422 2019 1640 2086 gesprochen worden, denn seither hat sich der deutsche Journalismus
1666 2053 2875 2119 meist aus stiller Arbeit, die so garnichts theatralisch Wirksames an
429 2073 1638 2119 in einer Weise ausgestaltet, wie man es zu Zeiten Gustav Freytags
1665 2093 2871 2168 sich hat, während sie nach Schnitzler aus fortwährenden Explosionen
426 2100 1645 2179 nicht erwarten konnte. Wenn aber Arthur Schnihzler mit seinem
1667 2129 2870 2206 bestünde. Dazu kommt noch daß man das Doppelspiel dieser jungen,
417 2139 1641 2198 Stücke recht hat, dann mußte die deutsche und insbesondere die öster¬
1658 2171 2857 2235 übeleiechenden Journalistenblüte bald durchschaut, da Fink=Flieder¬
419 2172 1641 2250 reichische Presse — denn das Stück spielt in Oesterreich — in Scham
1652 2206 2859 2276 busch ja fortwährend davon spricht und sich in seiner Gental tät selbst
422 2209 1637 2286 ihr Haupt verhüllen, denn in der ganzen Schnitzlerschen Komödie
1662 2230 2859 2318 bespiegelt. Gewiß sagt Schnitzler manch trefsendes die Schattenseiten
415 2253 1642 2316 tritt auch nicht ein anständiter Journalist auf. Die Handlung ist
1661 2284 2857 2362 des politischen, künstlerischen und jeurnalistischen Lebens satirisch be¬
413 2307 1632 2361 an dieser Stelle bereits erzühlt wetden, als der Wiener Referent der
1665 2323 2856 2397 leuchtendes Wort, aber das reicht doch nicht aus, um ein fast drei¬
421 2337 1639 2378 „Bayer, Staatszeitung“ über Die Uraufführung am Wiener Deutschen
1661 2359 2861 2437 stündiges Stück anziebend zu machen, das noch dozu im ersten Teile
425 2371 1625 2431 Volkstheater im vorigen Monat berichtete. Fink und Fliederbeisch
1657 2397 2848 2473 des letzten Aktes alles mögliche zur Hinausziehung der Lösung tut,
419 2413 1628 2474 sind zwei Pfendonyme eines jungen Journalisten, der unter dem
1660 2437 2864 2513 Es ist schon garnicht zu begreifen, wie man gerade jetzt ein solches
415 2447 1636 2520 einen Namen in einer Zeitung das bekämpft, was er selbst unter
1663 2457 2854 2542 Stück schreiben kann, denn ich irre mich wohl nicht wenn ich an¬
404 2483 1634 2549 dem anderen Namen in einer Wochenschrift geschrieben hat. Nach
1654 2495 2848 2591 nehme, daß Schnihlers Komödie in dieser Kriegszeit entstanden ist,
417 2520 1629 2575 bürgerlichen wie auch nach allen ehrenhaften journalistischen An¬
1658 2555 2853 2629 Schnitzler gehört ja zu jenen wenigen heutigen Theaterschriftstellern,
419 2562 1625 2631 schanungen ist dieser Parlamentsberichterstatter Fliederbusch also ein
1652 2589 2850 2671 die, wenn sie ein Stück fertig haben, nicht lanze auf die Aufführung
414 2602 1629 2675 schlechter Kerl. Der Eindruck wied nur dadurch gemildert, daß seine
1654 2629 2860 2705 zn warten brauchen So viel ich sehen kann, hat „Fink und Flieder¬
407 2636 1619 2706 Ehrlosigkeit und besonders sein Rafsinement bei seiner Jugend und
1648 2661 2861 2738 busch“ sowohl in Wien wie vorgestern in Berlin neben einigem
417 2673 1617 2744 bei seinem Anfängertum reichlich unwahrscheinlich sind. Der an¬
1643 2704 2853 2773 Beifall auch vielen Widerspruch erfahren. Auch der Beifall der
414 2718 1620 2786 gebliche Witz des Stückes besteht nun darin, daß Fink gezvungen
1648 2738 2858 2815 Münchener Aufführung schien mehr der Darstellung als dem Stücke
415 2753 1618 2805 wird, sich mit seinem Gegner Flichebusch zu schlagen. Zum Schlusse
1676 2782 2857 2870 eöhst zu gelten, wenn auch einzelne gute Einfälle des Verfassers
419 2795 1625 2860 stellt sich bei dem unter schweren Bedingungen vereinbarten Duell
1644 2812 2048 2887 gern belacht wurden.
408 2827 1620 2903 natürlich beraus, daß Tink und Kliedetbusch ein und dieselbe Person
1718 2846 2851 2935 Unter der Regie des Herrn Steinrück, der — fast ein Kurio¬
407 2863 1616 2944 sind. Ausanas über solche laum dagewesene Frechheit starr, sangen
1651 2892 2851 2974 sum für sich — diesmal nicht einmal selbst mitsvielte, war nahezu
397 2903 1624 2983 die Chefredakteure der beiden feindlichen Blätter sofort auf dem
1633 2937 2852 3008 das ganze Herrenpersonal beschäftigt Die verschiedenen Redakteure
405 2945 1624 3016 Duellplatze noch an, sich gegenseitig zu überbieten, um diesen ge¬
1642 2980 2851 3040 und Misarbeiter der demokratischen Tageszeitung „Die Gegenwarit“
408 2980 1615 3058 rissenen Jungen je för ihr Blatt zu gewinnen. Sie gehen aber
1636 3018 2851 3091 unter ihrem Chef Herrn Höfer hießen Stettner. Jacobi,
395 3020 1613 3096 beide leer aus, denn Fink=Fliederbusch verkauft sich einem Dritten,
1642 3054 2845 3129 Nadler, Basil, dessen kleine Rolle in der gestrigen ersten Wieder¬
399 3065 1608 3137 einem gräflichen Abgeoidneten, der ein drittes, neues Blatt gründen
389 3089 549 3160 will.
1640 3084 2848 3171 holung, der ich anwohnte, Herr Trautsch übernommen hatte. Die
1642 3131 2845 3196 Doppelrolle des Fliederbusch spielte Herr Janssen gewandt und
482 3147 1618 3215 Wenn das neue Stück einen Vorzug vor den früheren und be¬
1637 3158 2834 3239 elegant. Wenn man diesem unwahrscheinlich miserablen Subjekt
399 3183 1609 3258 rühmteren desselben Verfassers voraus hat, so ist es nur der, daß
1644 3211 2843 3273 irgend eine Sympathie zubilligen konnte, so ist es das Verdienst dieses
397 3218 1619 3290 es nicht Vernalprobleme behandelt, wie wir es bei Schnitzler seit
1639 3244 2848 3296 Darstellexs. Herr Schanneke war in einer Reporterrolle, die
403 3267 1619 3337 seiner „Liebelei“ gespohnt sind, welche das Prototyp für die meisten
1640 3287 2844 3359 dem berühmten Schmock Gustav Freytags stark nachempfunden ist,
402 3299 1611 3363 seiner späteren Stücke geworden ist. Von Liebe ist überhaupt in
1634 3326 2846 3386 ohne sie aber je zu erreichen sehr drollig. Die Redasteure des kon¬
393 3324 1615 3412 dem ganzen Stück keine Rede: es ist ein einseitiges Männerstück,
1633 3363 2838 3443 servativen Wochenblattes „Die elegante Welt“ wurden unter der
403 3383 2881 3476 und die einzige Frau darin, die Fürstin Priska Wendolin=Ratzeburg, 1 Fübruna des Herrn Lützenkirchen von den Herren Alten. 1
3161 1685 3229 1746 1
2896 1729 3283 1792 Gura und Herr. 2
2898 1768 3315 1829 verkrachten Aristolrat¬
2894 1808 3302 1871 geoidneter sprach Hert
2895 1835 3303 1905 gehender leiser Vornel
2903 1885 3303 1952 Priska gelang Frau ##
2897 1925 3308 1983 man dem neuen Stück
2895 1968 3315 2027 Teilnahme entgegengeb
2897 2006 3317 2069 typen darin angldente
2890 2038 3301 2103 Beziehungen natürlich
2890 2071 3305 2155 nicht viel und stellenve
