3436 4352
1534 194 1581 253 1
1653 181 2200 278 box 3373
290 196 1593 295 27. Einkund Fliederbuse.-
539 1088 1384 1192 Berliner Lokalanzeiger
747 1159 1194 1226 Morgen-Ausgabe
552 1160 821 1299 Berlin
960 1266 1287 1386 G9E7.107
1437 1463 2351 1524 Ansicht volle Gegenliebe, und so entsteht der Spaß,
795 1464 1167 1568 Schnitzlers
1448 1503 2344 1560 daß Herr Fliederbusch mit sich selbst zweikämpfen
1460 1551 2353 1594 soll. Es muß gesagt werden, daß alle drei Akte
1460 1589 2360 1648 der Komödie von diesem Spaß zehren, auf diesen
594 1544 1363 1649 „Zink und Fliederbusch“
1459 1629 2343 1674 Spaß zugeschnitten sind, der denn auch endlich,
558 1637 1411 1719 (Erstaufführung im Lessing=Theäter.)
1447 1659 2345 1721 kurz vor Toresschluß, zum Austrag kommt. Und
1444 1704 2348 1755 hier reichen sich endlich Satyre und Groteske, die
559 1700 1429 1757 Man muß diese gestern mit freundlichstem Bei¬
1450 1746 2352 1791 bis dahin einander ziemlich feindselig gegenüber¬
516 1752 1434 1806 fall aufgenommene Komödie, um sichim guten mit
1457 1784 2348 1826 standen, versöhnlich die Hand. Fliederbusch, als
521 1790 1434 1841 ihr auseinanderensetzen, ganz vou=der leichten
1452 1825 2350 1872 Fink entlarbt, muß nicht etwa den Blamierten
518 1825 1438 1888 Seite nehmen. Als ein loses Spit mit Worten,
1458 1866 2351 1910 spielen, sondern darf voll Genugtnung sehen, wie
514 1863 1435 1923 Gedanken und Stichen, die schließlich in den
1450 1903 2344 1944 die „Gegenwart“ und die „Elegante Zeit“ sich mit
527 1899 1438 1959 lange und grünklichorbereiteten Hauptspaß mün¬
1436 1937 2348 1995 Honorarüberbietungen um seine Mitarbeiterschaft
514 1953 1439 1998 den. Hat der geisthöher strebende Arthur Schnitz¬
1441 1978 2352 2038 reißen, während er würdevoll seine vielseilige
525 1985 1438 2044 ler diesmal wirklich nichts Bedeutenderes gewollt?
1451 2015 2354 2073 Kraft einem dritten, neuen Unternehmen weiht.
523 2023 1432 2085 Nicht etwa gar ein Journalistenlustspiel, eine Art
1485 2063 2346 2108 Es ist — fast möchte man sagen: leider! — nicht
525 2065 1434 2118 modernenGegenstücks zu Frehtags „Journalisten“
1452 2098 2346 2148 zu verkennen, daß Schnitzler sich emsigst bemüht
528 2110 1433 2162 oder ein satyrisches Gemälde des modernen Zei¬
1454 2135 2347 2182 hat, aus dem Gesinnungskünstler Fliederbusch
528 2149 1438 2208 tungsbetriebes im großen Stil? Wie dem auch
1446 2170 2355 2226 eine vertiefte und nicht nur spaßhafte Gostalt zu
524 2187 1440 2233 sei, abzurechnen haben wir nur mit einer leicht
1435 2216 2351 2265 #machen einen außergewöhnlichen Kerl, der von
524 2230 1429 2274 wiegenden Komödie, in der es kaum Menschen,
1450 2250 2346 2302 Augenblickseindrücken so heftig beeinflußt wird,
526 2263 1428 2323 sondern nur mehr oder minder unterhaltsame Trä¬
1441 2299 2350 2344 daß er sich mit etlicher Ehrlichkeit heute gegen
520 2309 1436 2367 ger witziger Schnitzlerscher Einfälle, untermischt
1449 2334 2355 2392 seine Meinung von gestern zu entrüsten vermag,
513 2353 1431 2404 mit allerlei Ernsthaftigkeiten, und eine breit ge¬
1441 2366 2359 2424 aber trotz der zur Erreichung dieses schwierigen
524 2394 1433 2430 haltene Zustandsschilderei gibt, zu deren Kenn¬
1446 2414 2346 2459 Zieles verwendeten Monologe des genial=einfäl¬
518 2436 1425 2498 zeichnung das Berliner Possenwort gelten dürfte:
1447 2448 2345 2491 tigen jungen Mannes wird aus ihm keine son¬
527 2475 1429 2528 „Da stannt der Laie, und der Fachmann wundert
1443 2482 2361 2553 derlich angenehme Figur, vor allem aber — kein
521 2510 644 2570 sich.“
1451 2525 1658 2583 Meusch.
561 2530 1430 2599 Halten wir uns lediglich an den Hauptspaß. Er
1486 2547 2364 2612 Und das wahrhaft Menschliche ist auch allen
516 2590 1438 2632 wächst aus der Figur des Journalisten Flieder¬
1442 2603 2367 2643 anderen Figuren fremb, die sich um den frag¬
512 2628 1436 2684 busch, der — kann schreiben rechts, kann schreiben
1445 2639 2365 2704 würdigen Helden scharen. Einige, wie der Aller¬
520 2676 1436 2714 links, kann schreiben nach allen Seiten. Herr
1436 2676 2361 2741 weltsschreiber Kajetan, sehr drollig (wenn auch
515 2712 1435 2761 Fliederbusch zeigt uns so recht, was aus Frehtags
1455 2716 2351 2767 nicht ohne beklemmend wirkende Bühnen¬
529 2757 1434 2798 armseligem Schmok hätte werden können, wenn
1455 2763 2346 2804 Vorbilder), typisch für die Zunft der Tages¬
520 2797 1441 2839 ihm die Konrad Bolzens nicht mit ehrenwerterer
1458 2800 2352 2861 schriftsteller keine. Der echte Schnitzler kündet
528 2830 1426 2876 Ausübung ihres Berufes ins Handwerk pfuschten.
1446 2832 2343 2881 sich in dem fein gezeichneten Aristokraten, Sports¬
533 2872 1435 2913 Fliederbusch schreibt in dem ultra=reaktionären
1440 2874 2351 2936 mann und Politiker Grafen Gisbert Niederhof,
526 2913 1428 2964 Wochenblatt: „Die elegante Zeit“ stürmisch nach
1440 2917 2353 2957 der besonders in einer freilich sehr ausführlichen
518 2952 1434 2999 rechts und alsbald in der Tageszeitung „Die
1448 2953 2357 2996 Auseinandersetzung mit Herrn Fliederbusch mit
519 2992 1443 3032 Gegenwart" mit gleicher Leidenschaft nach links.
1437 2987 2364 3053 jovialem Zynismus die Nichtigkeit aller Fragen
527 3026 1436 3081 Er greift seine eigenen Artikel aufs heftigste an
1441 3031 2353 3106 und Dinge, um die die Menschen dieser Welt sich
521 3062 1428 3127 und beschimpft den pfeudonymen Fink so wutvoll,
1454 3079 1990 3133 zu streiten pflegen, darlegt.
518 3111 1438 3160 daß die schneidigen Redaktionsherren der „Elegan¬
1473 3106 2332 3169 Ohne einen Fliederbusch=Fink von Schauspie
526 3151 1433 3202 ten Zeit“ nur einen Austrag dieses Zwistes zwi¬
1448 3154 2344 3215 lers Gnaden kann es dem Stück leicht übel er
530 3184 1435 3244 schen Fink und Fliederbusch mit den Waffen für
1453 3195 2333 3251 gehen. Gestern kämpfte Bassermann für die
535 3230 1439 3274 möglich halten. iSe finden bei den kaum minder
1441 3238 2330 3298 Rolle, die eben wirklich nur eine Rolle is
539 3270 2338 3340 schneidigen Herren von der „Gegenwart“ mit ihrer Auch seiner Kunst der Gestaltungskraft gelan
2652 1375 3291 1442 — den Rongreß Erfuchen;
2388 1391 2647 1483 S
2367 1471 3281 1525 es nicht, diesen Eindruck zu verwischen. Er ver¬
2366 1515 3282 1579 suchte es mit einer niedlichen Mischung von
2358 1565 3272 1615 Trottelei, Verschmitztheit und ehrlicher Jungen¬
2367 1597 3272 1652 haftigkeit und brachte so auch vieles wirksam und
2362 1632 3274 1693 belustigend heraus, aber schließlich blieb die
2365 1672 3272 1730 Figur do chnur ein Witz Arthur Schnitzlers. Frei¬
2361 1717 3268 1773 lich fehlte ihm vielleicht die naibe Unverschämt¬
2352 1748 3270 1796 heit der Jugend. .. Alle übrigen Gestalten kom¬
2356 1790 3273 1849 men über den episodistischen Charakter nicht hin¬
2366 1828 3275 1893 aus. Sie fanden ausnahmslos die rechten Dar¬
2357 1877 3271 1926 steller; besonders erheiternd war Kurt Götz in
2357 1907 3264 1970 der mit fest zugreifender Komik wiedergegebenen
2359 1950 3275 2005 Rolle des Allesmachers Kajetan, sehr fein und
2360 1979 3272 2049 liebenswürig Ferdinand Bonn als Graf Nieder¬
2353 2026 3260 2088 hof, neben beiden die Herren Schroth, Wallauer,
2353 2064 3265 2125 Landa, Licho und Sternberg in hervortretenderen
2358 2099 3258 2167 Aufgaben. Ilka Grüning hatte wieder als einzige
2363 2134 3259 2201 Vertreterin der holden Weiblichkeit durch das
2351 2167 3263 2250 Vielmännerstück zu wandeln und benutzie freudig
2364 2228 3269 2282 die Gelegenheit, einmal scharmant aussohen und
2359 2270 3270 2322 mit gemütlicher Vornehmheit weanerisch plau¬
2366 2293 2680 2370 schen zu dürfen.
2797 2300 3245 2381 Julius Keller.
