3436 4352
1776 207 2238 292 box 33/3
304 227 1626 318 27. Eink-und Frjederbusch
912 1318 2860 1412 der Medaille sah: der schon vor Pilatus den Satz der Komödie. Vielleicht weil sie österreichischen
1893 1372 2857 1432 Lokalton hat. Ihre innere Ueberlegenheit tut ein
907 1388 1883 1451 erfunden haben könnte: „Was ist Wahrheit?“
1882 1425 2861 1476 übriges, auf die Herren Eintaaschronisten zu
925 1428 1882 1490 (Wahrheit ist: was sich mit besseren Gründen
1882 1462 2863 1507 drücken. Seine Base, die Fürstin Priska, wandelt
920 1481 1886 1542 stützen läßt; wie aber, wenn jede Auffassung mit
1886 1506 2860 1577 ziemlich farblos als einzige Frau unter lanter
923 1519 1878 1578 gleich guten Gründen verteidigt werden kann?)
1887 1548 2856 1617 Männern, wenn auch nicht unter lautern Män¬
924 1559 1879 1617 Mein Freund Karneades hat immerhin die sophi¬
1887 1595 2642 1662 nern, durch eine liebeleere Komödie.
922 1604 1886 1674 stische Freude an der Argumentation für sich.
1941 1611 2862 1690 Die Aufführung des Lessing=Theaters litt für
927 1649 1884 1702 Schnitzlers Geschöpf, ein Verwandlungskünstler
1891 1671 2874 1732 mein Empfinden verderblich unter der Besetzung
918 1693 1882 1745 der Feder, hat den Mangel an Ueberzeugungs¬
1900 1719 2864 1774 der Titelrolle durch Herrn Bassermann. Er hatte
921 1729 1888 1784 treue gegen sich. Grotesk, ihn mit realistischen Ge¬
1888 1752 2871 1822 einen Frechdacks von bestrickender Jugendlichkeit
922 1774 1887 1839 stalten aus der Redaktionsstube zu umgeben. Noch
1897 1813 2861 1867 zu spielen; er glaubte, ihn mit dalberndem Getue
921 1819 1884 1890 grotesker das durch Personalunion der Gegner
1898 1844 2870 1907 bewältigen zu können. Unmöglich! Wie er mitt
913 1861 1888 1918 verhinderte Duell; fast schon burlesk wie der Zwei¬
1887 1884 2866 1952 übler Grandezia und gecuälter Grazie, stelzbeinig,
927 1908 1757 1959 kampf in Shakespeares „Was ihr wollt“.
1891 1930 2867 1999 und selbstgefällig sich in Szene setzte, das erinnerte
986 1945 1881 1999 Ein Einfall — Tristan Vernard soll den giei¬
1893 1972 2862 2044 schmerzlich an den verstorbenen Beerbohm Trees
926 1980 1887 2043 chen gehabt haben — war die Urzelle der Schnitz¬
1896 2015 2865 2081 wenn er in vorgerückteren Jahren den letzten
916 2030 1890 2076 lerschen Komödie. Die Einfälle für ihre Ausge¬
1895 2051 2869 2117 Dandy zu machen suchte. Durch wohltuends
922 2071 1891 2128 staltung stellen sich nur spärlich ein. Die Arbeit
1895 2099 2861 2156 Schlichtheit, die ihm nicht als Patengeschenk in
931 2116 1888 2167 liebäugelt damit, wenn es schon nicht in ihrer
1905 2144 2872 2211 die Wiege gelegt wurde, stach hiervon Herr Bonn
921 2161 1893 2209 Absicht lag, ein Journalistenstück up-to-date zu
1894 2201 2863 2246 als adliger Pserde= und Menschenkenner ab. Man¬
930 2193 1892 2257 sein; Journalisten werden mit Recht finden, daß
1897 2226 2867 2290 stand fast unter dem Eindruck, als könnt' ein
915 2244 1885 2288 es von einem Außenseiter stammt. Wenn Tages¬
1900 2264 2872 2340 Komödiant einen Künstler lehren. Die Angestells¬
925 2284 1897 2367 schriftsteller so viel schwatzten, käme nie ein Artikel
1901 2299 2863 2378 ten der einander bchdenden Zeitungen boten
918 2333 1889 2382 zustande. Wenn sie nicht korrumpierter wären als
1902 2361 2871 2426 alles auf, ihren Episoden Blut einzuträufeln, was
919 2371 1891 2420 die Herren der „Gegenwart“, dürfte sich die Wie¬
1902 2399 2857 2456 einigen von ihnen in Anlehnung an lebends
921 2416 1897 2468 ner Presse sehr, sehr anständig nennen. Schnitzlers
1908 2446 2877 2518 Modelle in unterhaltender Weise gelang. Dock
933 2463 1892 2510 Stellung ihr gegenüber wird nicht recht ersichtlich.
1909 2493 2369 2550 das ist kein Kunststück.
928 2500 1898 2572 Wollte er spiegeln, so stellte er einen Zerrspiegel
1962 2506 2890 2588 Ein Fliederbusch mit vielen Blüten füllte dass
928 2546 1902 2604 auf; wollte er geißeln, so traf er nicht den emp¬
1897 2573 2878 2628 Parkett und gab sich redlich Mühe, einen Erfolgs
932 2590 1894 2650 findlichen Körperteil; wollte er lachend die Wahr¬
1900 2600 2888 2677 zu erzwingen; doch von oben pfiff ein Fink, daß
936 2626 1903 2683 heit sagen, so hat sich dieses Lachen nicht auf die
1906 2640 2880 2718 es eine Art hatte oder eher unartig. Eine Eini¬
934 2670 1899 2733 Hörer erstreckt. Bei vielen Gegenständen mag es
1916 2691 2873 2760 gung der Parteien war nicht zu erzielen. Alss
925 2707 1899 2783 schwer sein, die Satire nicht zu schreiben; bei den
1901 2742 2884 2802 schließlich Direktor Barnowsky dankend erschieng
931 2758 1901 2811 Journalisten, diesen Glückspilzen, ist es offenbar
1911 2790 2877 2849 meinte ein Ausharrender, der den Dichter durchaus
931 2806 1899 2872 schwer, die Satire zu schreiben. Auch Schnitzler
1900 2833 2874 2893 sehen wollte, zu seiner Frau: „Siehste, wer haben's
939 2843 1897 2908 hat sie nicht geschrieben. Mehr zu Hause fühlt er
1913 2856 2875 2948 jeschafft!“ Solche Zeitgenossen bevölkern jetzt die
932 2891 1901 2937 sich bei den von ihm gehätschelten Aristokraten.
1909 2926 2099 2988 Theater.
938 2931 1905 2996 Sein Graf Niederhof — Politiker, Sportsmann,
2670 2936 2880 3016 M. M. 4
936 2955 2246 3043 ernüchterter Unternehmer — ist die echieste Gestalt! 9. Dezember.
