3344 4320
247 173 1552 252 27. Einkund Fljederbusch
577 991 1485 1143 Arthur Schnitzlers Jeurhalistenstück
701 1067 1367 1217 „Fink und Fliederbusch“.
420 1205 1696 1253 Das neue Stück von Arthur Schnitzler, die drefaktige Ko¬
345 1253 1691 1316 mödie „Fink und Fliederbusch**), ist im Wiener Deut¬
384 1293 1694 1357 schen Volkstheater zur Uraufführung gekommen, während,
369 1331 1687 1382 die bisherige Stätte der Erfolge des Autors das Hofburgtheater
369 1365 1696 1417 war. Es ist uns nicht bekannt, ob die Hofbühne auf das Stück von
364 1405 1695 1474 vornherein verzichtet oder ob Schnitzler es dort überhaupt nicht
366 1445 1691 1508 eingereicht hat. Arthur Schnitzler ist der vepräsentativste Dichter
359 1492 1692 1527 Oesterreichs. Sein Name verpflichtet. Ein neues Stück von
367 1528 1675 1580 Arthur Schnitzler: da horcht die ganze literarische Welt mit be¬
357 1565 1685 1619 rechtigter, froher Erwartung auf. Schon der letzte Romau des
361 1609 1677 1661 Dichters, „Doktor Gräsler, Badearzt“, brachte eine Enttäuschung,
362 1650 1689 1695 „Fink und Fliederbüsch“ eine noch stärkere. „Fink und. Flieder¬
358 1695 1686 1753 busch“, das ist ein und dieselbe Person, ein junger, zwanzig¬
369 1726 1675 1780 jähriger journalistischer Anfänger, der als „Fink“ in einem
368 1778 1674 1829 Salon=Wochenblatt, welches Schnitzler selbst als „Revolverblätt¬
355 1814 1675 1871 chen" bezeichnet, für die Feudalen eintritt und als „Fliederbusch“
366 1855 1680 1912 in dem großen liberalen Tagblatt Die Gegenwart dieselben und
367 1897 1670 1957 die Ansichten Finks mit rücksichtsloser Schärfe bekämpft. Die
354 1935 1685 1993 Sache kann auf die Dauer nicht weitergehen und führt zu Kom¬
361 1969 1689 2034 plikationen, in deren Verlaufe Fink gezwungen wird, sich mit
364 2020 1689 2075 Fliederbusch, also mit sich selbst, zu schlagen. Es kommt natürlich
359 2062 1690 2102 auf, daß Fink und Fliederbusch der gleiche Verfasser ist, dies wird;
358 2097 1686 2139 als „Spaß“ betrachtet, und die beiden Chefredakteure reißen sich
358 2139 1689 2193 darum, die „begabte Kraft“ zu gewinnen, die sich aber schließlich
364 2182 1689 2245 für den hochgeborenen Grafen Niederhof entscheidet, der ein
357 2207 1167 2268 reaktionäres Parteiblatt gründen will.
422 2247 1692 2314 Es ist also ein Journalistenstück, in dem Schnitzler die
366 2295 1689 2354 Zeitungsleute mit gewissen Aristokraten in einen Topf wirst.]
366 2343 1685 2393 Seine „Journalisten“ sind ein gesinnungsloses, verächtliches Pack.
368 2382 1688 2433 Der Autor verfällt in den Fehler, der Journalisten so oft zum
363 2422 1679 2483 Vorwurf gemacht wird: der Oberflächlichkeit. Wie es in der
358 2463 1689 2524 Arbeitsstätte einer großen modernen Tageszeitung aussieht,
364 2500 1681 2553 davon hat den Dichter herzlich wenig Ahnung. Dagegen scheint
355 2530 1679 2597 er in das Getriebe des Revolverblättchens gründlichen Einblick
354 2577 1685 2639 getan zu haben. Glaubt Schnitzler wirklich, daß eine große
359 2618 1672 2681 politische Tageszeitung sich in eine Polemik mit einem solchen ein¬
356 2659 1669 2703 lassen wird? Zudem lassen die Qualitäten des Stückes zu wün¬
357 2695 1690 2735 schen übrig. Der erste Akt, der in der Redaktion der Gegenwart
356 2725 1685 2802 spielt, hat lebendige Szenen. Dann arbeitet aber Schnitzler viel
368 2777 1674 2825 mit Monologen, weitschweifigen politischen Dialogen, läßt ganze
360 2820 1679 2885 Leitartikel nicht nur vorlesen, sondern auch sprechen. Das wirkt
361 2864 1667 2912 langweilig. Die Vorgänge eines theaterfesten Stückes müssen sich
358 2893 1699 2982 aus der Handlung selbst entwickeln. „Fink und Flicderdusge hat.
769 2935 1192 2985 M nn
321 2989 1664 3043 #nur eine einzige Frauenrolle, die den reklamefüchtigen, mit dem
1103 3025 1150 3055 00
335 3015 1649 3064 berüchtigten Wochenblatt eng befreunderen Gräfin Wendolin, von
1120 3066 1165 3095 51
837 3069 869 3094 *
345 3060 1659 3112 deren Liebesabenteuern uns der Dichter viel erzählt. Schnitzler
343 3109 1659 3147 und seine Freunde werden Inwerfen, daß Journalisten, die über
346 3149 1654 3202 jedermann zu Gericht sitzen, surchtbau empfindlich werden, wenn
344 3186 1660 3233 man sie selbst einmal mit derber Hand anfaßt. Daß aber die
352 3218 1658 3271 Marionetten, mit denen Schnitzler spielt, — denn seine Figuren
350 3253 1665 3323 haben weder Fleisch noch Blut — Journalisten genannt werden
356 3299 1652 3361 dürsen, dagegen muß sich jeder ehrliche Zeitungsmensch mit Ent¬
354 3346 1657 3397 schiedenheit verwahren. Das Publikum, welches Schnitzler, und
352 3388 1663 3442 mit Recht, liebt, bezeigte ihm gebührende Achtung. Nach dem
353 3426 1651 3475 ersten Akt verflachte sich das Interesse immer mehr, und am
351 3454 1652 3508 Schlusse mischte sich in den Beifall das Zischen der Ablehnung. In
355 3502 1647 3559 „Fink und Fliederbusch“ hat man das liebe, vertraute literarische
355 3546 1656 3596 Antlitz von Arthur Schnitzler nicht wiedererkannt. Hoffentlich
364 3592 1200 3659 findet er bald aus diesem Irrweg heraus.
982 3617 1614 3707 Ludwig Klinenberger.
988 3686 1251 3739 —
1715 162 2119 250 box 33/1
2298 1220 2580 1311 A ANVTa•7
2589 1281 2959 1400 P
2256 1305 2511 1393 al###e
2584 1467 2651 1526 Wir
1821 1467 3097 1535 Der neue Artbur Schnitzler. Aus enschreibt uns unser
1767 1528 3098 1568 h. JI.=Mitarbeiter: Die Ueberschrift dieser Zeilen darf auch persön¬
1773 1558 3104 1625 ich genommen werden. Anläßlich der Uraufführung von Schnitz¬
1771 1589 3102 1672 ##eirs neuer Komödie „Fink und Fliederbusch“ im Deutschen
1780 1640 3094 1688 Volkstheater haben wir die Bekanntschaft eines neuen Schnitzler ge¬
1768 1687 3090 1752 mächt. Das ist umso überraschender, als das Stück schon etwa fünf
1774 1708 3098 1767 Jahre alt ist und so lange in der Schreibtischlade geblieben wan, weil sein
1781 1741 3092 1820 Grundgedanke sich dadurch einen leidigen Zufall mit dem eines Schwankes
1778 1792 3084 1845 von Tristan Bernard deckte. Fliederbusch ist ein kleiner jüdischer Jour¬
1785 1831 3093 1901 nalist, der unter dem Namen Fink in einem fendal=klorikal=reaktio¬
1782 1882 3086 1941 nären Wochenblatt Artikel schreibt, deren Teudenz die den Actikeln des
1773 1907 3089 1981 Fliederbusch in einem demokratischen Organ gerade entgegengesetzt ist.
1776 1952 3089 2025 So rempelt Fliederbusch den Fink und dessen gräflichen Gönner an
2933 2000 3095 2052 Sremnge
1829 2085 3142 2153 und Fink wird gezwungen, den Fliederbusch zu fordern. Das Duell
1831 2129 2112 2179 mit sich selbst —
2151 2131 3130 2183 das soll der Spaß sein. Aber er lappt nicht und die
1829 2172 3130 2226 Lösung auf dem Duellplatz, die grotesk=übermütig sein sollte, versagt
1832 2207 3131 2268 völlig. Die Lizitation, welche die Chefredakteure und der gräfliche
1833 2236 3137 2294 Politiker, der ein neues Blatt gründen will, veranstalten, um sich die
1822 2281 3137 2347 Charakterlosigkeit des Herrn Fliederbusch=Fink für ihre Unternehmungen
1815 2321 3131 2379 zu sichern, ist arg geschmacklos, was dem früheren Schnitzler nie zu¬
1818 2363 3124 2413 gestanden wäre. Das Stück spielt natürlich im Journalistenmilieu, ar¬
1826 2400 3122 2440 beitet jedoch mit ein paar ziemlich schief gesehenen Aueßerlichkeiten und
1821 2438 3136 2498 kommt weder dem Ernst und dem Humor des Beruses in die Nähe. Es ist
1829 2485 3125 2543 eine mutlose und lahme Satire, die verstimmt ohne zu verwunden.
1821 2522 3117 2566 Schnitzler ist hier mehr als je zuvor nur ein Betrachter, aber kein Ge¬
1829 2561 3120 2604 stalter. Gespielt wurde die Komödie zu der auch die kleinsten Rollen
1826 2598 3130 2635 mit ersten Kräften besetzt waren, sehr gut. Der äußere Erfolg war der
1829 2631 3130 2685 eines Schnitzlerabends, an dem die Freunde nicht merken lassen wollten,
1815 2672 2302 2735 wie enttäuscht sie waren.
1890 2741 3122 2805 Aus Frankfurt a. M. wird uns geschrieben: Als reichsdeutsche
1828 2776 3129 2842 Erstaufführung brachte das Neue Theater Schnitzlers Journa¬
1813 2828 3134 2872 listenkomödie „Fink und Fliederbusch“. Zu seiner Ehre darf
1821 2866 3140 2915 man wohl annehmen, daß er mit dieser um eino Schwankidee herum
1819 2908 3140 2966 mißglückten furchtbar redseligen Komöbie nicht das immer noch ersehnte
1818 2938 3125 2990 deutsche Journalistenlustspiel schreiben wollte. Trotz sehr guter kraft¬
1825 2983 3129 3037 voller und in Einzelleistungen vortrefflicher Darstellung war das
1823 3009 3129 3064 Publikum nicht begeistert, wenn es auch nach jedem Akt einmal mehr,
1812 3055 2410 3113 einmal weniger Beifall zollte.
2965 3064 3095 3110 c.m.
1894 3088 3116 3155 N. Wagner in Meiningen war ein Ereignis, das die herzogliche
1814 3117 3122 3190 Kunststadt an der Werra in der Aufführung des „Siegfried“ zum
1821 3174 3131 3226 ersten Male genoß. Unter der Regie des Hofrats Fritz Rémond,
1815 3207 3128 3255 Cöln und Carl Hollys, Schwerin, sowie der musikalischen Leitung
1811 3246 3133 3307 Professor C. Pienings ging das Wagnersche Musikdrama mit Heinrich
1821 3290 3122 3333 Knote, München (Siegfried), Erna Denera, Berlin (Brünnhilde),
1818 3328 3132 3378 Ottilie Metzger, Hamburg (Erda), Theodor Lattermann, Ham¬
1825 3364 3124 3407 burg (Wanderer), über die Schauspielbühne Meiningens, deren Or¬
1826 3402 3135 3456 chesterräume Künstler aus Meiningen und Coburg füllten. Das ausper¬
1823 3440 3137 3502 kaufte Haus, an der Spitze das Herzogspaar, nahm das Wagner¬
1815 3477 2352 3532 werk mit Enthusiasmus auf.
