3344 4352
266 197 1573 302 27. Einkund Fliederbusch
768 1604 1521 1722 Dresdner Nachrichter
527 1731 833 1821 24.JA 1 7
634 1894 1771 1973 * Die Presse im Drama. Wieder einmal ist der Kmis¬
559 1943 1776 2015 Auf der Stoffe zu beobachten. Nicht weniger als vier
569 1979 1776 2046 Journalistenkomödien sind neuerdings geschrieben
562 2012 1769 2063 worden. Die eine stammt von Rudolph Lothar und har
1708 2063 1767 2103 42
570 2064 1750 2114 vor turzem in Prag unter dem Titel „Das Morgenblatt
558 2101 1771 2153 ihre erfolgreiche Uraufführung gehabt. Das zweite ist von
573 2125 1767 2200 einem ungenannten Verfasser und im Jofesstädter Theaten
571 2173 1776 2219 in Wien eingereicht. Das dritte rührt von Artur Schnitz¬
1587 2218 1811 2278 TI
575 2205 1634 2266 ler her. Das vierte Stück dieser Gattunghät F
558 2236 1765 2310 Salten stizziert; er ließ nur noch drei neue Einatter
567 2283 1756 2358 seiner Journalistentomödie vorangehen. Schnitzler hat sein.
563 2335 1762 2389 Lustspiel bereits vor über drei Jahren fertiggestellt. Burg¬
567 2354 1769 2411 theaterdirektor Thimig hatte es gelesen und war besonders
565 2406 1756 2466 von der echten Milienschilderung und dem seinen Komödien¬
569 2443 1768 2501 ton befriedigt. Damals kam jedoch ein Journalistenstüch non
569 2465 1760 2540 Tristan Bernard im Josefstädter Theater heraus — übri¬
564 2516 1761 2565 gens eins seiner mattesten — und man verschob die Auf¬
567 2554 1752 2617 führung. Später kam der Krieg. Und Artur Schnitzler ven¬
567 2579 1765 2657 schob wieder; seine „Komödie der Worte“ schien ihm für diess.
573 2624 1768 2700 Zeit possender. Und so wartet seine Jonznalistenkomböre.
663 2704 1866 2831 wie so manches andere auf den Frieden. Interessant ist,
656 2759 1841 2849 daß das Wert dem Burgtheater seinerzeit ohne Titel ein¬
661 2810 1849 2896 gerlicht war. Der Dichter konnte keinen charakteristischen
656 2827 1854 2933 Lustspieltitel finden. Es ist noch nicht lange her, daß ihm zu
651 2869 1866 2985 dem fertigen Stück ein Titel eingefallen ist. Er Mutetz
658 2908 968 2980 „Die Ente“.
740 2957 1849 3080 fins rämliche Tatenstätte wurde in Bari allsachckt.
1668 195 2184 292 box 33/4
2220 670 2475 755 11.91715•7
2013 794 2799 908 eligerneiner Tiroler Auseiner
2245 875 2557 963 Innshmnel
2032 936 2993 1021 D Jeristent Pöchter von L. Hatbs.
1972 1004 2998 1073 Die Journalisten. Lustspiel von Gustav Frey¬
1952 1035 2994 1108 tag. Anfangs November wurde in Wien eine Jour¬
1971 1085 2988 1143 nalistenkomödie „Fink und Fliederbusch“ von Artur
1964 1125 2991 1189 Schnitzler uraufgeführt; hier gab man dafür gestern
1966 1170 2992 1232 das fünfündsechzig Jahre alte Lustspiel von Freytag
1968 1223 2980 1286 aus demselben Stande und der traurige Tiefstand un¬
1966 1262 2986 1329 seres lieben deutschen Lustspiels bringt es mit sich,
1964 1315 2979 1377 das man die Rückständigkeit unserer Theaterleitung
1973 1344 2983 1418 bedanken muß. Denn das neue Journalistenstück soll
1972 1387 2990 1465 so kläglich dürftig sein, daß es genug ist, uns „die
1968 1440 2989 1480 Kritik waffenlos und mitleidig zu machen“. Dieser
1969 1480 2985 1546 Umstand läßt wohl auch noch besonders freundlich mit
1957 1527 3068 1603 dem alten Ding umgehen, wenn man deshalb auch noch 12
1966 1571 2983 1629 lange nicht die erhebliche Uebertreibung zu teilen
1962 1616 2986 1692 braucht, die das Stück das beste deutsche Lustspiel des
1970 1662 2992 1740 19 Jahrhunderts nannte und es neben „Minna von
1968 1706 2980 1772 Barnhelm“ und den „Zerbrochenen Krug“ stellte. Da¬
1956 1759 2975 1812 zu ist es denn doch zu sehr technisch als lustig, hat auch
1968 1803 2988 1863 19. Jahrhunderts nannte und es neben „Minna von
1952 1847 2989 1907 seyr der treibende Keim, wie auch der zeitgeschichtliche
1963 1893 2976 1957 Hintergrund und die Schilderung der Redaktionsstube
1956 1929 2970 2004 sich z. B. mit der des Soldatenstandes in Lessings
1946 1988 2972 2050 Drama nicht von fern vergleichen kann. Man freut sich
1945 2033 2981 2084 des Epikers Freytag, möchte diesem im Drama aber
1949 2070 2975 2129 doch nicht gar so häufig begegnen. Im übrigen wirkt
1950 2128 2978 2196 auch das Alter heute schädigend genug auf den schon
1950 2169 2971 2232 für die Entsichungszeit aus alten Lustspielquellen flie¬
1953 2200 2986 2284 ßenden Humor, wie auch die kleinen und kleinlichen
1949 2255 2983 2323 Wahlkämpfchen uns Großschlachtzeitgenossen wenig
1953 2299 2976 2366 meyr ansprechen. Aber die Ehrfurcht wird man dem
1938 2352 2972 2408 guten alten Ding nicht versagen das auf jeden Fall
1951 2392 2960 2461 Schule gemacht hat und heute noch imstande ist, beden¬
1947 2426 2968 2503 kenlos sich freuen zu lassen an diesem Völkchen der
1941 2472 2972 2553 Zeitungsmacher, das allerdings auch inzwischen ein
1946 2523 2969 2581 starkes Volk geworden ist, aber damit auch an seiner
1950 2575 2967 2640 Poesie und Laune verloren hat. — Diese Ehrfurcht
1945 2620 2963 2671 brachte auch die gestrige Aufführung (Spielleiter
1946 2663 2964 2731 Felda) dem Werke entgegen, und wenn die Handlung
1943 2709 2969 2778 schleppend sich abwickelte, war das die Schuld unserer
1946 2761 2972 2809 technischen Schwierigkeiten, die immer neu das Alter
1942 2802 2961 2857 unserer Bühne bestätigen. Vor allem war bei der
1952 2846 2963 2900 Aufführung die selbstverständliche (und doch so oft:
1950 2892 2970 2961 nicht) Forderung nach Kostümtreue möglichst erfüllt,
1940 2936 2963 3011 was allerdings störende Schwierigkeiten mit den Kri¬
1952 2985 2971 3049 nolinen und Differenzen mit den Kulissen gab. Von
1946 3023 2959 3097 den Darstellern, die alle brav bei der Sache waren, ist
1939 3072 2957 3144 an erster Stelle Feldas Schmock zu nennen, der diese
1941 3121 2954 3176 Figur mit rührender Größe und Feinheit zu geben
1937 3170 2960 3237 wußte, wofür er auch bei offener Szene Beifall fand.
1929 3217 2964 3275 Dann: der Redakteur Bolz Seders, der im Bonvi¬
1942 3256 2952 3316 vantischen schwelgte, mit dem „Taschenherz“ aber we¬
1937 3299 2958 3355 niger Glück hurte Auch Fersil (Oldenburg), Fabri
1932 3347 2956 3417 (Runeck) und Gaugl (Oberst Berg) boten sehr gute
1935 3397 2963 3458 Leistungen. Einen eigenen Satz verdient Jankos stroh¬
1932 3442 2953 3506 blonder, naiver und lyrischer Bellmaus. Wegen der
1932 3488 2960 3533 „Aufmerksamkeit“ mit dem Kalenderdatum muß für
1928 3528 2959 3601 den letzten Akt um mehr Aufmerksamkeit ersucht wer¬
1938 3572 2950 3648 den. Das ausverkaufte Haus war guter Dinge, trotz
1927 3615 2950 3675 Költe und Pausen, die bei uns fast jedes angekündigte
1946 3667 2945 3735 „Ende“ um eine halbe Stunde später eintreten machen.
2732 3713 2945 3779 —rer. „
2820 3752 2980 3830 —
