3392 4320
2098 111 2256 201 —
1669 196 2155 299 box 33/4
216 220 1535 312 27. Einkund Fliederbusch
139 774 400 937 ER'
115 919 343 986 sioniertes
107 971 375 1047 Ausschnitte
111 1024 299 1101 ILE 11
102 1085 216 1141 W-43
447 1566 2926 1619 Rivierahotel treffen sich alle, ohne daß einer vom anderen weiß, Lola Chlud trägt blendende Toiletten und wartet auf die
446 1613 2928 1658 daß er — daß sie — und warum er und warum sie — weil ersehnliche Rolle. Sie und die pikante, liebliche Ingeborg
457 1662 2930 1724 nämlich — und einer hält den anderen für den Unrichtigen, Grahn finden sich mit Grazie in ihre Miniatur¬
455 1708 2928 1785 und der andere hält den einen für den Richtigen. Es ist rollen. Rose Stradners spröder Charme weist sie
106 1691 465 1829 Ukstheater.
457 1752 2920 1812 unmöglich und auch nicht notwendig, dieses sehr lustige Durch= auf ein ernsteres Gebiet. Daß man sie immer wieder in so
467 1804 2921 1860 einander von hübschen Zufällen und Situationen zu ent= exponierten Aufgaben im Lustspiel beschäftigt, zeugt von einem
113 1815 469 1894 n drei Akten
470 1856 2921 1918 wirren. Mit mathematischer Genauigkeit funktioniert der wunderschönen Starrsinn Direktor Jahns. Vielleicht gelingt es
132 1880 467 1957 ng in Wien.
462 1905 2931 1951 Mechanismus der Maschine, die Lachen erzeugt; Lachen am ihm, sie durchzusetzen. Sie sieht diesmal schon sehr hübsch aus, an
469 1938 840 2020 laufenden Bande.
1671 1949 2930 2036 ihre manirierte Art zu sprechen wird man sich noch gewöhnen
561 1975 1844 2055 Daß manche dieser guten Einfälle, die zusammen einen müssen.
123 2056 1688 2125 rne und kritische starken Schwankerfolg ergeben, auf dem Theater schon bewährt
1784 2028 2916 2122 Franz Arnold wurde mit den Darstellern oftmals
459 2100 1686 2152 sind, tut nichts zur Sache. Man könnte aus der Lustspielschule
1683 2099 2929 2186 gerufen. Das Publikum, in bester Faschingslaune, bereitete dem
116 2116 472 2187 Paloschen in der
456 2148 1680 2213 plaudern: Zum Beispiel: Daß der elegante Lebemann, der, ohne
1685 2155 2468 2237 lachenden Werk einen lachenden Erfolg.
117 2177 1691 2249 sympathisch, daß es zu wissen, plötzlich mit einer jungen Dame verheiratet wurde,
112 2195 1695 2313 hnik ehrlich als weil ein anderer auf dem Standesamt seinen Namen benutzt hat,
113 2269 1690 2358 wank. Für dieses schon dem Ungarn Dregely eingefallen ist, der daraus das
115 2315 1698 2411 Dialog soigniert, scharmante Lustspiel „Der Gatte des Fräuleins“ geschaffen hat,
123 2368 1581 2450 old die nicht zu daß Alexander Engel einmal ein Feuilleton schrieb,
1571 2391 1701 2451 das
119 2414 463 2477 tiges Bühnenstück
452 2415 1701 2506 diese Geschichte ganz ähnlich behandelte. Aber das
127 2458 470 2523 sen. Mit untrüg¬
459 2471 1695 2542 sind so kleine Zufälle, wie sie im reichen, vielfältigen
123 2513 461 2585 um ist auch diese
458 2529 1691 2586 dramatischen Schaffen aller Zeiten immer wieder passieren.
456 2578 1705 2655 Man denke nur an die merkwürdige Tatsache, daß Tristan
121 2596 471 2674 ilhelm, der, ohne
461 2624 1694 2675 Bernard und Artur Schnitzler („Fink und Fliederbusch“) ein¬
132 2666 467 2729 Winkler heiratet.
457 2667 1700 2735 mal zu gleicher Zeit fast das gleiche Stück schrieben, ohne daß
136 2722 1695 2804 ein Hochstapler einer von der Arbeit des anderen auch nur die leiseste Ahnung
112 2763 616 2831 uf einer Reise in hatte.
128 2804 474 2871 kommen und hört
558 2787 1691 2878 Das alles ändert nichts an dem großen Lacherfolg, den
125 2863 1696 2949 en der Gatte des Franz Arnold mit seiner unheimlich geschickt gebauten Schwank¬
123 2911 743 2986 inkler wollte sich posse erzielt.
114 2963 473 3031 lichen Schwieger¬
545 2951 1693 3024 Die sehr saubere und hübsche Aufführung wird in erster Linie
124 2991 475 3069 Pirbel von gut
465 3000 1696 3085 von Hans Olden getragen. Sein Humor und seine parodistische
112 3051 468 3119 pft in die Livree
463 3060 1687 3107 Laune kommen dieser heiteren Karnevalsangelegenheit sehr zu
124 3100 469 3173 striellen Claasen,
462 3105 1689 3176 statten. Franz Schafheitlin, Otto Schmöle und besonders
132 3152 467 3217 mit Clawag —,
460 3157 1693 3209 Walter Lantzsch schaffen humorige Figuren aus dieser wieder¬
139 3208 1694 3288 inzen; im großen erstandenen, modernisierten Welt der Blumenthal und Kadelburg.
