3436 4352
1992 154 2298 227 ——.—
1529 217 1973 309 box 36/4
304 218 1368 343 Panphlets offorints
1821 1142 1967 1234 27 —
1150 1249 2632 1326 Fanny und Klara haben ihre Verwandten, letztere wohl in Christine
1164 1313 1452 1390 in „Liebelei“
1275 1358 2618 1445 Der Grundgedanke des Schauspiels „Märchen“ ist schon in
183 1418 830 1499 ärchen“ hat Schnitzler eine
1154 1429 2614 1496 „Denksteine“ angedeutet: „Was ist, ist! — Das ist der tiefe Sinn
180 1475 825 1547 erhoben. Die These, die er
1147 1508 2609 1566 des Geschehenen.“ Keine Liebe ist stark genug, eine alte Liebe aus¬
174 1533 828 1613 lgenden Worten aus: „Es ist
1162 1553 2615 1619 zulöschen. Auf das Thema, das Schnitzler in diesem Drama anschlägt,
194 1595 828 1675 dieses Märchen von den Ge¬
1148 1613 2609 1676 kommt er auch später wiederholt zurück: Die unberührte Jungfräulich¬
188 1664 836 1738 t, unnatürlich zu fordern und
1155 1675 2622 1731 keit des Weibes, die das Weib dem zukünftigen Manne entgegen¬
1159 1730 2621 1793 bringen muß. Schon Hebbel hat in „Maria Magdalena“ varüber
175 1766 822 1853 in, war einst die Geliebte
1160 1804 2626 1865 gehandelt und ein Wort aus seinem Stücke kann auch als Leitmotiv
175 1839 826 1911 kun eine andere heiratet. Im
1164 1853 2625 1910 für Schnitzlers „Märchen“ aufgestellt werden: „Darüher kann kein
174 1891 817 1966 ttwoch ein Kreis von jungen
1147 1904 1462 1978 Mann weg.“
181 1960 825 2028 tsteller Fedor Denner kennen.
1277 1963 2624 2041 Als ein Thesenstück, das eine soziale Anklage erhebt, ist auch
171 2013 828 2092 Porurteil, das man gefallenen
1148 2012 2622 2098 das Schauspiel „Freiwild“ zu bezeichnen, das seinen Stoff aus dem
172 2077 821 2156 den aus und gibt mit seinen
1160 2086 2620 2145 Schauspielerleben nimmt. Freiwild sind die hübschen, jungen, aber
180 2130 825 2206 Leben wieder. Sie wird von
1148 2154 2615 2213 armen Provinzschauspielerinnen. Sie bringen für ihren Beruf nichts
179 2186 811 2269 sie wieder, ist aber nicht im¬
1155 2207 2616 2273 mit als die Liebe zur Kunst und ihre Schönheit. Wenn sie Karriere
178 2261 829 2330 zusetzen und kann das, was
1147 2260 2616 2334 machen wollen, so müssen sie nicht nur dem Direktor gefällig sein,
181 2311 833 2385 rgessen. Obzwar es sieht, daß
1156 2326 2623 2385 sondern auch ihren Kollegen vom Theater und nicht zuletzt dem
170 2372 815 2445 ar sie ihm mit einem ausführ¬
1154 2383 2611 2441 Publikum. Jeder hat ein Anrecht auf sie, sie selbst können ohne die
174 2438 825 2504 fühlt er sich doch besser als sie
1152 2439 2620 2509 andern nicht existieren. So geht es auch der Naiven Anna Riedel,
183 2485 818 2566 rdramatisch äußerst geschickten
1150 2504 2630 2572 die an einem Sommertheater ihr erstes Engagement findet. Sie hält
175 2548 824 2619 ie unterschreibt den Kontrakt,
1159 2572 2623 2634 sich alle Versuchungen fern, sie will rein bleiben, nur der Kunst gehört
174 2607 821 2685 verpflichtet, und schickt ihn in
1159 2620 2615 2676 ihr Leben. Da sie sich gegen den Direktor spröde erweist, so setzt er
190 2671 829 2747 efrüher trotz des glänzenden
1146 2676 2622 2733 ihre Gage auf die Hälfte herab, um sie zahmer zu machen. Ihre
167 2727 515 2805 winnen konnte.
1153 2733 2616 2795 märtlichen und weiblichen Kollegen, mit denen sie wenig verkehrt,
188 2783 816 2857 eder Frau Theren lernen wir
1149 2795 2629 2844 machen sich über ihren Stolz lustig und glauben, daß sie insgeheim
177 2847 806 2914 briftsteller Denner und Mildner
1149 2866 2618 2921 einen reichen Geliebten hab:. Der reiche Geliebte ist das Ideal der
167 2905 812 2984 inen getreuen Schüler Berger,
1150 2908 2613 2982 jungen Schauspielerinnen. Anna Riedel hat sich keinen solchen
176 2968 824 3042 egenüber rückständigen Beamten
1150 2973 2621 3031 Protektor gesucht, sie findet aber, ohne zu wollen, einen heimlichen
175 3031 824 3101 erehrt, die kleine Frau Theren,
1160 3029 2620 3086 Freund in Paul Rönning. Doch verschließt sie sich ihm und weist
170 3083 835 3157 n Klara, die Schauspielerin
1154 3079 2625 3146 seine Unterstützung zurück. Er weiß ihren Charakter zu schätzen und
174 3136 674 3215 ängerin Emmi Werner.
1157 3152 2626 3212 will sie retten, da er die Gefahr erkennt, in der sie schwebt. Längst
187 3203 815 3279 gebaut, die Charaktere sind
1143 3205 2621 3280 munkelt man von seiner Liebe zu Anna Riedel und als einmal Ober¬
170 3261 822 3330 nders im dritten Akt, etwas
1146 3263 2628 3327 leutnant Karinski in einer Herrengesellschaft sich abfällig über die
183 3322 814 3396 heint. Im übrigen kehren die
1164 3327 2617 3387 Schauspielerin äußert, versetzt ihm Rönning eine Ohrfeige. Karinski
181 3389 817 3460 trägt Fedor Denner Züge von
1160 3392 2616 3459 ist ein derber und roher Patron, dessen Stellung im Heere wegen
178 3445 826 3512 n wir einen künftigen Anatol
1162 3448 2623 3513 allerlei Vergehen unhaltbar geworden ist. Die Forderung, die er an
176 3498 843 3599 te erinnern an Max und auch
1146 3520 2628 3584 Rönning richtet, weist dieser zurück. Er handelt nicht aus Feigheit
