3436 4256
1974 146 2417 225 —.—
926 215 978 286 0
1547 204 2009 304 box 36//4
200 209 1388 326 1. Pamphlets „fprints
1560 1038 1671 1109 21
374 1118 550 1194 fflich ge¬
884 1117 2341 1211 möglichst vielen Mädchen entgegenzutreten. Bei ihm ist die Haupt¬
440 1183 567 1251 shalb
888 1196 2352 1263 frage das „Wie“. Er ist vor allem ein Stimmungsmensch, der auch von
460 1240 567 1302 l die
889 1251 2339 1315 Sentimentalität nicht ganz frei ist. Ein dämmerdunkles Zimmer, eine
877 1330 2343 1379 rote Ampel und ein Flügel, auf dem man zarte Mollakkorde greifen
876 1372 2299 1431 kann, dazu ein Mädel, das ihn — wenigstens für den Augenblick -
877 1430 2350 1487 liebt, und er ist zufrieden. Er fragt nicht nach der Vergangenheit des
881 1493 2337 1559 Mädchens. Sie existiert in dieser Stunde eben nur für ihn, er er¬
888 1549 2348 1611 hebt sie gleichsam zu sich herauf, verleiht ihr einen Schimmer der
886 1624 2343 1676 weichen, süßen Sphäre, in der er träumt. Dennoch geht er bei seinen
889 1664 2346 1726 Liebeleien oft ganz vernünftig vor. Er trifft zum Beispiel mit seinem
884 1744 2343 1797 Mädchen das Abkommen, dann sich zu trennen, wenn ein Teil für
888 1802 2347 1863 den andern keine Liebe mehr empfindet. Er haßt also die Komödie.
889 1839 2357 1903 Freilich wird ihm so ein Abschied manchmal schwer und daher ist es
888 1899 2355 1970 gut, daß er einen praktischen Freund hat. Dieser heißt Max und ist
891 1967 2357 2029 ein Mephisto im Kleinen. Er versteht es, rechtzeitig in die verwickelte
878 2019 2352 2076 Handlung einzugreifen und zerhaut wie ein deus ex machina den
882 2077 2354 2137 Knoten. Die Kreise, aus denen Anatol seine Geliebten holt, sind ganz
888 2139 2357 2200 verschieden. Bald ist es eine unverstandene Frau, bald eine Dame
883 2215 2344 2263 vom Zirkus, dann wieder ein lustiges, sorgenloses Mädel, das stets
882 2252 2358 2307 mit der kurzen Dauer seines Glückes rechnet. Allen Frauengestalten
886 2316 1838 2384 aber ist das Wienertum sofort anzukennen.
1009 2358 2348 2437 Die sieben Einakter, die der gemeinsame Titel „Anatol“ zu¬
889 2424 2354 2492 sammenfaßt, sind nichts anderes als gut geführte Dialoge zwischen
892 2488 2352 2539 Anatol und der jeweiligen Heldin, wobei Max als Ratgeber erscheint
897 2555 2353 2619 und mit manchem Aphorisma das Gespräch würzt. Dem Dichter ge¬
899 2604 2236 2680 lingt es, interessante Situationen und Charaktere vorzuführen.
1009 2672 2351 2735 „Die Frage an das Schicksal“ ist die Frage, die Anatol
897 2748 2349 2796 auf Anraten Maxens an die hypnotisierte Cora richten soll. Er ent¬
902 2795 2356 2850 schließt sich zu diesem Schritt, da er fortwährend an der Treue des
896 2868 2364 2915 Mädchens zweifelt. Als aber der Augenblick gekommen ist, wo er
888 2916 2352 2969 von der Ahnungslosen die Wahrheit erfahren könnte, unterläßt er die
896 2959 2352 3021 Frage. „Weihnachtseinkäufe“ spielt auf der Straße am
901 3036 2360 3084 Weihnachtsabend. Anatol trifft Frau Gabriele und diese will ihm
893 3088 2356 3144 durchaus behilflich sein, für seine Geliebte in der Vorstadt ein
890 3139 2357 3195 Weihnachtsgeschenk auszuwählen. Da sie beide aber in der kurzen
897 3206 2358 3266 Zeit nichts Passendes finden, so gibt sie ihm einige Rosen, damit
897 3262 2356 3316 er mit ihnen des Mädchens Zimmer schmücke. Anatol nennt
173 3301 584 3387 gs. Dabei keines¬
901 3309 2367 3375 sich in dieser Szene selbst einen leichtsinnigen Melancholiker.
174 3370 596 3451 gender junger Herr
895 3390 2362 3445 Das Melancholische drückt sich in dem Gedanken an die Ver¬
