3436 4256
1717 178 2263 243 —
148 254 238 308 am
1275 227 1734 330 box 36/4
135 237 1124 357 Sphlets offorints
1172 1103 1282 1179 12
485 1173 1958 1289 liebten allein auf der Zeichsstraße liegen und eilt in das Haus ihres
490 1260 1949 1344 Gatten. In dem Schauspiel „Der Ruf des Lebens“ wo schon
487 1328 1954 1411 der Titel dieses Motiv ausdrückt, verläßt Murie den sterbenden Vater,
474 1376 1965 1441 um dem Geliebten vor dem Abmarsch in den Krieg die letzte Nacht
470 1457 1965 1529 zu schenken. Auch der Einakter „Der tapfere Cassian“ ver¬
476 1495 1369 1566 wendet in gewissem Sinne dieses Motiv.
594 1557 1946 1637 Der Gedanke an den Tod waltet in Schnitzlers Dichtungen un¬
477 1626 1939 1704 ablässig vor. Beispiele hiefür ließen sich fast aus jedem Werke an¬
474 1677 1953 1763 führen. Die Bedeutung dieses Problems für die Weltanschauung der
469 1747 1954 1824 Menschen Schnitzlers erhellt hinlänglich aus folgendem Satze: „Gibt
467 1805 1957 1883 es einen anständigen Menschen, der in irgend einer guten Stunde in
465 1834 1337 1929 tiefster Seele an etwas anderes denkt?“
588 1912 1938 1999 Das seinerzeit von der jüngeren Romantik gepflegte Künstler¬
461 1967 1942 2061 drama hat auch der Naturalismus zu Ansehen gebracht, nur daß jetzt
466 2025 1942 2116 der Künstler zumeist der Gegenwart entnommen wird. So haben
466 2085 1952 2169 Gerhard Hauptmann in der Komödie „College Crampton“ und in
477 2151 1943 2230 „Michael Kramer“. Sudermann in „Sodoms Ende“ einen Maler in
461 2196 1942 2298 den Mittelpunkt ihrer Stücke gestellt. Zahlreiche andere Dichter
456 2259 1931 2350 folgten und für ihre dargestellten Künstler ist in Hauptmanns Glocken¬
458 2342 1937 2411 gießer das erste und wichtigste Vorbild zu suchen. Schnitzler gab im
457 2401 1932 2466 „Zwischenspiel“ ein Künstlerdrama, das sich mit dem Problem der
462 2449 1931 2514 Künstlerehe beschäftigt. Aber auch sonst läßt der Dichter unter seinen
457 2502 1935 2589 Personen mit Vorliebe Künstler auftreten. In der Mittwochsgesell¬
450 2568 1937 2646 schaft im „Märchen“ begegnet uns der Maler Well, die Novelle
457 2594 1929 2689 der „Ehrentag“ gibt die Tragödie eines Schauspielers, im
455 2695 1932 2768 „Schleier der Beatrice“ spielt der Dichter Filippo Loschi eine
453 2756 1941 2822 Hauptrolle. Ein Musiker tritt uns schon in Christinens Vater in
448 2805 1926 2878 „Liebelei“ entgegen, Frau Berta Garlans Jugendgeliebter ist
444 2857 1929 2947 Violinvirtuose und Amadeus Adams im „Zwischenspiel“ ist, wie
444 2910 1929 2987 auch Georg von Wergenthin in dem Roman „Der Weg ins
442 2976 1925 3065 Freie“ Komponist. Als ein Künstlerdrama ist auch der Einakter
443 3018 1920 3126 „Lebendige Stunden“ zu bezeichnen. In dem Schauspiel „Der
448 3096 1927 3182 einsame Weg“ tritt uns neuerdings ein Maler entgegen und im
449 3154 1929 3238 selben Stücke machen wir die Bekanntschaft eines Dichters. Mit
453 3209 1913 3300 manchen seiner Dramen nähert sich Schnitzler auch dem Bohemestück.
571 3268 1922 3362 Gelehrte finden wir gleichfalls unter den Personen seiner
441 3331 1921 3414 Dichtungen vertreten, so in Professor Wegrath („Der einsame Weg“),
445 3389 1934 3466 ferner in Losatti im „Vermächtnis“ und in dem Helden des Ein¬
444 3436 1108 3532 akters „Die Gefährtin“.
2924 1146 3017 1220 13
2363 1421 3083 1501 Zum erstenmal hat Schnitzler in
2236 1482 3077 1559 geradezu unheimlicher Tragik und erscht
2235 1546 3082 1617 gemälde entworfen, das man unter die
2231 1609 3089 1680 muß, die der Naturalismus gezeitigt he
2228 1667 3079 1730 des menschlichen Gemütes leuchtet diese
2224 1735 3092 1798 peinlichster Schärfe die Gefühle aufdeck
2224 1775 3075 1849 Lebenstriebes gegen sein Aufhören aus
2227 1842 3084 1918 sich hier in bewunderungswürdiger Weis
2227 1901 3090 1964 einigt, um den psychischen Zustand eine
2224 1953 3089 2044 weiß, daß er in einem Jahre sterben m
2223 2014 3080 2082 höher zu bewerten, da das Sujet sehr ##
2234 2085 3075 2150 Held, seine Geliebte und der Arzt sind
2236 2127 3086 2212 Novelle beschränkt. Im Vordergrunds
2231 2186 3085 2263 Helden, der das letzte Jahr seines Leben
2234 2257 3078 2320 und dem das Gespenst des Todes mit je
2227 2309 3085 2377 das durch seine Treue große, von ideale
2225 2370 3078 2429 Marie, die den Geliebten mit rastloser
2234 2428 3081 2509 Anfang an bereit ist, mit ihm zu sterbe
2224 2489 3076 2563 sucht nach dem Leben in ihr wach wird,
2224 2550 3053 2613 des Kranken entsetzlich zu leiden hat,
2237 2604 3089 2696 den kraftlosen Mann, der sie erwürge
2223 2663 3081 2729 Kräfte zurückstößt und ins Freie stürn
2223 2724 3085 2806 dringlicher Virtuosität zum Ausdruck ge
2229 2792 3077 2865 an und muß das Buch in einem Zuge 3
2224 2840 3073 2912 ungeheuren Seelenqualen, die der vor
2231 2902 3076 2979 leidet, miterleben, man muß die bang
2224 2960 3069 3043 birge, in Salzburg und Wien, die nur
2228 3019 3084 3091 schimmer erhellt, mit ihm durchmachen
2236 3083 3083 3150 sterben sehen, um dann aufs tiefste e
2232 3142 3090 3214 Lebens zu erzittern und die Meisterleis#
2220 3201 2489 3275 zu können.
2354 3236 3084 3340 Pathologisch ist das Werk von hi
2222 3321 3064 3394 Felix' verwandelt sich mit der Zeit in
2221 3377 3094 3438 mit sich zu töten. Zu dieser Tat fehlt i
2232 3439 3094 3517 Kraft. Marie kann trotz Aufgebot all
2230 3493 3085 3584 mit dem Leben des Geliebten auch ihre
3293 247 3402 352 1.
3277 1136 3434 1210 gen und
3276 1202 3431 1268 uf de
3272 1258 3444 1330 ßt Mai
3290 1322 3431 1392 in de
3283 1379 3444 1449 er tat
3271 1429 3355 1500 iv.
3266 1497 3437 1565 tin
3280 1551 3432 1630 sich fas
3280 1618 3432 1691 ns für
3278 1675 3444 1750 h aus
3289 1732 3435 1810 irgen
3273 1854 3436 1922 Romc
3280 1909 3444 1987 Ansehen
3291 1976 3433 2035 entnon
3293 2027 3438 2101 „Toll
3282 2091 3443 2155 Sodoms
3265 2135 3439 2224 kt. 30
3274 2197 3426 2281 ler ist
3288 2268 3442 2335 zu suc
3300 2323 3429 2393 das si
3275 2381 3425 2458 st läht
3301 2436 3357 2506 tei
3265 3034 3424 3110 gs ein
3259 3087 3437 3166 intschaft
3262 3154 3436 3224 hnitzler
3304 3209 3434 3277 unter
3260 3264 3439 3348 grath („
3296 3328 3440 3402 und
