3436 4320
1937 143 2438 224 —
901 222 986 284 0
612 214 773 284 let
1538 214 1997 306 box 36/4
200 217 1384 319 1. Panph. fprints
1245 1321 2585 1400 Arthur Schnitzler ist am 15. Mai 1862 in Wien geboren,
1121 1402 2600 1465 studierte hier Medizin und wurde 1885 zum Doktor der gesamten
1118 1463 2596 1523 Heilkunde promoviert. Er war eine Zeitlang praktischer Arzt, widmete
1134 1507 2598 1579 sich aber dann ganz seinem eigentlichen Beruf. Den Beruf des Arztes
1131 1568 2596 1623 hat er dem des Dichters dienstbar gemacht und vom Anbeginn seiner
1136 1644 2588 1708 Dichtung steht neben dem Dichter Schnitzler auch der Arzt. Sehr oft
1132 1699 2597 1763 hat er die Figur des Arztes in seine Werke gebracht, immer mit einer
1130 1748 2597 1822 geheimen Nebenabsicht, als den Vermittler zwischen Leben und Tod.
1133 1814 2596 1876 Der Dichter arbeitet mit dem Scharfblick des Psychiaters, er stellt
1132 1875 2600 1934 Diagnosen von bewunderungswürdiger Richtigkeit und er ist ein Arzt,
1122 1941 2593 2002 der zugleich ein großer Mensch ist und der seinen Kranken Liebe und
1130 1988 1825 2051 stärkstes Mitleid entgegenbringt.
1238 2038 2603 2111 Neben Hermann Bahr und Hugo von Hofmannsthal gilt
1121 2107 2597 2175 Schnitzler als der eigenartigste Vertreter der literarischen Schule, die
1132 2161 2597 2216 man mit dem Namen Jungwien bezeichnet. Er ist vielleicht am
1131 2236 2583 2297 meisten dazu berufen, den kommenden Geschlechtern als Dichter das
1123 2301 2588 2343 zu bedeuten, was er seinen Zeitgenossen als Problematiker sein sollte.
1123 2336 2596 2400 Unter den modernen deutschen Autoren hat Schnitzler die meiste Ver¬
1121 2404 2584 2463 wandtschaft mit dem Geiste der Franzosen. In ihm kommen franzö¬
1126 2451 2597 2515 sischer Esprit und deutsche Skepsis zu einem angenehmen Ausgleich.
1122 2524 2598 2585 Die Linie der Skeptiker, die er vorführt, läßt sich von Fedor Denner
1122 2571 2586 2632 im „Märchen“ bis zu Filippo Loschi in dem Schauspiel „Der Schleier
1125 2632 2588 2692 der Beatrice“ verfolgen. Im Grunde ist er Philosoph und oft er¬
1134 2694 2589 2763 scheint unter der Maske einer leichten, tändelnden Muse die ernste
1128 2759 2604 2832 Faltenstirn des Philosophen, der über seiner Darstellung steht, dem
1130 2811 2080 2894 diese Darstellung nur Mittel zum Zweck ist.
1244 2868 2603 2936 Manche Schriftsteller, die dem Judentum angehören, wie J.
1124 2934 2591 3009 J. David, haben sich dem germanischen Element so assimiliert, daß
1135 2986 2593 3046 man ihre Abstammung nicht errät. Anders Schnitzler, dem das Juden¬
1128 3061 2589 3116 tum eine eigentümliche Prägung als Künstler verlieh, ohne daß er es
1127 3109 2591 3193 immer und überall mit Selbstbewußtsein ausspielt, wie manche seiner
1121 3175 1420 3247 Zeitgenossen.
1257 3224 2600 3303 Schnitzler ist Naturalist, aber er gibt keinen rohen, brutalen
1128 3298 2600 3366 Abklatsch der Natur, ein feiner Schleier von Poesie liegt über seiner
2542 3684 2622 3792 8
