3436 4256
1906 175 2441 244 —.—
1539 241 1994 336 box 36/4
191 236 1384 356 1. Panphlets offorints
1545 1179 1648 1249 14
869 1265 2328 1342 Doch hält sie es in treuer Pflege bis zum letzten Augenblick am
851 1335 2210 1410 Krankenlager aus, entflieht aber den Händen des Sterbenden.
963 1388 2317 1473 Die Novelle „Sterben“ hat ein Naturalist geschrieben, aber
848 1453 2321 1534 einer, der jede Brutalität und Härte des Stoffes gemildert hat. Auch
844 1511 2307 1587 dort, wo die Schilderung das Gebiet des ästhetisch Schönen verläßt,
851 1558 2325 1633 ist jeder grelle Effekt vermieden und nie geht die künstlerische Feinheit
847 1640 2308 1702 verloren. Denn Schnitzler beschränkt sich nicht darauf, die packende
838 1705 2318 1774 Realistik des Todes ganz und gar auszunützen, er zeigt, wie die
845 1749 2310 1833 stärksten Gefühle verstummen, die vornehmste Weltanschauung nichtig
843 1813 2309 1893 wird, wenn wir sterben müssen, wie uns die Angst vor dem Tode
845 1866 2316 1952 feig, elend und brutal macht und wie der Wunsch zu leben der stärkste
833 1934 2311 1981 Trieb in uns ist. Dies hat Schnitzler in seiner Novelle in knapper
837 1983 2310 2073 Anschaulichkeit und mit scharfsinniger Logik und unerschütterlicher Ruhe,
838 2036 2219 2115 die ihm nie den Stoff aus den Händen gleiten läßt, ausgeführt.
954 2098 2309 2157 Wie in „Sterben“ hat der Dichter auch in einer Reihe anderer
840 2158 2296 2243 Novellen einen bestimmten Seelenzustand ins Auge gefaßt. „Ein
844 2222 2296 2284 Abschied“ erzählt von einem Manne, dem die Geliebte, eine ver¬
835 2273 2301 2372 heiratete Frau, stirbt, ohne daß er sie vor ihrem Tode wiedersah,
833 2349 2300 2411 weil er dazu zu feig war. Die Seelenqualen, die der Liebhaber hier in
825 2402 2300 2467 der Zeit, die vom letzten Stelldichein bis zum Wiedersehn am Toten¬
822 2458 2293 2528 bette verstreicht, erleidet, sind mit lebenswahrer Treue geschildert und
823 2526 2283 2589 zeugen von einer tiefen Beobachtungsgabe. Diese Art der Seelen¬
827 2576 2292 2661 malerei ist es, die Schnitzlers Novellen so hoch über viele Produkte
827 2634 2297 2703 seiner Zeitgenossen erhebt und ihm unter den modernen Novellisten
829 2688 2289 2778 einen hervorragenden Platz sichert. „Ein Abschied“ behandelt ebenso
825 2756 2285 2833 wie die in das gleiche Buch aufgenommene Skizze „Die Toten
831 2809 2295 2897 schweigen“ die Frage nach der Heiligkeit oder Unheiligkeit der Ehe.
941 2866 2289 2946 An diese Novelle schließt sich in formeller Hinsicht der innerhalb
819 2915 2284 3012 weniger Tage entstandene Gedankenmonolog „Leutnant Gustl“
818 2997 2292 3058 an. Alle Vorzüge der Erzählungskunst Schnitzlers begegnen uns hier:
811 3055 2277 3135 Eine geschickte Exposition, starke Stimmung und eine mit rein künst¬
811 3124 2288 3193 lerischen Mitteln erzielte Spannung. Dazu liegt über dem Banzen
810 3169 2284 3245 der zarte Duft des Wiener Milieus. Der militärische Ehrbegriff, der
809 3238 2277 3320 so viel Übel schon angerichtet hat und wie eine Ruine in unsere Zeit
806 3276 2277 3376 hineinragt, wird hier aufs beste gegeißelt. In „Leutnant Gustl“ zeigt
806 3349 2281 3430 der Dichter, daß er selbst aus tragischen Situationen die befreiende
816 3401 2285 3474 Komik herausarbeiten kann, und gerade in dieser Erzählung steht der
809 3468 2276 3524 Humorist über den dargestellten Dingen. Auch hier hat Schnitzler die
803 3520 2286 3622 bangen Stunden einer zerrütteten, vom Sturm der Empfindungen in
2618 1282 3343 1369 ihrem Grund aufgewühlten Mensch
2608 1344 3333 1422 analysieren verstanden. Es sind d
2608 1405 3329 1479 erlebt, der sich töten muß, weil
2609 1464 3348 1545 schimpft und dabei mit roher Kraf
2613 1524 3310 1600 daß er sich nicht wehren konnte.
2609 1582 3340 1661 vernichtet, ihm bleibt kein anderer
2606 1647 3339 1713 weiß niemand um die Beschimpfung
2600 1708 3344 1775 muß fürchten, eines Tages als ein
2614 1758 3339 1837 einer, der nicht würdig ist, dem
2600 1813 3339 1892 qualvolle Nacht verbringt er im
2608 1878 3344 1959 hitzten Phantasie gepeinigt, bis ihn
2599 1940 3341 2000 senkt, den er auf einer Bank hä
2599 1998 3332 2077 wandert er heim, seinen Entschluß
2607 2062 3344 2123 noch in sein Café, wo auch jene
2602 2108 3348 2189 hört der Todgeweihte eine befreie#
2609 2180 3340 2251 der Nacht der Schlag getroffen u
2605 2224 3347 2300 Wohnung, als er abends vom ##
2605 2302 3340 2374 verhängnisvoll wurde, nach Hau
2600 2348 3338 2442 dem Leben wiedergegeben, denn n
2602 2403 2969 2487 gefallenen weiß.
2717 2444 3341 2543 Dieser Schluß läuft aber der
2598 2522 3347 2602 subjektive Ehre des Offiziers den
2608 2585 3343 2667 gleich nach dem Vorfall, als ers#
2610 2646 3344 2721 sagt: Selbst wenn den Bäcker heu
2602 2705 3324 2781 dennoch entehrt. Der Schluß ist
2604 2764 3331 2844 wie an Marie in „Sterben“, auch
2592 2826 3338 2909 Lebenstrieb im Menschen, und be
2594 2877 3230 2955 seiner Jugend steht, wurzelt.
2714 2939 3335 3015 Auch die Novelle „Frau B
2602 3001 3335 3080 nur auf eine Person. Berta Ga
2592 3054 3318 3140 sehnsucht, dieweil der Mann, den
2603 3118 3338 3196 liebe hinweggekommen ist. Auch
2599 3193 3338 3256 Schilderung eines Seelenzustandes
2601 3239 3317 3315 unerträgliche Länge ausgesponnen
2603 3296 3315 3360 jungen Witwe, in der nach dem
2598 3361 3332 3431 nach dem Geliebten ihrer Mädche
2591 3420 3342 3490 ihrer Ehe, die sie in einer Kleinsta
2593 3470 3336 3554 Künstler geworden. Sie selbst greif
2595 3532 3319 3621 und erreicht es, daß sie mit ihm
