3436 4352
1467 229 1918 335 box 36/4
137 222 1310 339 1. Pamphlets offorints
1443 1138 1565 1233 28
773 1241 2251 1328 so, denn er ist überzeugt, daß Karinski die Strafe verdient hat und
776 1334 2251 1398 daß es eine Ungerechtigkeit wäre, wenn er jetzt sein Leben aufs
776 1386 2250 1443 Spiel setze. Daß er damit den Oberlentnant zugrunde richtet, daß
771 1434 2237 1500 dieser den Offiziersrock ausziehen muß, vermag seinen Entschluß nicht
769 1508 2245 1570 umzustoßen. Er will aber such die Folgen seiner Handlungsweise
769 1550 2248 1610 tragen und darin liegt der tragische Kern des Stückes. Anna Riedel
781 1612 2247 1680 muß nun erkennen, was für einen tapferen Freund sie in Rönning
766 1669 2242 1754 gefunden hat und beider lang verhaltene Liebe wird offenbar; er ist
772 1746 2247 1803 bereit, sie zum Weibe zu nehmen. Auch Paul Rönning kann seine
776 1801 2241 1860 Anschauungen nicht in die Praxis umsetzen und er hält es für eine
779 1857 2249 1922 Feigheit, sich vor Karinski in acht zu nehmen. Trotz der Auf¬
766 1907 2247 1973 forderungen Annas und seines Freundes Doktor Wellner, des einzigen,
768 1966 2249 2049 der bei ihm geblieben ist, nachdem er die Gesetze der Gesellschaft ver¬
765 2027 2248 2083 letzt hat, will er den Ort nicht verlassen. Er weiß, daß Oberleutnant
778 2086 2248 2157 Karinski nichts mehr zu verlieren hat, da für ihn die Zukunft gleich¬
778 2165 2250 2228 gültig ist. Noch im letzten Moment rät Wellner dem Freunde, mit
776 2211 2237 2278 einem Wagen zur nächsten Station zu fahren, da Karinski am Bahn¬
768 2277 2245 2332 hof des Ortes auf ihn warte. Er aber bleibt, trifft mit dem Ober¬
781 2326 2240 2396 leutnant zusammen und wird von diesem erschossen. Sein Tod ist für
777 2389 2238 2462 Anna Riedel eine furchtbare Katastrophe. An der Leiche des Ge¬
770 2451 2247 2517 liebten endet ihr kurzes, zukunftsfreudiges Glück und vor ihr öffnet
769 2517 2248 2581 sich der Abgrund, der auch sie, das Freiwild, verschlingen wird, wenn
781 2558 1347 2641 sie sich nicht selbst befreit.
881 2611 2243 2681 Das Schauspiel „Freiwild“ gehört unter Schnitzlers beste Dramen.
775 2680 2247 2750 Es zeichnet sich durch eine treffliche Charakteristik der Personen und
773 2736 2202 2796 durch einen kraftvollen Aufbau der Handlung aus. Das Milieu —
767 2819 2242 2875 das Stück spielt in einem kleinen Badeort — ist mit gewohnter
775 2858 2243 2918 Meisterschaft dargestellt. Das Schauspielerleben, das hier einen breiten
780 2915 2245 2984 Raum einnimmt, wurde schon im „Märchen“ gestreift. Das Theater
772 2993 2258 3047 auf dem Theater hat Schnitzler prächtig geschildert. Die einzelnen
771 3036 2245 3089 Schauspielerfiguren zeugen für den treffsicheren Humor des Dichters.
773 3110 2250 3167 In das Zentrum der Handlung wird das vielbehandelte Duellthema
781 3158 2233 3223 gestellt. Rönning kann ebensowenig wie Denner im „Märchen“
779 3209 2254 3282 seine Überzeugung, die den Ansichten der Gesellschaft widerspricht,
785 3293 2263 3349 in die Tat umsetzen. Auch er kommt über die Überlieferung
773 3335 1092 3408 nicht hinweg.
893 3403 2238 3462 Das Schauspiel „Das Vermächtnis“ ist in gewisser Hin¬
782 3448 2254 3528 sicht eine Fortsetzung der „Liebelei“, Schnitzler zeigt hier ganz be¬
786 3525 2256 3586 sonders, wie die freie Ehe oft viel stärker und heiliger ist, als die
3213 1141 3288 1218 29
2523 1212 3308 1313 vor dem Altar geschlossene, daß hie
2520 1308 3284 1364 heiligere ist, eben weil sie nur aus
2526 1361 2950 1439 gehörigkeit erfließt.
2628 1411 3300 1498 Die Haupthandlung des Stück
2519 1475 3287 1555 Hugo Losatti, der sich durch einen
2522 1537 3306 1608 hat, stirbt in diesem Akt und auf d
2515 1600 3309 1670 Mutter die Sorge um seine Gelieb
2519 1651 3306 1730 Die Mutter muß ihm versprechen, di
2521 1710 3301 1778 her niemand in seiner Familie wu
2518 1769 3303 1850 scheidet, nachdem er noch einmal di
2521 1833 3301 1917 hinnen. Der zu eite Akt führt uns
2516 1888 3287 1965 Kreise der Fu### des Toten vor.
2521 1953 3303 2032 allem darauf an zu zeigen, wie die
2522 2017 3291 2091 das Vermächtnis Hugos auffassen.
2518 2075 3298 2143 wohl die einzige, die den Willen de
2515 2125 3298 2207 zuführen bereit ist. An ihr findet d
2513 2188 3298 2267 freundin. Professor Losatti tröstet
2518 2241 3300 2317 ist, und der kleine Knabe erfüllt ihn
2512 2313 3308 2381 liegt ihm auch wenig daran, daß die
2527 2365 3303 2442 Gesellschaft kritisch wird. Die Mu
2510 2424 3286 2492 sprechen gab, steht ganz unter dem
2516 2499 3286 2563 ihres verstorbenen Bruders, Emma
2510 2546 3296 2623 traute Hugos war, hat diesen am
2521 2607 3250 2681 bis zuletzt für sein Vermächtnis.
2514 2665 3301 2736 liebt, und sein Tod, der ihr zeigte,
2518 2726 3304 2796 hat alles Glück in ihrer Brust zerstö
2531 2786 3304 2854 Tatte Franziskas, ist ein kalter Ve
2514 2837 3300 2916 Gesellschaft mit ihren Gesetzen vertri
2512 2894 3299 2978 das kränkliche Kind Tonis stirbt, u
2520 2954 3309 3038 Akt, wie man Toni aus dem Hause
2523 3021 3302 3095 bitterer Ironie hat der Dichter die
2516 3081 3300 3155 Dasein eines jungen, blühenden A
2520 3140 3304 3218 Moral vernichtet und keiner denkt a
2513 3194 3308 3275 sterbenden Hugo gegeben hat, auße
2514 3263 3294 3329 wahren Charakter ihres zukünftigen
2529 3315 3305 3391 Winter will Toni zu sich ins Hau
2529 3371 3294 3440 scheitert an dem Widerstreben ihrer
2528 3440 3295 3506 heit endet das Stück. Franziska s#
2514 3501 3298 3580 haben es nicht gewagt, sie so lieb z
