<?xml version="1.0" encoding="UTF-8" standalone="yes"?>
<PcGts xmlns="http://schema.primaresearch.org/PAGE/gts/pagecontent/2013-07-15" xmlns:xsi="http://www.w3.org/2001/XMLSchema-instance" xsi:schemaLocation="http://schema.primaresearch.org/PAGE/gts/pagecontent/2013-07-15 http://schema.primaresearch.org/PAGE/gts/pagecontent/2013-07-15/pagecontent.xsd">
    <Metadata>
        <Creator>prov=University of Rostock/Institute of Mathematics/CITlab/Gundram Leifert/gundram.leifert@uni-rostock.de:name=ONB_Newseye_GT_M1+(htr_id=10810)::::v=2.4.2
prov=University of Rostock/Institute of Mathematics/CITlab/Tobias Gruening/tobias.gruening@uni-rostock.de:name=de.uros.citlab.module.baseline2polygon.B2PSeamMultiOriented:v=2.4.2
prov=University of Rostock/Institute of Mathematics/CITlab/Tobias Gruening/tobias.gruening@uni-rostock.de:name=/mnt/transkribus/LA/DEA/URO/LA_news_onb_att.pb:de.uros.citlab.segmentation.CITlab_LA_ML:v=2.4.2
Transkribus</Creator>
        <Created>2019-10-07T15:14:48.222+02:00</Created>
        <LastChange>2019-10-09T03:59:41.133+02:00</LastChange>
        <TranskribusMetadata docId="224200" pageId="9514902" pageNr="23" tsid="16620445" status="IN_PROGRESS" userId="40391" imgUrl="https://files.transkribus.eu/Get?id=GNLXLIRBBAIUWBWSVOMQUFUW&amp;fileType=view" xmlUrl="https://files.transkribus.eu/Get?id=LEAQKWNFKLZPAYWZLNBTBOUM" imageId="6203136"/>
    </Metadata>
    <Page imageFilename="224200_0023.jpeg" imageWidth="3436" imageHeight="4352">
        <ReadingOrder>
            <OrderedGroup id="ro_1711443761656" caption="Regions reading order">
                <RegionRefIndexed index="0" regionRef="r1"/>
            </OrderedGroup>
        </ReadingOrder>
        <TextRegion orientation="0.0" id="r1" custom="readingOrder {index:0;}">
            <Coords points="137,157 137,3450 2530,3450 2530,157"/>
            <TextLine id="r1l1" custom="readingOrder {index:0;}">
                <Coords points="2088,224 2145,226 2177,203 2200,221 2214,211 2239,229 2282,209 2312,219 2348,198 2378,203 2376,157 2312,153 2290,168 2261,169 2237,159 2222,165 2194,147 2154,169 2086,163"/>
                <Baseline points="2095,191 2122,192 2149,191 2176,191 2203,190 2231,189 2258,187 2285,187 2312,186 2339,185 2367,185"/>
                <TextEquiv>
                    <Unicode>—</Unicode>
                </TextEquiv>
            </TextLine>
            <TextLine id="r1l2" custom="readingOrder {index:1;}">
                <Coords points="1513,277 1603,300 1757,287 1858,325 1888,301 1915,311 1982,282 1982,206 1934,230 1889,213 1844,229 1760,217 1719,244 1646,227 1594,243 1565,219 1514,236"/>
                <Baseline points="1523,280 1549,281 1575,282 1602,282 1628,283 1655,284 1681,284 1707,285 1734,286 1760,286 1787,286 1813,286 1839,286 1866,286 1892,286 1919,285 1945,285 1972,284"/>
                <TextEquiv>
                    <Unicode>box 36/4</Unicode>
                </TextEquiv>
            </TextLine>
            <TextLine id="r1l3" custom="readingOrder {index:2;}">
                <Coords points="170,293 556,337 1363,304 1363,248 1268,225 921,218 841,284 717,222 360,221 292,274 171,227"/>
                <Baseline points="179,283 237,289 296,293 355,296 413,299 472,301 531,302 589,302 648,303 707,303 766,302 824,302 883,301 942,301 1000,300 1059,300 1118,300 1176,300 1235,301 1294,302 1353,305"/>
                <TextEquiv>
                    <Unicode>1. Pamphlets Offorints</Unicode>
                </TextEquiv>
            </TextLine>
            <TextLine id="r1l4" custom="readingOrder {index:3;}">
                <Coords points="1741,1091 1762,1091 1778,1107 1784,1101 1804,1097 1824,1110 1839,1100 1844,1104 1863,1103 1862,1054 1847,1058 1797,1026 1784,1030 1760,1028 1749,1038 1740,1038"/>
                <Baseline points="1751,1085 1776,1083 1802,1082 1827,1082 1853,1083"/>
                <TextEquiv>
                    <Unicode>25</Unicode>
                </TextEquiv>
            </TextLine>
            <TextLine id="r1l5" custom="readingOrder {index:4;}">
                <Coords points="170,1191 367,1170 391,1192 521,1201 567,1181 683,1192 718,1173 718,1135 659,1120 622,1135 593,1115 536,1137 433,1113 385,1135 269,1119 227,1139 170,1132"/>
                <Baseline points="180,1177 206,1178 232,1178 259,1179 285,1179 312,1179 338,1179 364,1178 391,1178 417,1178 444,1177 470,1177 496,1177 523,1177 549,1177 576,1177 602,1177 628,1178 655,1178 681,1179 708,1180"/>
                <TextEquiv>
                    <Unicode>en. Im nächsten Dialog</Unicode>
                </TextEquiv>
            </TextLine>
            <TextLine id="r1l6" custom="readingOrder {index:5;}">
                <Coords points="1057,1183 2526,1196 2526,1142 2464,1120 1609,1151 1284,1112 1058,1154"/>
                <Baseline points="1066,1176 1138,1178 1211,1179 1283,1180 1356,1181 1428,1181 1501,1182 1573,1182 1646,1182 1718,1183 1791,1183 1863,1183 1936,1183 2008,1183 2081,1184 2153,1184 2226,1185 2298,1186 2371,1188 2443,1189 2516,1191"/>
                <TextEquiv>
                    <Unicode>gebracht hat. Christinen entgegengestellt ist ihre erfahrene Freundin,</Unicode>
                </TextEquiv>
            </TextLine>
            <TextLine id="r1l7" custom="readingOrder {index:6;}">
                <Coords points="290,1240 358,1253 394,1234 440,1253 484,1240 552,1256 565,1243 641,1251 714,1232 714,1201 631,1186 521,1201 290,1187"/>
                <Baseline points="299,1238 324,1237 349,1237 374,1237 400,1237 425,1237 450,1237 476,1237 501,1237 526,1237 552,1237 577,1237 602,1237 628,1237 653,1237 678,1237 704,1236"/>
                <TextEquiv>
                    <Unicode>Die Szene zwischen</Unicode>
                </TextEquiv>
            </TextLine>
            <TextLine id="r1l8" custom="readingOrder {index:7;}">
                <Coords points="1058,1233 2388,1264 2530,1217 1058,1209"/>
                <Baseline points="1066,1234 1138,1236 1211,1238 1284,1239 1356,1240 1429,1241 1502,1242 1574,1242 1647,1242 1720,1242 1793,1243 1865,1242 1938,1243 2011,1243 2083,1243 2156,1243 2229,1244 2301,1245 2374,1246 2447,1247 2520,1249"/>
                <TextEquiv>
                    <Unicode>Mizi Schlager, die sich mit den Männern gut auskennt. In Katharina</Unicode>
                </TextEquiv>
            </TextLine>
            <TextLine id="r1l9" custom="readingOrder {index:8;}">
                <Coords points="281,1305 334,1318 369,1301 398,1319 477,1297 488,1308 566,1301 593,1319 709,1301 709,1261 647,1246 608,1253 595,1240 566,1262 281,1239"/>
                <Baseline points="290,1297 315,1297 341,1298 366,1298 392,1298 418,1298 443,1298 469,1297 495,1297 520,1297 546,1297 571,1297 597,1297 623,1298 648,1298 674,1298 700,1298"/>
                <TextEquiv>
                    <Unicode>ünstlerisch den Höhe¬</Unicode>
                </TextEquiv>
            </TextLine>
            <TextLine id="r1l10" custom="readingOrder {index:9;}">
                <Coords points="1055,1287 2527,1302 2439,1252 1055,1263"/>
                <Baseline points="1064,1295 1136,1297 1209,1298 1282,1299 1354,1300 1427,1301 1500,1301 1572,1301 1645,1302 1718,1302 1791,1302 1863,1302 1936,1302 2009,1302 2081,1302 2154,1303 2227,1303 2299,1304 2372,1305 2445,1306 2518,1307"/>
                <TextEquiv>
                    <Unicode>Binder hat der Dichter die rechte Tugendwächterin porträtiert, die am</Unicode>
                </TextEquiv>
            </TextLine>
            <TextLine id="r1l11" custom="readingOrder {index:10;}">
                <Coords points="301,1378 389,1352 420,1370 490,1354 562,1372 716,1353 716,1337 657,1308 564,1319 501,1302 452,1321 415,1308 301,1321"/>
                <Baseline points="310,1357 336,1358 363,1358 389,1358 416,1358 442,1358 469,1357 495,1357 522,1357 548,1357 575,1357 601,1357 628,1357 654,1357 681,1358 708,1359"/>
                <TextEquiv>
                    <Unicode>und der Ehemann.</Unicode>
                </TextEquiv>
            </TextLine>
            <TextLine id="r1l12" custom="readingOrder {index:11;}">
                <Coords points="1054,1357 2347,1381 2494,1375 2532,1323 1054,1315"/>
                <Baseline points="1064,1356 1136,1357 1209,1357 1282,1358 1355,1359 1428,1359 1501,1360 1574,1361 1647,1361 1720,1362 1793,1362 1865,1362 1938,1363 2011,1363 2084,1363 2157,1364 2230,1364 2303,1364 2376,1364 2449,1365 2522,1365"/>
                <TextEquiv>
                    <Unicode>liebsten jedes Mädchen von der Welt abschließen möchte. Ihr tritt</Unicode>
                </TextEquiv>
            </TextLine>
            <TextLine id="r1l13" custom="readingOrder {index:12;}">
                <Coords points="358,1420 395,1421 409,1409 502,1438 582,1414 606,1430 626,1416 665,1426 707,1414 706,1379 682,1369 631,1378 588,1362 561,1374 443,1361 401,1380 356,1367"/>
                <Baseline points="367,1417 392,1417 417,1418 443,1417 468,1417 493,1416 519,1415 544,1414 570,1413 595,1412 620,1411 646,1411 671,1410 697,1410"/>
                <TextEquiv>
                    <Unicode>ls nächstes Paar</Unicode>
                </TextEquiv>
            </TextLine>
            <TextLine id="r1l14" custom="readingOrder {index:13;}">
                <Coords points="1060,1405 1146,1441 2531,1425 2425,1367 1060,1381"/>
                <Baseline points="1069,1415 1141,1414 1214,1414 1286,1415 1359,1415 1432,1415 1504,1415 1577,1416 1650,1416 1722,1417 1795,1417 1868,1418 1940,1419 2013,1420 2086,1421 2158,1422 2231,1423 2304,1424 2376,1426 2449,1427 2522,1429"/>
                <TextEquiv>
                    <Unicode>Christinens Vater entgegen, der dem Leben einen heiter genießenden,</Unicode>
                </TextEquiv>
            </TextLine>
            <TextLine id="r1l15" custom="readingOrder {index:14;}">
                <Coords points="351,1480 445,1481 469,1470 482,1481 541,1488 572,1478 600,1491 717,1481 717,1431 658,1434 627,1421 606,1430 592,1420 502,1439 481,1424 458,1441 443,1428 351,1427"/>
                <Baseline points="361,1477 387,1477 414,1477 440,1477 467,1477 494,1477 520,1477 547,1476 573,1476 600,1476 627,1475 653,1475 680,1475 707,1475"/>
                <TextEquiv>
                    <Unicode>dann der Dichter</Unicode>
                </TextEquiv>
            </TextLine>
            <TextLine id="r1l16" custom="readingOrder {index:15;}">
                <Coords points="1056,1471 2535,1494 2535,1450 2445,1429 1056,1432"/>
                <Baseline points="1065,1473 1138,1473 1211,1473 1284,1473 1357,1474 1430,1474 1503,1475 1576,1476 1649,1477 1722,1478 1795,1478 1868,1479 1941,1480 2014,1481 2087,1482 2160,1482 2233,1483 2306,1484 2379,1484 2452,1484 2526,1484"/>
                <TextEquiv>
                    <Unicode>das Angenehme schätzenden Sinn entgegenbringt. Fritz und Theodor</Unicode>
                </TextEquiv>
            </TextLine>
            <TextLine id="r1l17" custom="readingOrder {index:16;}">
                <Coords points="391,1542 430,1526 540,1559 568,1537 586,1546 650,1535 713,1541 713,1500 669,1489 632,1487 604,1513 529,1480 503,1498 472,1480 417,1504 391,1493"/>
                <Baseline points="401,1532 426,1534 451,1535 476,1536 502,1537 527,1537 552,1537 577,1536 603,1536 628,1535 653,1535 678,1535 704,1534"/>
                <TextEquiv>
                    <Unicode>Grafen, der</Unicode>
                </TextEquiv>
            </TextLine>
            <TextLine id="r1l18" custom="readingOrder {index:17;}">
                <Coords points="1064,1560 2527,1561 2527,1508 2432,1489 1065,1481"/>
                <Baseline points="1074,1540 1146,1537 1218,1535 1290,1533 1362,1532 1435,1532 1507,1532 1579,1533 1651,1533 1723,1534 1796,1535 1868,1537 1940,1538 2012,1539 2084,1540 2157,1541 2229,1542 2301,1542 2373,1542 2445,1542 2518,1541"/>
                <TextEquiv>
                    <Unicode>sind ähnliche Charaktere wie Anatol und Max und ihr Verhältnis</Unicode>
                </TextEquiv>
            </TextLine>
            <TextLine id="r1l19" custom="readingOrder {index:18;}">
                <Coords points="1069,1614 1318,1595 1342,1615 1456,1593 1585,1611 1702,1596 1702,1566 1671,1575 1596,1544 1274,1558 1162,1540 1068,1572"/>
                <Baseline points="1077,1599 1107,1596 1138,1594 1169,1593 1200,1592 1231,1591 1261,1590 1292,1590 1323,1590 1354,1590 1385,1590 1415,1590 1446,1590 1477,1591 1508,1591 1539,1592 1569,1592 1600,1592 1631,1593 1662,1593 1693,1593"/>
                <TextEquiv>
                    <Unicode>zueinander ist ein ähnliches.</Unicode>
                </TextEquiv>
            </TextLine>
            <TextLine id="r1l20" custom="readingOrder {index:19;}">
                <Coords points="512,1598 530,1604 547,1595 598,1609 617,1597 628,1604 639,1597 659,1602 711,1597 711,1542 681,1536 657,1558 624,1536 593,1547 582,1543 566,1554 553,1547 540,1560 512,1556"/>
                <Baseline points="522,1593 547,1594 573,1594 599,1593 624,1593 650,1593 676,1594 702,1595"/>
                <TextEquiv>
                    <Unicode>en“, der</Unicode>
                </TextEquiv>
            </TextLine>
            <TextLine id="r1l21" custom="readingOrder {index:20;}">
                <Coords points="391,1604 402,1606 405,1602 413,1604 420,1600 429,1609 442,1612 458,1595 468,1599 480,1598 479,1539 444,1540 440,1537 424,1550 416,1545 389,1544"/>
                <Baseline points="400,1596 436,1594 472,1594"/>
                <TextEquiv>
                    <Unicode>Rei</Unicode>
                </TextEquiv>
            </TextLine>
            <TextLine id="r1l22" custom="readingOrder {index:21;}">
                <Coords points="1182,1660 2484,1682 2520,1601 1182,1620"/>
                <Baseline points="1190,1649 1256,1650 1322,1651 1388,1652 1454,1653 1520,1654 1586,1654 1652,1655 1718,1655 1784,1655 1850,1655 1916,1656 1982,1656 2048,1656 2114,1656 2180,1656 2246,1656 2312,1657 2378,1657 2444,1658 2510,1658"/>
                <TextEquiv>
                    <Unicode>Die Liebelei hat Schnitzlers Ruhm begründet. Das Drama steht</Unicode>
                </TextEquiv>
            </TextLine>
            <TextLine id="r1l23" custom="readingOrder {index:22;}">
                <Coords points="444,1680 484,1662 517,1660 537,1670 570,1660 604,1674 629,1657 657,1675 677,1654 714,1661 713,1615 685,1606 650,1600 632,1608 619,1600 599,1608 540,1598 508,1603 487,1620 472,1609 463,1617 443,1613"/>
                <Baseline points="453,1656 478,1656 503,1656 528,1656 553,1655 578,1654 603,1653 628,1652 653,1652 678,1652 704,1653"/>
                <TextEquiv>
                    <Unicode>n, besitzt ein</Unicode>
                </TextEquiv>
            </TextLine>
            <TextLine id="r1l24" custom="readingOrder {index:23;}">
                <Coords points="606,1716 617,1715 621,1719 626,1713 633,1719 668,1716 676,1723 690,1723 703,1709 712,1709 711,1676 700,1676 687,1669 673,1675 654,1676 643,1667 634,1676 621,1667 604,1666"/>
                <Baseline points="615,1713 644,1712 673,1711 703,1711"/>
                <TextEquiv>
                    <Unicode>von</Unicode>
                </TextEquiv>
            </TextLine>
            <TextLine id="r1l25" custom="readingOrder {index:24;}">
                <Coords points="1063,1708 2454,1732 2521,1683 1064,1678"/>
                <Baseline points="1072,1710 1144,1710 1216,1709 1288,1709 1360,1709 1432,1709 1504,1710 1576,1710 1648,1710 1720,1711 1792,1711 1864,1712 1936,1713 2008,1713 2080,1714 2152,1714 2224,1715 2296,1715 2368,1716 2440,1716 2512,1716"/>
                <TextEquiv>
                    <Unicode>in einer literarischen Tradition, die an Dumas „Cameliendame“ an¬</Unicode>
                </TextEquiv>
            </TextLine>
            <TextLine id="r1l26" custom="readingOrder {index:25;}">
                <Coords points="1050,1779 2526,1771 2339,1720 1051,1742"/>
                <Baseline points="1060,1769 1132,1769 1205,1769 1278,1769 1351,1769 1424,1769 1496,1770 1569,1770 1642,1771 1715,1771 1788,1772 1860,1773 1933,1773 2006,1774 2079,1774 2152,1774 2224,1775 2297,1775 2370,1775 2443,1775 2516,1775"/>
                <TextEquiv>
                    <Unicode>knüpft. Schnitzler verbindet hier die Schilderung eines Liebesfrühlings</Unicode>
                </TextEquiv>
            </TextLine>
            <TextLine id="r1l27" custom="readingOrder {index:26;}">
                <Coords points="1055,1836 2490,1853 2522,1794 1055,1801"/>
                <Baseline points="1064,1831 1136,1831 1208,1830 1281,1830 1353,1830 1426,1830 1498,1830 1570,1830 1643,1830 1715,1831 1788,1831 1860,1831 1932,1832 2005,1832 2077,1833 2150,1833 2222,1834 2294,1834 2367,1835 2439,1835 2512,1835"/>
                <TextEquiv>
                    <Unicode>in der Art Halbes mit einer sozialen Anklage. Von „Liebelei“ ab</Unicode>
                </TextEquiv>
            </TextLine>
            <TextLine id="r1l28" custom="readingOrder {index:27;}">
                <Coords points="1051,1890 2537,1899 2453,1838 1051,1851"/>
                <Baseline points="1059,1892 1132,1891 1205,1890 1279,1890 1352,1889 1426,1889 1499,1889 1573,1889 1646,1889 1720,1890 1793,1890 1866,1891 1940,1892 2013,1892 2087,1893 2160,1893 2234,1894 2307,1894 2381,1895 2454,1895 2528,1895"/>
                <TextEquiv>
                    <Unicode>vernehmen wir in Schnitzlers Dichtung den Dreiklang: Liebe, Leben</Unicode>
                </TextEquiv>
            </TextLine>
            <TextLine id="r1l29" custom="readingOrder {index:28;}">
                <Coords points="573,1896 593,1901 604,1895 619,1900 641,1893 663,1907 670,1899 674,1903 696,1900 694,1847 675,1846 667,1854 655,1847 646,1853 632,1853 601,1836 598,1840 570,1836"/>
                <Baseline points="582,1894 608,1893 634,1891 660,1891 687,1889"/>
                <TextEquiv>
                    <Unicode>Viener</Unicode>
                </TextEquiv>
            </TextLine>
            <TextLine id="r1l30" custom="readingOrder {index:29;}">
                <Coords points="551,1957 583,1955 596,1966 623,1957 649,1962 660,1955 665,1961 673,1957 711,1966 711,1893 665,1905 647,1904 634,1894 616,1902 603,1894 594,1900 577,1894 551,1900"/>
                <Baseline points="560,1947 588,1947 616,1948 645,1948 673,1947 702,1947"/>
                <TextEquiv>
                    <Unicode>i süßen</Unicode>
                </TextEquiv>
            </TextLine>
            <TextLine id="r1l31" custom="readingOrder {index:30;}">
                <Coords points="1054,1966 2530,1968 2530,1913 2475,1902 1055,1905"/>
                <Baseline points="1063,1952 1135,1952 1208,1952 1281,1952 1354,1952 1427,1952 1500,1952 1572,1952 1645,1952 1718,1953 1791,1953 1864,1954 1937,1954 2010,1954 2082,1955 2155,1955 2228,1955 2301,1955 2374,1955 2447,1955 2520,1955"/>
                <TextEquiv>
                    <Unicode>und Tod. Die Liebe ist für den Dichter ein Spiel; derjenige, der es</Unicode>
                </TextEquiv>
            </TextLine>
            <TextLine id="r1l32" custom="readingOrder {index:31;}">
                <Coords points="1067,2006 2528,2014 2440,1959 1067,1973"/>
                <Baseline points="1077,2014 1149,2012 1221,2010 1293,2009 1365,2008 1437,2008 1509,2007 1581,2007 1653,2007 1725,2007 1797,2008 1869,2008 1941,2009 2013,2010 2085,2010 2157,2011 2229,2012 2301,2013 2373,2013 2445,2014 2518,2015"/>
                <TextEquiv>
                    <Unicode>ernst nimmt, geht daran zugrunde. Darum muß Christine sterben.</Unicode>
                </TextEquiv>
            </TextLine>
            <TextLine id="r1l33" custom="readingOrder {index:32;}">
                <Coords points="616,2017 629,2015 637,2023 659,2021 669,2029 682,2025 695,2035 703,2029 714,2032 715,1982 698,1982 673,1957 667,1961 660,1955 649,1962 634,1962 631,1958 627,1962 618,1961"/>
                <Baseline points="626,2013 652,2014 678,2014 704,2015"/>
                <TextEquiv>
                    <Unicode>tisch,</Unicode>
                </TextEquiv>
            </TextLine>
            <TextLine id="r1l34" custom="readingOrder {index:33;}">
                <Coords points="535,2074 557,2071 572,2080 612,2071 621,2079 638,2069 667,2083 704,2063 716,2063 716,2032 701,2036 682,2025 670,2029 658,2019 646,2028 634,2021 624,2031 612,2024 598,2033 578,2023 569,2032 544,2014 533,2015"/>
                <Baseline points="543,2071 570,2070 597,2070 625,2069 652,2068 679,2067 707,2067"/>
                <TextEquiv>
                    <Unicode>Rampen¬</Unicode>
                </TextEquiv>
            </TextLine>
            <TextLine id="r1l35" custom="readingOrder {index:34;}">
                <Coords points="1064,2080 2447,2091 2526,2072 2526,2021 1064,2031"/>
                <Baseline points="1073,2071 1145,2071 1217,2072 1289,2072 1362,2071 1434,2071 1506,2071 1578,2071 1651,2070 1723,2070 1795,2069 1867,2069 1940,2068 2012,2068 2084,2068 2156,2068 2229,2069 2301,2069 2373,2070 2445,2071 2518,2073"/>
                <TextEquiv>
                    <Unicode>Die Tragik spricht sie selbst mit den Worten aus: „Ich bin ihm nichts</Unicode>
                </TextEquiv>
            </TextLine>
            <TextLine id="r1l36" custom="readingOrder {index:35;}">
                <Coords points="544,2148 583,2132 607,2135 620,2144 640,2130 651,2130 677,2146 693,2146 704,2135 713,2135 713,2082 697,2085 688,2076 664,2082 642,2073 636,2078 614,2075 596,2086 588,2078 561,2082 544,2077"/>
                <Baseline points="554,2127 579,2127 604,2126 629,2125 654,2124 679,2126 704,2129"/>
                <TextEquiv>
                    <Unicode>rtrefflich</Unicode>
                </TextEquiv>
            </TextLine>
            <TextLine id="r1l37" custom="readingOrder {index:36;}">
                <Coords points="1051,2140 2442,2155 2525,2087 1051,2090"/>
                <Baseline points="1061,2135 1133,2134 1206,2132 1279,2131 1352,2130 1424,2129 1497,2128 1570,2128 1643,2127 1715,2127 1788,2127 1861,2127 1934,2127 2006,2128 2079,2128 2152,2129 2225,2129 2297,2130 2370,2131 2443,2132 2516,2133"/>
                <TextEquiv>
                    <Unicode>gewesen als ein Zeitvertreib — und für eine andere ist er gestorben!</Unicode>
                </TextEquiv>
            </TextLine>
            <TextLine id="r1l38" custom="readingOrder {index:37;}">
                <Coords points="1055,2193 2525,2191 2159,2128 1055,2140"/>
                <Baseline points="1064,2191 1136,2191 1209,2190 1281,2190 1354,2189 1426,2189 1499,2188 1571,2187 1644,2187 1716,2186 1789,2186 1862,2186 1934,2186 2007,2186 2079,2187 2152,2187 2224,2188 2297,2190 2369,2192 2442,2194 2515,2196"/>
                <TextEquiv>
                    <Unicode>Und ich hab’ ihn angebetet! Hat er denn das nicht gewußt? ...</Unicode>
                </TextEquiv>
            </TextLine>
            <TextLine id="r1l39" custom="readingOrder {index:38;}">
                <Coords points="238,2196 359,2204 409,2189 427,2202 497,2187 609,2210 688,2187 712,2195 711,2138 640,2131 620,2146 588,2133 552,2152 482,2130 416,2153 379,2134 296,2146 237,2134"/>
                <Baseline points="246,2187 271,2188 296,2188 322,2189 347,2190 372,2190 398,2190 423,2190 449,2190 474,2190 499,2190 525,2189 550,2189 576,2188 601,2188 626,2187 652,2186 677,2185 703,2184"/>
                <TextEquiv>
                    <Unicode>en steht viel in diesem</Unicode>
                </TextEquiv>
            </TextLine>
            <TextLine id="r1l40" custom="readingOrder {index:39;}">
                <Coords points="1058,2239 2524,2255 2497,2204 2304,2194 1058,2212"/>
                <Baseline points="1067,2250 1139,2249 1211,2248 1284,2247 1356,2246 1429,2246 1501,2245 1573,2245 1646,2245 1718,2245 1791,2245 1863,2245 1935,2245 2008,2246 2080,2246 2153,2247 2225,2247 2297,2248 2370,2249 2442,2250 2515,2251"/>
                <TextEquiv>
                    <Unicode>Er hat von mir fortgehen könn, it einem Lächeln, fortgehen aus</Unicode>
                </TextEquiv>
            </TextLine>
            <TextLine id="r1l41" custom="readingOrder {index:40;}">
                <Coords points="236,2257 413,2269 440,2249 481,2266 541,2242 562,2258 709,2264 709,2205 676,2191 608,2209 558,2194 523,2220 404,2190 337,2207 286,2190 236,2196"/>
                <Baseline points="246,2246 271,2246 296,2246 321,2247 346,2247 371,2248 397,2248 422,2248 447,2249 472,2249 497,2249 522,2249 548,2249 573,2248 598,2248 623,2247 648,2247 673,2245 699,2245"/>
                <TextEquiv>
                    <Unicode>ritz Lobheimer, um ihn</Unicode>
                </TextEquiv>
            </TextLine>
            <TextLine id="r1l42" custom="readingOrder {index:41;}">
                <Coords points="1055,2301 2533,2301 2483,2257 1055,2270"/>
                <Baseline points="1065,2308 1141,2308 1218,2308 1295,2307 1372,2307 1448,2306 1525,2306 1602,2306 1679,2305 1756,2305 1832,2304 1909,2304 1986,2304 2063,2304 2140,2304 2216,2304 2293,2304 2370,2305 2447,2305 2524,2306"/>
                <TextEquiv>
                    <Unicode>dem Zimmer und sich für eine u #ere niederschießen lassen.“ So wie</Unicode>
                </TextEquiv>
            </TextLine>
            <TextLine id="r1l43" custom="readingOrder {index:42;}">
                <Coords points="160,2314 206,2327 232,2312 370,2325 537,2311 556,2327 614,2302 631,2318 699,2317 699,2262 637,2254 161,2271"/>
                <Baseline points="170,2305 196,2305 222,2306 248,2306 274,2306 300,2307 326,2308 352,2308 378,2308 404,2309 430,2309 456,2309 482,2310 508,2309 534,2309 560,2309 586,2308 612,2308 638,2306 664,2305 690,2303"/>
                <TextEquiv>
                    <Unicode>1 Frau zu retten, die Be¬</Unicode>
                </TextEquiv>
            </TextLine>
            <TextLine id="r1l44" custom="readingOrder {index:43;}">
                <Coords points="1066,2359 2523,2378 2523,2328 2435,2315 1066,2319"/>
                <Baseline points="1075,2362 1146,2363 1218,2364 1290,2364 1362,2365 1434,2366 1506,2366 1578,2366 1650,2367 1722,2367 1794,2367 1865,2367 1937,2366 2009,2366 2081,2366 2153,2365 2225,2365 2297,2364 2369,2364 2441,2363 2513,2363"/>
                <TextEquiv>
                    <Unicode>die Liebe hier erscheint, begegnet sie uns noch öfter bei Schnitzler:</Unicode>
                </TextEquiv>
            </TextLine>
            <TextLine id="r1l45" custom="readingOrder {index:44;}">
                <Coords points="173,2378 280,2364 419,2392 506,2371 704,2377 704,2326 673,2317 441,2316 392,2331 320,2318 291,2334 232,2312 208,2329 173,2317"/>
                <Baseline points="182,2366 207,2367 233,2367 258,2367 284,2367 310,2367 335,2367 361,2367 386,2368 412,2368 438,2368 463,2368 489,2368 514,2368 540,2368 566,2368 591,2368 617,2368 642,2368 668,2367 694,2367"/>
                <TextEquiv>
                    <Unicode>t ein echtes Wiener Kind,</Unicode>
                </TextEquiv>
            </TextLine>
            <TextLine id="r1l46" custom="readingOrder {index:45;}">
                <Coords points="1063,2435 2538,2434 2489,2372 1063,2389"/>
                <Baseline points="1072,2422 1144,2423 1217,2423 1290,2424 1363,2424 1436,2424 1508,2424 1581,2424 1654,2424 1727,2424 1800,2424 1872,2424 1945,2424 2018,2425 2091,2425 2164,2425 2236,2425 2309,2425 2382,2426 2455,2426 2528,2427"/>
                <TextEquiv>
                    <Unicode>Zwei Menschen lernen einander kennen und lieben, ofi nur in wenigen</Unicode>
                </TextEquiv>
            </TextLine>
            <TextLine id="r1l47" custom="readingOrder {index:46;}">
                <Coords points="144,2437 328,2449 389,2430 422,2443 471,2418 504,2442 718,2430 718,2384 663,2369 619,2385 507,2372 459,2398 382,2375 145,2380"/>
                <Baseline points="154,2424 181,2424 209,2425 237,2425 264,2426 292,2426 320,2427 347,2427 375,2428 403,2428 431,2428 458,2428 486,2428 514,2428 541,2428 569,2427 597,2427 624,2427 652,2426 680,2426 708,2425"/>
                <TextEquiv>
                    <Unicode>stäbter Theater. Fritz wird</Unicode>
                </TextEquiv>
            </TextLine>
            <TextLine id="r1l48" custom="readingOrder {index:47;}">
                <Coords points="1062,2487 2529,2480 2528,2431 1062,2445"/>
                <Baseline points="1072,2484 1144,2485 1216,2486 1289,2486 1361,2486 1433,2486 1506,2486 1578,2486 1650,2485 1723,2485 1795,2484 1867,2484 1940,2483 2012,2483 2084,2483 2157,2483 2229,2483 2301,2484 2374,2485 2446,2487 2519,2489"/>
                <TextEquiv>
                    <Unicode>Stunden, und gehen dann auseinander oder sterben. „Seinitzlers</Unicode>
                </TextEquiv>
            </TextLine>
            <TextLine id="r1l49" custom="readingOrder {index:48;}">
                <Coords points="148,2498 336,2500 360,2483 474,2504 683,2497 707,2488 708,2429 647,2449 527,2430 329,2448 263,2431 193,2449 149,2438"/>
                <Baseline points="157,2482 184,2483 211,2484 238,2484 265,2486 292,2486 319,2487 346,2487 373,2488 400,2488 427,2488 454,2488 481,2488 508,2488 535,2488 562,2488 589,2488 616,2488 643,2487 670,2487 698,2486"/>
                <TextEquiv>
                    <Unicode>verbringen die jungen Leute</Unicode>
                </TextEquiv>
            </TextLine>
            <TextLine id="r1l50" custom="readingOrder {index:49;}">
                <Coords points="1063,2547 2524,2551 2493,2490 1063,2490"/>
                <Baseline points="1072,2540 1144,2539 1216,2539 1288,2539 1360,2540 1432,2540 1504,2540 1577,2540 1649,2541 1721,2541 1793,2541 1865,2542 1937,2542 2009,2542 2082,2543 2154,2543 2226,2543 2298,2543 2370,2544 2442,2544 2515,2544"/>
                <TextEquiv>
                    <Unicode>Heldinnen lieben nur einmal,“ sagt Muret in einem französischen Aufsatz.</Unicode>
                </TextEquiv>
            </TextLine>
            <TextLine id="r1l51" custom="readingOrder {index:50;}">
                <Coords points="139,2560 315,2560 335,2543 359,2562 412,2545 695,2560 714,2554 714,2492 570,2507 431,2494 407,2510 378,2494 350,2512 321,2492 139,2501"/>
                <Baseline points="148,2543 175,2545 203,2547 231,2548 259,2549 287,2550 314,2550 342,2551 370,2551 398,2551 426,2550 453,2550 481,2550 509,2549 537,2549 565,2548 592,2548 620,2548 648,2547 676,2547 704,2547"/>
                <TextEquiv>
                    <Unicode>läßt sich ein Herr melden,</Unicode>
                </TextEquiv>
            </TextLine>
            <TextLine id="r1l52" custom="readingOrder {index:51;}">
                <Coords points="1182,2611 2433,2629 2533,2568 1245,2548 1182,2583"/>
                <Baseline points="1192,2603 1258,2602 1325,2601 1391,2600 1458,2599 1525,2599 1591,2598 1658,2598 1724,2599 1791,2599 1858,2599 1924,2600 1991,2600 2057,2601 2124,2601 2190,2602 2257,2602 2324,2603 2390,2603 2457,2604 2524,2604"/>
                <TextEquiv>
                    <Unicode>„Liebelei“ erhebt sich inhaltlich bedeutend über den „Anstal“</Unicode>
                </TextEquiv>
            </TextLine>
            <TextLine id="r1l53" custom="readingOrder {index:52;}">
                <Coords points="134,2627 240,2607 707,2620 725,2616 725,2557 133,2560"/>
                <Baseline points="143,2608 171,2607 200,2606 228,2606 257,2606 286,2606 314,2606 343,2606 371,2606 400,2605 429,2605 457,2605 486,2605 514,2605 543,2605 572,2604 600,2604 629,2603 657,2603 686,2602 715,2601"/>
                <TextEquiv>
                    <Unicode>der von Lobheimer geliebten</Unicode>
                </TextEquiv>
            </TextLine>
            <TextLine id="r1l54" custom="readingOrder {index:53;}">
                <Coords points="1063,2674 2377,2685 2471,2680 2517,2617 1063,2620"/>
                <Baseline points="1073,2660 1144,2660 1216,2660 1288,2660 1360,2660 1431,2660 1503,2660 1575,2660 1647,2661 1718,2661 1790,2661 1862,2661 1934,2662 2005,2662 2077,2662 2149,2662 2221,2662 2292,2662 2364,2662 2436,2661 2508,2661"/>
                <TextEquiv>
                    <Unicode>Hauptsächlich ist aber in technischer Hinsicht ein Fortschritt zu ver¬</Unicode>
                </TextEquiv>
            </TextLine>
            <TextLine id="r1l55" custom="readingOrder {index:54;}">
                <Coords points="147,2683 257,2667 288,2682 402,2666 715,2676 730,2619 577,2628 452,2609 406,2635 323,2614 243,2627 219,2608 147,2621"/>
                <Baseline points="156,2662 184,2662 212,2663 240,2663 268,2664 297,2664 325,2665 353,2666 381,2666 409,2666 438,2667 466,2667 494,2667 522,2667 550,2667 579,2667 607,2666 635,2665 663,2664 691,2663 720,2661"/>
                <TextEquiv>
                    <Unicode>unterrichtet. Als der erste</Unicode>
                </TextEquiv>
            </TextLine>
            <TextLine id="r1l56" custom="readingOrder {index:55;}">
                <Coords points="1066,2735 2527,2738 2527,2675 1066,2695"/>
                <Baseline points="1075,2723 1147,2722 1219,2721 1291,2719 1363,2719 1435,2718 1507,2718 1579,2717 1651,2717 1723,2717 1796,2717 1868,2718 1940,2718 2012,2718 2084,2718 2156,2719 2228,2719 2300,2719 2372,2719 2444,2720 2517,2720"/>
                <TextEquiv>
                    <Unicode>zeichnen. Schon in diesem Drama sehen wir, daß nur der Mann ein:</Unicode>
                </TextEquiv>
            </TextLine>
            <TextLine id="r1l57" custom="readingOrder {index:56;}">
                <Coords points="130,2743 233,2724 250,2739 356,2724 457,2740 491,2722 603,2739 730,2715 730,2686 695,2676 517,2670 473,2698 409,2671 162,2690 131,2668"/>
                <Baseline points="140,2721 169,2721 198,2722 227,2722 256,2723 285,2724 314,2725 343,2725 372,2726 401,2727 430,2727 459,2728 488,2728 517,2728 546,2728 575,2728 604,2728 633,2728 662,2727 691,2726 720,2725"/>
                <TextEquiv>
                    <Unicode>er. Duell steht. Christinen</Unicode>
                </TextEquiv>
            </TextLine>
            <TextLine id="r1l58" custom="readingOrder {index:57;}">
                <Coords points="1061,2784 2535,2784 2450,2727 1061,2742"/>
                <Baseline points="1070,2778 1142,2778 1215,2778 1288,2778 1361,2778 1434,2778 1506,2778 1579,2778 1652,2779 1725,2779 1798,2779 1870,2779 1943,2780 2016,2780 2089,2780 2162,2780 2234,2780 2307,2780 2380,2780 2453,2779 2526,2779"/>
                <TextEquiv>
                    <Unicode>Entwicklung durchmacht. Für Fritz ist anfangs Christine nur die</Unicode>
                </TextEquiv>
            </TextLine>
            <TextLine id="r1l59" custom="readingOrder {index:58;}">
                <Coords points="140,2789 612,2799 636,2775 669,2794 725,2779 725,2757 681,2740 528,2730 141,2741"/>
                <Baseline points="150,2781 178,2782 206,2782 234,2783 263,2783 291,2783 319,2784 348,2784 376,2785 404,2786 433,2787 461,2787 489,2787 517,2787 546,2787 574,2787 602,2787 631,2787 659,2786 687,2785 716,2784"/>
                <TextEquiv>
                    <Unicode>nicht am nächsten Tage, wo</Unicode>
                </TextEquiv>
            </TextLine>
            <TextLine id="r1l60" custom="readingOrder {index:59;}">
                <Coords points="1067,2842 2533,2823 2480,2788 1067,2793"/>
                <Baseline points="1076,2837 1148,2837 1220,2837 1293,2837 1365,2838 1438,2838 1510,2838 1582,2838 1655,2838 1727,2838 1800,2837 1872,2837 1944,2837 2017,2837 2089,2837 2162,2837 2234,2837 2306,2837 2379,2837 2451,2837 2524,2837"/>
                <TextEquiv>
                    <Unicode>Geliebte, Lei der er Erholung von seinem Verhältnis mit der ver¬</Unicode>
                </TextEquiv>
            </TextLine>
            <TextLine id="r1l61" custom="readingOrder {index:60;}">
                <Coords points="138,2855 218,2841 392,2865 521,2837 559,2865 594,2847 717,2852 718,2799 139,2796"/>
                <Baseline points="147,2840 175,2840 203,2839 231,2840 259,2840 287,2841 315,2842 343,2843 371,2844 399,2844 428,2846 456,2846 484,2847 512,2847 540,2848 568,2847 596,2847 624,2845 652,2844 680,2842 709,2839"/>
                <TextEquiv>
                    <Unicode>zten Male besucht. (Zweiter</Unicode>
                </TextEquiv>
            </TextLine>
            <TextLine id="r1l62" custom="readingOrder {index:61;}">
                <Coords points="1060,2895 2536,2895 2458,2845 1060,2851"/>
                <Baseline points="1070,2899 1142,2899 1215,2898 1288,2897 1361,2897 1434,2897 1506,2896 1579,2896 1652,2896 1725,2895 1798,2895 1870,2895 1943,2895 2016,2895 2089,2895 2162,2896 2234,2896 2307,2896 2380,2897 2453,2897 2526,2898"/>
                <TextEquiv>
                    <Unicode>heirateten Frau finden will. Als er erkennt, welches Glück ihm bei</Unicode>
                </TextEquiv>
            </TextLine>
            <TextLine id="r1l63" custom="readingOrder {index:62;}">
                <Coords points="137,2915 295,2907 400,2926 470,2905 505,2929 575,2892 683,2919 727,2899 728,2871 638,2847 562,2868 513,2842 476,2866 402,2856 371,2876 270,2852 138,2856"/>
                <Baseline points="146,2900 174,2899 203,2899 231,2900 260,2900 289,2900 317,2900 346,2900 374,2901 403,2901 432,2902 460,2902 489,2902 517,2902 546,2903 575,2903 603,2903 632,2902 660,2902 689,2902 718,2901"/>
                <TextEquiv>
                    <Unicode>inige Tage verreisen müsse.</Unicode>
                </TextEquiv>
            </TextLine>
            <TextLine id="r1l64" custom="readingOrder {index:63;}">
                <Coords points="1067,2963 2533,2957 2436,2905 1067,2906"/>
                <Baseline points="1076,2952 1148,2953 1220,2953 1293,2953 1365,2953 1438,2954 1510,2954 1582,2954 1655,2954 1727,2954 1800,2955 1872,2955 1944,2955 2017,2956 2089,2956 2162,2956 2234,2957 2306,2958 2379,2958 2451,2959 2524,2960"/>
                <TextEquiv>
                    <Unicode>diesem Mädchen bevorsteht, muß er für seine Vergangenheit serben.</Unicode>
                </TextEquiv>
            </TextLine>
            <TextLine id="r1l65" custom="readingOrder {index:64;}">
                <Coords points="147,2972 575,2966 605,2983 636,2963 719,2969 719,2918 693,2912 612,2930 581,2908 508,2927 427,2912 351,2937 304,2913 148,2915"/>
                <Baseline points="156,2963 183,2963 211,2963 239,2963 266,2963 294,2963 322,2963 349,2963 377,2964 405,2964 433,2964 460,2965 488,2965 516,2965 543,2966 571,2966 599,2966 626,2966 654,2966 682,2966 710,2965"/>
                <TextEquiv>
                    <Unicode>Zweifeln geplagt wird, hat</Unicode>
                </TextEquiv>
            </TextLine>
            <TextLine id="r1l66" custom="readingOrder {index:65;}">
                <Coords points="1170,3017 2533,3008 2445,2966 1170,2966"/>
                <Baseline points="1179,3010 1246,3011 1313,3012 1380,3013 1448,3013 1515,3013 1582,3013 1649,3013 1717,3013 1784,3013 1851,3012 1918,3012 1986,3012 2053,3012 2120,3012 2187,3012 2255,3012 2322,3013 2389,3014 2456,3015 2524,3017"/>
                <TextEquiv>
                    <Unicode>Auch in außerdeutschen Ländern fant die „Liebelei“ großen</Unicode>
                </TextEquiv>
            </TextLine>
            <TextLine id="r1l67" custom="readingOrder {index:66;}">
                <Coords points="132,3038 244,3013 288,3041 314,3027 486,3041 602,3014 668,3035 729,3024 729,2974 676,2969 593,3001 523,2971 233,2986 132,2972"/>
                <Baseline points="141,3017 169,3018 198,3018 227,3019 256,3019 285,3019 314,3020 343,3021 372,3021 401,3022 430,3022 458,3023 487,3023 516,3023 545,3023 574,3023 603,3022 632,3022 661,3021 690,3020 719,3019"/>
                <TextEquiv>
                    <Unicode>iebe durchzukämpfen. Sie</Unicode>
                </TextEquiv>
            </TextLine>
            <TextLine id="r1l68" custom="readingOrder {index:67;}">
                <Coords points="1054,3086 2533,3071 2243,3020 1054,3040"/>
                <Baseline points="1064,3068 1137,3069 1210,3070 1283,3071 1356,3072 1429,3072 1502,3073 1575,3073 1648,3073 1721,3073 1794,3073 1867,3073 1940,3073 2013,3073 2086,3073 2159,3073 2232,3074 2305,3074 2378,3075 2451,3076 2524,3077"/>
                <TextEquiv>
                    <Unicode>Beifall. Erwähnenswert ist besonders die englische Übersetzung von</Unicode>
                </TextEquiv>
            </TextLine>
            <TextLine id="r1l69" custom="readingOrder {index:68;}">
                <Coords points="128,3089 184,3084 213,3104 299,3080 331,3097 726,3092 726,3034 709,3028 627,3050 548,3026 445,3044 222,3027 129,3040"/>
                <Baseline points="137,3078 166,3078 195,3078 224,3078 253,3078 282,3078 311,3078 340,3078 369,3079 398,3079 427,3079 456,3079 485,3079 514,3079 543,3079 572,3079 601,3079 630,3079 659,3079 688,3079 717,3079"/>
                <TextEquiv>
                    <Unicode>ändigen Mann eröffnet, und</Unicode>
                </TextEquiv>
            </TextLine>
            <TextLine id="r1l70" custom="readingOrder {index:69;}">
                <Coords points="1058,3130 2539,3131 2480,3083 1058,3096"/>
                <Baseline points="1067,3129 1140,3130 1213,3130 1286,3130 1359,3131 1432,3131 1505,3131 1579,3132 1652,3132 1725,3132 1798,3132 1871,3133 1944,3133 2017,3133 2091,3133 2164,3134 2237,3134 2310,3134 2383,3134 2456,3135 2530,3135"/>
                <TextEquiv>
                    <Unicode>G. Valentine William „Light o' Love“, die in London wiederholt</Unicode>
                </TextEquiv>
            </TextLine>
            <TextLine id="r1l71" custom="readingOrder {index:70;}">
                <Coords points="149,3169 248,3138 340,3163 392,3145 728,3147 728,3111 693,3090 647,3107 612,3091 149,3092"/>
                <Baseline points="159,3142 188,3142 217,3142 247,3142 276,3142 306,3141 335,3141 364,3141 394,3141 423,3140 453,3140 482,3140 512,3140 541,3140 570,3140 600,3140 629,3140 659,3141 688,3141 718,3142"/>
                <TextEquiv>
                    <Unicode>sie, daß Fritz im Duell ge¬</Unicode>
                </TextEquiv>
            </TextLine>
            <TextLine id="r1l72" custom="readingOrder {index:71;}">
                <Coords points="1071,3198 1164,3215 1233,3200 1290,3210 1310,3195 1398,3196 1421,3210 1483,3202 1483,3165 1449,3151 1416,3160 1402,3146 1365,3159 1310,3158 1288,3140 1271,3155 1210,3143 1181,3158 1144,3136 1071,3169"/>
                <Baseline points="1081,3191 1107,3194 1133,3195 1159,3196 1185,3196 1211,3196 1237,3196 1263,3194 1290,3194 1316,3192 1342,3192 1368,3190 1394,3190 1420,3191 1446,3191 1473,3193"/>
                <TextEquiv>
                    <Unicode>aufgeführt wurde.</Unicode>
                </TextEquiv>
            </TextLine>
            <TextLine id="r1l73" custom="readingOrder {index:72;}">
                <Coords points="145,3210 364,3219 386,3202 452,3215 529,3198 561,3215 627,3198 673,3214 739,3189 739,3152 585,3143 515,3163 471,3143 145,3166"/>
                <Baseline points="154,3202 182,3202 211,3202 240,3202 269,3202 298,3202 326,3202 355,3202 384,3202 413,3202 442,3202 470,3202 499,3202 528,3202 557,3202 586,3202 614,3201 643,3201 672,3201 701,3201 730,3201"/>
                <TextEquiv>
                    <Unicode>gegangen, daß er für eine</Unicode>
                </TextEquiv>
            </TextLine>
            <TextLine id="r1l74" custom="readingOrder {index:73;}">
                <Coords points="138,3266 323,3280 382,3262 435,3277 619,3261 689,3284 735,3266 735,3235 695,3207 605,3228 555,3211 404,3220 384,3201 364,3220 138,3209"/>
                <Baseline points="146,3255 175,3256 204,3256 233,3257 262,3257 291,3258 320,3258 349,3258 378,3258 407,3258 436,3258 465,3258 494,3258 523,3258 552,3258 581,3258 610,3258 639,3259 668,3259 697,3260 726,3261"/>
                <TextEquiv>
                    <Unicode>Wissen begraben wurde, muß</Unicode>
                </TextEquiv>
            </TextLine>
            <TextLine id="r1l75" custom="readingOrder {index:74;}">
                <Coords points="131,3319 426,3339 480,3319 627,3334 743,3312 743,3280 623,3264 539,3289 456,3264 241,3282 131,3263"/>
                <Baseline points="140,3310 169,3312 199,3313 229,3314 258,3315 288,3316 318,3316 347,3317 377,3317 407,3317 437,3317 466,3316 496,3316 526,3316 555,3315 585,3315 615,3314 644,3314 674,3314 704,3313 734,3313"/>
                <TextEquiv>
                    <Unicode>Blück ist mit einem Schlage</Unicode>
                </TextEquiv>
            </TextLine>
            <TextLine id="r1l76" custom="readingOrder {index:75;}">
                <Coords points="127,3372 530,3391 662,3371 702,3395 735,3373 735,3336 691,3321 397,3341 350,3323 305,3354 256,3326 179,3345 127,3326"/>
                <Baseline points="137,3371 166,3372 196,3373 225,3373 255,3373 284,3374 314,3374 343,3374 373,3374 402,3374 432,3375 461,3375 491,3375 520,3374 550,3374 579,3374 609,3374 638,3374 668,3373 697,3373 727,3372"/>
                <TextEquiv>
                    <Unicode>r Tod. Der dritte Akt ist</Unicode>
                </TextEquiv>
            </TextLine>
            <TextLine id="r1l77" custom="readingOrder {index:76;}">
                <Coords points="140,3455 483,3433 592,3458 737,3425 737,3398 673,3385 502,3402 449,3382 394,3402 333,3377 276,3395 140,3391"/>
                <Baseline points="149,3430 177,3431 206,3432 235,3433 264,3433 293,3434 322,3434 351,3434 380,3434 409,3434 438,3434 466,3434 495,3434 524,3434 553,3434 582,3434 611,3434 640,3434 669,3435 698,3435 727,3436"/>
                <TextEquiv>
                    <Unicode>elleicht nicht wieder zustande</Unicode>
                </TextEquiv>
            </TextLine>
            <TextEquiv>
                <Unicode>—
box 36/4
1. Pamphlets Offorints
25
en. Im nächsten Dialog
gebracht hat. Christinen entgegengestellt ist ihre erfahrene Freundin,
Die Szene zwischen
Mizi Schlager, die sich mit den Männern gut auskennt. In Katharina
ünstlerisch den Höhe¬
Binder hat der Dichter die rechte Tugendwächterin porträtiert, die am
und der Ehemann.
liebsten jedes Mädchen von der Welt abschließen möchte. Ihr tritt
ls nächstes Paar
Christinens Vater entgegen, der dem Leben einen heiter genießenden,
dann der Dichter
das Angenehme schätzenden Sinn entgegenbringt. Fritz und Theodor
Grafen, der
sind ähnliche Charaktere wie Anatol und Max und ihr Verhältnis
zueinander ist ein ähnliches.
en“, der
Rei
Die Liebelei hat Schnitzlers Ruhm begründet. Das Drama steht
n, besitzt ein
von
in einer literarischen Tradition, die an Dumas „Cameliendame“ an¬
knüpft. Schnitzler verbindet hier die Schilderung eines Liebesfrühlings
in der Art Halbes mit einer sozialen Anklage. Von „Liebelei“ ab
vernehmen wir in Schnitzlers Dichtung den Dreiklang: Liebe, Leben
Viener
i süßen
und Tod. Die Liebe ist für den Dichter ein Spiel; derjenige, der es
ernst nimmt, geht daran zugrunde. Darum muß Christine sterben.
tisch,
Rampen¬
Die Tragik spricht sie selbst mit den Worten aus: „Ich bin ihm nichts
rtrefflich
gewesen als ein Zeitvertreib — und für eine andere ist er gestorben!
Und ich hab’ ihn angebetet! Hat er denn das nicht gewußt? ...
en steht viel in diesem
Er hat von mir fortgehen könn, it einem Lächeln, fortgehen aus
ritz Lobheimer, um ihn
dem Zimmer und sich für eine u #ere niederschießen lassen.“ So wie
1 Frau zu retten, die Be¬
die Liebe hier erscheint, begegnet sie uns noch öfter bei Schnitzler:
t ein echtes Wiener Kind,
Zwei Menschen lernen einander kennen und lieben, ofi nur in wenigen
stäbter Theater. Fritz wird
Stunden, und gehen dann auseinander oder sterben. „Seinitzlers
verbringen die jungen Leute
Heldinnen lieben nur einmal,“ sagt Muret in einem französischen Aufsatz.
läßt sich ein Herr melden,
„Liebelei“ erhebt sich inhaltlich bedeutend über den „Anstal“
der von Lobheimer geliebten
Hauptsächlich ist aber in technischer Hinsicht ein Fortschritt zu ver¬
unterrichtet. Als der erste
zeichnen. Schon in diesem Drama sehen wir, daß nur der Mann ein:
er. Duell steht. Christinen
Entwicklung durchmacht. Für Fritz ist anfangs Christine nur die
nicht am nächsten Tage, wo
Geliebte, Lei der er Erholung von seinem Verhältnis mit der ver¬
zten Male besucht. (Zweiter
heirateten Frau finden will. Als er erkennt, welches Glück ihm bei
inige Tage verreisen müsse.
diesem Mädchen bevorsteht, muß er für seine Vergangenheit serben.
Zweifeln geplagt wird, hat
Auch in außerdeutschen Ländern fant die „Liebelei“ großen
iebe durchzukämpfen. Sie
Beifall. Erwähnenswert ist besonders die englische Übersetzung von
ändigen Mann eröffnet, und
G. Valentine William „Light o' Love“, die in London wiederholt
sie, daß Fritz im Duell ge¬
aufgeführt wurde.
gegangen, daß er für eine
Wissen begraben wurde, muß
Blück ist mit einem Schlage
r Tod. Der dritte Akt ist
elleicht nicht wieder zustande</Unicode>
            </TextEquiv>
        </TextRegion>
    </Page>
</PcGts>
