3436 4448
1507 203 1961 293 box 36/7
156 196 1347 307 1: Panphlets, offprints
1433 948 1856 1047 Arthur Schnitzler
892 1054 2445 1136 Gerhart Hauptmann: Arthur Schnitzlers warme und feine Begabung
899 1121 2433 1208 besitzt einen Zug, der in Deutschland selten ist, Grazie. Es ist
904 1186 2432 1263 deutsche Grazie, keine französische Den Sinn für Schnitzler
907 1233 2430 1298 besitzen, heißt Kultur besitzen, und sich von Schnitzler angezogen
899 1286 2431 1378 fühlen, heißt die Kultur suchen.“ Schnitzler is an unsurpassed master
898 1354 2435 1413 in manipulating delicate shades of feeling, in revealing the deepest
898 1397 2441 1490 recesses of the soul, and in reporting his discoveries lightly and
905 1483 1156 1551 gracefully.
997 1498 2437 1583 Liebelei (1895) made the author famous throughout the world.
913 1571 2437 1645 Here he uses the same materials as in Anatol in creating a play of
914 1617 2434 1706 deepest tragic significance, one that holds the stage both in Austria
906 1682 2437 1757 and Germany to this day. A young man of means makes love to a
919 1750 2444 1833 girl of lower station. She is happy and devoted to him with all her
923 1789 2445 1871 soul. But when she learns that he has died in a duel on behalf of
920 1847 2442 1950 another woman, she realizes what a trivial part she played in the life
923 1912 2444 1985 of him to whom she gave herself and commits suicide. Commonplace
913 1974 2439 2033 as this little tragedy may seem, it is a very serions study of modern
915 2011 2439 2111 life and possesses high esthetic refinement. The lapse of the heroine
920 2076 2444 2147 exhibits nothing gross or sensual. It is moreover carefully motivated
914 2129 2453 2219 by the absence of a mother, the extreme leniency of the father and
921 2185 2445 2255 the attitude of various characters of her environment who indirectly
915 2238 2459 2316 help to shape her life. The tragedy arises from the fact that the
925 2297 1868 2372 heroine cannot play the love game lightly.
1019 2348 2455 2426 To recount the plots of the long list of Schnitzler’s works would
931 2399 2461 2491 be quite futile. Neither his plays nor his stories are distinguished by
922 2467 2468 2531 any powerful or clever action. There is little plot in the strictest
931 2524 2457 2600 sense of the term in his works. His strength lies chiefly in subtle
933 2576 2470 2645 characterization, in the creation of an atmosphere rather than in
935 2627 2457 2711 the manifestation of violently dramatic situations. Schnitzler is pri¬
940 2682 2469 2764 marily a poet of the soul. He brings the most hidden emotions to
929 2749 2461 2827 light and he does it with infinite delicacy. Details of circumstances
928 2810 2458 2877 mean little to him, moods everything. He is not interested in problems
942 2846 2463 2936 as such, although he most effectively satirizes and ridicules dueling,
932 2912 2469 2990 militarism, semitism, anti-semitism, the government, revolutionary parties,
945 2971 2480 3048 etc., in his works. Only in Professor Bernhardi does a political
939 3025 2476 3115 intrigue really condition the plot, and even here it is well subordinated
943 3094 2323 3155 to the chief interest, — the character of Professor Bernhardi.
1042 3139 2476 3226 Two works of Schnitzler in particular have created a storm of
949 3204 2469 3283 discussion, although neither is exactly representative of the author.
948 3250 2472 3322 One is his only full-sized novel so far, Der Weg ins Freie. It is un¬
953 3303 2469 3382 doubtedly his most ambitious, even though not perhaps his most
954 3358 2475 3447 successful work. The novel suffers somewhat from lack of external
960 3444 2489 3502 action and too much discussion. A voung baron falls in love with a
944 3471 2496 3540 Jewish girl. His association with her brings him into contact with
951 3531 2498 3617 various types of Viennese Jews and the Jewish problem in Austria
2623 4024 3055 4113 K
