3436 4448
1509 237 1952 345 box 36/7
169 242 1360 341 1. Panphlets offorints
1224 963 2038 1040 Monaishefte für deutschen Unterricht
1347 1081 1859 1160 Arthur Schnitzler
844 1160 2388 1241 By Pnoresson Wixziam Diamoyn, University of California at Los Angeles
943 1263 2390 1322 Arthur Schnitzler (1862-) is admittedly one of the subtlest and
859 1318 2377 1380 most notable creative writers of our age. He stands in the forefront
846 1373 2386 1435 of those authors who have given the German drama of today its
848 1430 2375 1491 distinction and preeminence, and his marvellous activity as a writer
855 1471 2388 1532 of short stories has coupled his name with the greatest masters in that
852 1547 2388 1601 field. Hugo von Hofmannsthal writes: “In beiden Formen: Drama
851 1600 2389 1658 und Erzählung ist Schnitzler durchaus Künstler und war es vom ersten
857 1647 2388 1706 Tage an.' Frank Wedekind, himself a leading dramatist, paid the
858 1718 2391 1768 following tribute to our author: Arthur Schnitzler ist ein deutscher
856 1753 2386 1817 Klassiker. Ich weiß keinen lebenden deutschen Schriftsteller, von
854 1812 2383 1870 dem sich das mit gleicher Sicherheit behaupten ließe ... Kein anderer
855 1893 2396 1940 verdient so wie er die Bezeichnung eines Meisters. Der Mangel aller
866 1922 2393 1994 Aufgeblasenheit, aller Gespreiztheit, alles falschen Pathos und aller
864 1999 2391 2049 Manieriertheit ließ ihn den Hausknechten des Naturalismus als kein
868 2045 2382 2105 sauberer Gast auf dem Parnaß erscheinen. Heute, wo die literarische
857 2105 2384 2166 Falschmünzerei jener Tage aufgedeckt und abgetan ist, steht Arthur
858 2149 2393 2206 Schnitzler als der Dichter da, der Deutschland in den verflossenen
868 2215 2399 2273 zwanzig Jahren die größte Zahl vollendeter Werke geschenkt hat.' And
871 2262 2406 2340 Franz Werfel: "Ein Meister, wie Arthur Schnitzler, ist unter den
868 2328 1657 2397 Deutschen ein höchst seltener Fall.?
968 2372 2399 2443 Schnitzler was born in Vienna in 1862, studied medicine and
872 2444 2405 2501 obtained his M. D. degree from the university in that city in 1885.
877 2495 2408 2559 During the next few years he was attached to the resident staff of
872 2535 2396 2618 one of the largest clinical hospitals, and has since then devoted him¬
876 2597 2400 2675 self to the practice of medicine and the writing of short stories
865 2663 1119 2742 and plays.
961 2695 2399 2763 The work which first attracted the attention of the German
875 2775 2402 2840 literary world was Anatol (1892), a cyele of seven one-act plays written
870 2824 2398 2889 around a central character appearing in each and presenting seven
867 2888 2402 2958 different scenes of the love adventures of the same idle philanderer.
880 2936 2408 3001 The essential immorality of some of the Anatol scenes is, of course,
881 2987 2403 3055 obvious. Yet, they are depicted with such subtle irony and humor
880 3056 2413 3116 and such delicate art that they scarcely offend. Few German authors
869 3112 2404 3169 are able to express themselves as gracefully and artistically as he.
874 3155 2407 3222 Not since Heine have the Germans produced such a wit coupled with
883 3212 2409 3291 such a rare sense of form and artistic sensitiveness. In the words of
883 3284 2414 3340 Alfred Kerr: Daß man doch in Deutschland noch immer zu wenig
885 3321 2414 3389 Ehrfurcht vor den Grazien hat, die so oft leider ausgeblieben sind.
888 3381 2410 3447 Von der besonderen Art der Schnitzlerschen Grazie, von der besonderen
885 3446 2416 3502 Art entzückender Feinfühlsamkeit haben Gewaltigere unter den Heutigen
887 3489 2414 3565 keine Ahnung. Was niemand erwerben kann, erhielt er im Schlaf.
889 3556 2430 3626 Jawohl, es gibt Tiefere: aber sie können nicht, was er kann.?' And
2750 4088 2897 4163 K
