3296 4384
2874 108 2971 209 7
1293 132 2881 201 under Stockholmsvisiten. Här hede över en del ar parketten. Sedan den
482 139 1301 202 sig pä kvinnor, han, som har en
1290 171 2895 263 han ocksä älskvärdheten att pä f. m. dagen talade allt folket om pjäsen,
482 192 1300 267 sà söt fru, och i sin ungdom själv
1292 240 2894 323 mottaga en medarbetare i N. D. A., som nu gick med pukor och trumpe¬
485 242 1297 309 spelat primadonna vid spexen 1
1281 294 2191 372 som introducerades av hr Carl Nord-Iter.
486 301 671 391 Lund.
2102 311 2965 439 Samtalet rör sig vidare om Wien1
1293 356 2114 422 berger, som jämte regissör Gustaf
537 331 1295 422 Under debatten kom det förresten
1296 401 2898 479 Linden — Snitziers specielle översät-Iförr och nu, och dr S. kommer El. d.
488 407 1295 475 till en fäktning mellan hr Ekman,
1291 456 2091 533 tare — har äran av att besöket kun¬
2082 436 2902 529 in pä den svenska hjälpverksamheten,
480 461 1301 542 Carl Gustaf, och hr Lindhagen, un¬
1303 506 2896 574 nat komma till ständ till glädje för det som vilken han yttrar sig i entusiasti¬
480 510 1295 595 der vilken hr Lindhagen avslöjade,
1295 565 2000 637 litterärt intresserade Stockholm.
2086 561 2889 643 ska ordalag; särskilt hade han lärt
481 574 1290 636 att det egentligen är för hans stora
1315 601 2894 703 Det var f. ö. bra nära, att visitensig uppskatta fröken Gerda Marcus
495 630 1313 707 kristendomskärleks skull, alla hans
2102 660 2752 745 och fru Björkman-Goldschmidt.
1297 671 2097 735 skulle gä om intet. Portieren pä Ho¬
483 688 899 765 motioner avsläs.
2138 690 2908 788 — Wien, àh, det är stor skillnad mel¬
1295 727 2107 795 tel Phönix, där dr S. bodde under
534 716 1295 810 Förspelet bestod uti, att herr
486 781 2903 841 Lindhagen, med en sidoblick uppl Köpenhamnsvistelsen, '’upplyste“' ho-lan förr och nu. Utlänningen kan nog
496 840 2904 909 mot den av talrika damer besatta nom nämligen, att resan till Stock-]äterfinna det glada Wien frän fordom,
493 892 2898 963 läktaren, pästod, att ''sädana flic-holm skulle draga en tid av ej mindreimen han ser ej nöden inunder, som
485 955 2896 1020 kor, som bli jurister, skrattar manàn 24 timmar. Dà blev Schnitzler be-drabbat andens arbetare, lärare, äm¬
2096 1000 2896 1057 betsmän och deras likar. Visst roar
494 1000 2103 1074 inte ät“'. Ty först sällas de vid stu- Itänksam, ty vid 61 ärs älder ger man
2890 1022 2990 1114 fäl
2100 1054 2891 1120 man sig även i vära dgars Wien, men
1303 1052 2097 1118 sig icke ut pä längresor, dä man icke
485 1059 1306 1126 dentexamen cc.. därefter sällas de
2098 1097 2889 1174 det är ett helt annat slags människor,
1305 1108 2099 1176 är tvungen därtill. Han var just i
502 1107 1317 1191 vid juris kandidaten, som enligt hr
2883 1107 2990 1207 da,
2100 1157 2888 1226 som leva med — det är skillnaden
486 1157 2098 1234 Lindhagen är en av de avskyvärda-färd med att sända telegrafiskt äter¬
2091 1207 2646 1293 och det sorgliga i saken.
491 1211 2097 1288 ste tilletällningar, som finns; ochlbud till hr Nordberger, dä han räka¬
2113 1231 2985 1330 Frän nöjeslivet komwer man lättl!
497 1256 2114 1351 efter dessa tortyrinrättningars ge-de tala om saken med sin vän Georg
2094 1318 2998 1390 över pä teater, och vi kunna ej undgä ap
490 1327 1514 1401 nomgäende äterstä kvinnor sà- Brandes.
2093 1355 3001 1443 att kasta fram ’Reigen“, pjäsen i har
1390 1355 2097 1450 Visst inte! utropade denne. Re¬
492 1373 1316 1461 dana som Mathilda Staél von Hol¬
2098 1418 2990 1501 dialogform, som för ett par är sedanlat
1303 1419 2094 1512 san tar bara 12 timmar. Man gär till
494 1443 1300 1515 stein och Ruth Stjernstedt, som äro
2108 1475 3006 1550 väckte sä mycket rabalder pá konti 80
491 1475 2112 1565 skolade, förstündsmogna kvinnor, kojs i sovvagnen pä kvällen, och pä
2892 1521 2999 1591 frä
2106 1537 2902 1619 nenten, i det att stycket ansägs i hög
489 1546 2097 1615 fullt passande till domare.* (Varförimorgonen, dä man vaknar, är man
2094 1587 2416 1663 grad osedligt.
493 1596 1759 1664 glömde förresten hr Lindhagen bortframme i Stockholm.
1338 1607 2111 1709 Tack vare detta, blev ocksä resan
2123 1601 3006 1718 — Denna pjär har blivit sä missför-daf
492 1644 1322 1732 lilla fru Sonja Branting-Westerstähl,
2095 1678 3006 1772 städd, säger Sehnitzler allvarligt.ima
1310 1694 1412 1779 av.
499 1709 1305 1786 som i mitt tycke är den sötaste juris
1391 1750 3000 1824 Georg Brandes, ja, säger dr Jag pästär, att dess innehäll och ten¬ De
502 1752 1323 1832 kandidaten av allesammans?) Man
1308 1797 3000 1872 Schnitzler, honom fann jag nu yngrei dens icke är mera moraliskt eller omo- Ry
493 1819 1302 1899 kan förstä, att hr Lindhagen inte
1322 1838 2999 1930 och fräschare än nägonsin. Det var lraliskt än mänga andra teaterverks.1ma
499 1875 1311 1958 under dessa omständigheter tyekte
1311 1917 3006 2000 rent av förvänande hur livaktig han Men man mäste förstä det, och ickes 8#
509 1940 1309 1996 om hr Ekmans kompromies, att läta
1314 1973 2687 2029 är — nägot, som tydligen gladde B:sise blott till det rent yttre.
497 1984 1303 2065 kvinnorna oscillera mellan bondlan¬
1315 2023 1682 2082 österrikiske vän.
2195 2003 2908 2102 detta sammanhang faller talet
498 2035 1315 2125 det och städerna, utan gav denne
1339 2052 2106 2139 Schnitzler talar vidare om sin resa,
2102 2060 3006 2154 osökt pä Wedekinds'Pandoras ast“ V#l
495 2085 838 2167 kraftiga nyp.
1307 2133 2095 2205 cm förhällandena i hemlandet, om si¬
2110 2131 2913 2204 som i dessa dagar uppföres à Svenska
534 2119 1310 2214 Hr Ekman blev emellertid inte
1315 2182 2097 2247 na pjäser, om kritik och publik — det
2099 2153 3016 2266 teatern och väcker mycken strid. ma
508 2202 1317 2278 svaret skyldig. Han bad vännen
1316 2234 2107 2303 är oss tyvärr omöjligt att här ens an¬
2185 2211 3017 2318 Det är ett mycket intressant
497 2258 1312 2333 Lindhagen göra tankeexperimentet,
1319 2292 2107 2359 tyda allt, vad den älskvärde och fine
2113 2275 3003 2368 verk, blir Schnitzlers omdöme. Erd.1#n
512 2307 1318 2381 att alla de motionsprojekt, som
1311 2344 2118 2409 mannen hade att berätta. Och han
2101 2332 3005 2429 geist, Lulu och denna pjäs höra sam ##
497 2355 1318 2429 denne kommit med under ärens lopp,
2891 2378 3016 2445 län
1321 2397 2106 2465 berättade pä ett sätt, som tog en fän¬
2108 2404 3007 2491 man som ett organiskt helt, och man##
505 2426 1313 2485 blivit lag. Huru skulle styreisen här
1311 2452 2105 2525 gen; när han pä intervjuarens frägor
2114 2461 3007 2565 bör ha sett serien i dess helhet för att###ol.
511 2481 1311 2543 1 landet dä ta sig ut? Hade herr
1300 2496 2104 2567 hoppade över frän det ena ämnet rill
2102 2520 3004 2607 kunna förstä verket. I ° Pandorasi d
503 2517 1067 2599 Lindhagen tänkt därpä?
1311 2559 2105 2619 det andra, talade han med samma in¬
2112 2571 2915 2636 ask“ har Lulus livsöde nätt ett sta¬
551 2557 1312 2658 Varpä hr Lindhagen svarade, att
1326 2600 2120 2685 tresse och samma energiska huvud¬
2111 2610 3009 2692 dium, som ej längre intresserar som Dr
500 2604 1308 2708 han, medan hr Ekman talade, lätit
1310 2657 2114 2742 kast cm allt, och man fick det intryc¬
2103 2674 2906 2752 ett självständigt verk. Och har man
503 2685 1312 2748 en del av sina motioner passera revy
1311 2711 2123 2778 ket, att man framför sig hadej en vid¬
2114 2736 3012 2794 ej utvecklingen i det föregäende klaririk
510 2744 1318 2809 inför sitt inre öga och därvid funnit,
1317 2773 2109 2851 hjärtad personlighet, med intresse och
2116 2784 3005 2880 för sig, kan man ej fatta och förstäl gki
512 2797 1324 2871 att de gütt ut pä, att han i stället
2112 2838 3016 2926 verket. Vidare fordras det av Lulusnin
506 2854 1324 2932 för frikyrklighet och krängel velat
2104 2884 3015 2978 framställarinna, att hon icke spelarf mit
515 2889 1333 2978 införa kristendom. Och att
1319 2942 3010 3012 fande arbetslöshetskommissioner änmed raffinemang; hon skall hela ti¬ bec
513 2966 1319 3033 det förmodligen var därför, de voro
2106 2999 3019 3074 den vara den omedvetna synder 192
1317 3006 1645 3080 hr Pegelow.
523 3008 1320 3077 sà illa omtyckta av hr Ekman, Carl
1401 3034 3018 3119 — Och allt det där tycker hr Ek-Iskan; Lulu skall icke själv vara pä debibel
519 3073 1324 3138 Gustaf. Hr Lindhagen är sälunda
1320 3095 3018 3176 man vida bättre om än om kristen-klara med viiken fruktansvärd varel-ink
510 3121 1316 3198 ett slags Ansgarius eller Nordens
1318 3162 2703 3234 domen! utbrast indignerat den krist-Ise hon i själva verket är.
515 3180 1321 3261 apostel i riksdagen, och sina apostla¬
2874 3170 3021 3260 ti
1317 3222 1902 3284 ne martyren Lindhagen.
2131 3203 3018 3291 Annu mycket mera hade Schnitzer zue
519 3232 1319 3296 gärningar kompletterade han med
1367 3268 3014 3343 Vid detta sista avsnitt av herrlatt berätta och förtälja. I morgon fä dat
516 3289 1334 3362 att damma pä hr Ekman för det
1327 3324 3016 3420 Lindhagens anförande började tal-stockholmarne själfva tillfälle att gö- bei
516 3328 1315 3394 denne störtat den socialistiska re¬
2114 3383 2913 3446 ra hans bekantskap, dä hau ger en
1322 3381 2113 3463 mannen greve Hugos hand att pä
513 3391 1330 3470 geringen och tyckt, att hr Malm var
2115 3410 3026 3496 uppläsningsafton à Musikaliska aka-0g
1325 3434 2116 3498 ett synnerligen betänkligt sätt leka
532 3451 1323 3533 en vida mindre erfaren man beträf¬
2117 3484 2944 3555 demien med föredragning av valda
1325 3497 2112 3554 med klubskaftet, medan hans humo¬
2117 3527 3030 3608 stycken ur sina egna verk. Pä tisdar svä
1320 3535 2114 3624 ristiska blickar varnande riktades pä
2106 3586 3034 3663 kommer han att övervara en särskilt Fri
1329 3598 1673 3670 hr Lindhagen.
2124 3651 2998 3722 anordnad representation à Lilla Dra-är
1368 3641 2120 3714 Varför denne satte sig och kam¬
558 3614 1304 3773 Smyrna-Fikon
2119 3702 3017 3776 maten av hans verk Alskog', ochlför
1318 3699 2135 3776 maren beslöt att i enlighet med hr
1334 3761 3032 3821 Ekmans kompromiss läta jurist-Idärefter reser hau äter till sitt landl He
618 3753 1257 3848 högfin kvalitet, 1 glas à 2:50.
1329 3791 3030 3879 damerna irra mellau landsbygdenlefter detta sitt andra besök i Sveri-hus
738 3816 1123 3907 Ny sändning hos
2110 3858 3038 3939 ge; det första gjorde han redan ár kri,
1330 3868 1668 3948 och städerna.
525 3871 1337 3989 Arvid Nordquist H. A. B.
2910 3913 3059 4002 kron
1826 3900 2258 3998 Bon soir. 1896.
683 3956 1179 4022 Kungl. Hofleverantör.
