3296 4096
199 52 402 149 24.
455 65 513 138 1
618 39 1002 136 dreifach
1082 49 1442 167 Narnung
1575 45 1980 156 box 4/1
392 84 1397 184 . Cn an
595 497 759 561 1. Ma.
654 532 841 605 EH
510 545 619 598 M
1025 584 1799 742 En Samtale
1412 736 2132 872 Schnitzler.
558 697 1398 850 med Arthur
497 818 603 886 Mi
508 834 1398 944 En lille Mand med et graanet Pan-Fuld¬
1454 838 2307 939 — Den laser jeg gerne, siger han. Og jeg
470 915 1390 998 skig og en endnu merk Lok Haar liggende
1398 913 2277 1009 har saa tankt at lase maaske en Novelle —
479 976 1395 1062 ikke alt for arrangeret ned over den venstre
1406 979 2313 1067 Hyrdeflojten eller Skabnen — eller maaske
468 1037 1382 1120 Tinding. Han gaar og bringer Orden i sine
1404 1034 2316 1124 et Kapitel af „Veien til Frihed“, et Kapitel,
474 1091 1394 1175 Sager i Verelset paa Hotel Phonix, og endnu
1403 1117 2304 1198 som plejer at gere sig. Det fordyber sig i
468 1155 1387 1254 gaar han med den blede, uregerlige Kunst¬
1403 1163 2023 1245 Antisemitismens Psykologi
477 1217 870 1301 nerhat i Haanden.
1473 1224 2303 1305 — Det er et Kapitel med udpraeget Ten¬
507 1252 1390 1362 Det er Arthur Schnitzler, Wiener¬
1400 1289 1621 1369 dens
465 1330 1394 1425 Leegen, der blev en af Ordets Mestre, som
1493 1333 2308 1421 Der er aldrig nogen aabenbar Tendens
470 1395 1395 1479 synes Laseren at vare en af dem, for hyem
1407 1407 2304 1486 i, hvad jeg skriver. Jeg forstaar ikke, at no¬
479 1450 1324 1548 Ordenes Komedie altid var elegant Leg.
1406 1456 2318 1556 gen Digter skriver med Tendens eller for
504 1510 1386 1605 Han leder sit Toi igennem — endnu en¬
1398 1532 2306 1608 Tendensens Skyld. Jeg kan ikke sige, hvor¬
468 1567 1393 1649 gang. Og han siger med et Smil, som man
1404 1596 2309 1672 for jeg skriver. Der er visse Tanker i det,
482 1641 1396 1733 tager paa, naar det er unytlig Gerning, man
1411 1643 2320 1740 jeg frembringer, og leeser man mine Arbej¬
482 1699 691 1777 har for:
1405 1701 2307 1778 der, finder man maaske Tankerne. Maaske
597 1749 1387 1840 Ja, jeg finder det ikke..! Jeg blev be¬
1400 1774 2308 1850 bliver man blot underholdt. Men jeg siger
477 1810 1384 1906 stiaalet i Berlin, paa Hotellet. Manden, der
1403 1820 2304 1907 ikke — og begriber ikke, at andre ger det
475 1888 1396 1966 sjorde det, var saa venlig at tage mit Kjole¬
1449 1893 2318 1973 at dette og dette er min Mening og at
480 1937 1392 2024 seet og en deilig gul Reisenecessaire, som jeg
1411 1941 2320 2026 saadan skal Leseren synes. Jeg holder af at
479 2009 1391 2086 saa nedig vilde af med. Han har kun veret
1393 2002 2305 2078 belyse Tankerne fra alle Sider, og jeg seger
486 2054 1389 2134 en halv Snes Sekunder i Verelset, Jeg var
1398 2071 2307 2156 at finde Belysninger, som maaske ikke alle
469 2114 1394 2196 ude et Gjeblik, og jeg har leert saa meget
1401 2124 1796 2204 har bemerket.
475 2187 1394 2264 af min Kollega Conan Doyles“ Sherlock-Hol¬
1433 2179 2303 2264 Maaske, siger Arthur Schnitzler videre, er
478 2244 1392 2326 mes-Metoder, at jeg kan se, at han maa have
1409 2228 2303 2323 det da dette, der ger, at jeg feler, at nogle
471 2304 1396 2387 staaet udenfor og ventet, til jeg forlod Ve¬
1403 2304 2304 2379 af mine Arbeider passer bedre and andre ind
470 2356 1393 2433 reiset. Men jeg var kun borte faa Sekunder,
1399 2361 2306 2434 i de skiftende Tider. Det feler jeg uvilkaar¬
475 2416 1389 2507 ikke eet Minut. Og havde Hotellet ikke haft
1401 2422 2319 2508 ligt, at de ger, naar jeg laser dem op. Der
474 2495 1386 2565 sine Gange liggende i Krumninger, kunde det
1393 2486 2302 2562 er Ting, jeg leste for 10 og for 20 Aar si¬
466 2532 1384 2614 ikke vare sket — Hotelgange ber altsaa altid
1391 2540 2304 2609 den, som nu slet ikke vil gere sig, og der er
1399 2599 2304 2684 andre Ting, som jeg den Gang ikke havde kun¬
472 2595 1379 2681 vare lange #s lige..! Man skal vare sig, naar
1402 2653 2313 2733 net tnke mig at -leese, og som nu ger sig.
471 2661 1392 2734 man reiser nu til Dags — men jeg har for
1406 2726 2311 2788 Publikum har ganske forandret sig. Mens
469 2730 1392 2798 Resten reist saa lidt i de sidste Aar. Under
1405 2782 2312 2865 Koncert-Publikumet vistnok er saa temmelig
467 2790 1392 2869 Krigen var jeg stadig i Wien. Siden har jeg
1402 2836 2307 2912 det samme som tidligere — i hvert Fald i
475 2850 1393 2912 nu veret i Holland, og nu er jeg altsaa her.
1404 2898 2307 2982 Wien — saa er baade Publikum i Teatret,
476 2903 1389 2985 Jeg tager ikke gerne langere vek, thi j Hol¬
1402 2949 2305 3045 Publikumet til Oplasninger og det Publikum,
466 2956 1378 3054 land og her finder jeg noget af den samme
479 3023 1387 3101 Atmosfere, som er om mig i Wien, og som
1399 3026 2304 3102 som kober Beger, et ganske nyt. Bogpubli¬
466 3094 1395 3162 jeg befinder mig vel i. Jeg feler mig hiemme
1410 3080 2303 3148 kumet nu er jo bl. a. forskelligt fra tidligere
484 3132 1393 3226 — og selv om mange Aar er gaact, siden jeg
1401 3142 2304 3226 Tiders derved, at det keber en hel Rakke
469 3193 1394 3262 sidst var her i Kebenhavn, feler jeg dog al¬
1406 3192 2308 3289 hos en Boghandler ad Gangen — Begerne
483 3263 1397 3343 lerede, at alt her er son i 1896, da jeg var
1405 3258 2301 3340 herer med til Bohavet. Men for mange, der
1397 3313 2306 3388 kun har Raad til det nedvendigste og knapt
477 3309 1395 3416 her og boede paa Marienlyst og Skodsborg..
574 3382 1173 3443 Og skrev en Novelle herfra?
1405 3380 2305 3461 det, f. Eks. mange af de mest intellektuelle,
555 3440 1394 3531 — Ja, „Die Frau des Weisen“ foregaar i
1409 3440 2300 3518 Universitetsprofessorer og andre, er Beger
474 3503 1386 3583 Skodsborg. Det staar ikke deri, men man
1403 3503 2306 3583 blevet en Luksus — og Beger er dog, trods
1400 3543 2307 3640 alt, den billigste af al Luksus. Maaske er det
486 3568 1387 3650 narker det... Skodsborg, hvor man har
1405 3620 2301 3691 dog ogsaa godt, at der kebes Beger i Rak¬
486 3618 1389 3719 Idsigt til den svenske G .. hvad er det, den
485 3676 738 3758 iedder....
1402 3680 2300 3768 ker. Nye Slagter vokser op, og naar Be¬
513 3720 1399 3837 Og da Schnitzler faar Navnet Hveen
1410 3738 2308 3822 gerne er der, vil der altid vere Mulighed
493 3801 863 3883 saynt, siger han:
1403 3802 2306 3896 for, at de kan finde noget, som gror stille
1402 3865 1655 3948 i dem
583 3829 1395 3957 Ja, jeg skuf'! Motgen ud lil Skodsborg
493 3907 1396 3991 ##seYover til Iveen; jeg skal til Skodsborg
1443 3898 2309 3989 Der er Tale om en Middagsindbydelse fra
504 3985 2298 4044 g til Marienlyst og videre op lil Gilleleie.] en af Digterens Venner her, og han tager
2328 488 3190 590 BERLINGSKE TIDENDE
2315 590 3176 688 ler med et Smil — saa kan jeg komme
2320 658 3174 751 Balletten. Jeg vil heist heroppe gaa gand
2319 705 3203 811 stille og gense de gammelkendte Steder, 1
2321 782 3215 862 jeg holder af, hilse paa danske Venner —ga
2327 838 3156 928 af dem, jeg kendte mindst personlig,
2327 880 3212 985 satte mest Pris paa, bande som Mennes##
2315 956 3205 1051 Forfatter, Peter Nansen, faar jeg#o ik
2317 1015 3226 1101 at se  jeg havde for Resten allerei
2325 1084 3227 1151 lange fer, han dede, haft Indtryfcket af, 3
2318 1136 3250 1219 han var en Mand, som var et andet Sted end
2304 1201 3231 1281 der, hivor han var Og naar jeg reiser
2305 1251 3232 1342 herfra, tager jeg til Dolomitterne, som nu he¬
2308 1318 3236 1387 rer til Italien. Dèr er den Atmosfare, som jeg
2311 1378 3223 1453 holder allermest af. Og Omgivelserne, At¬
2321 1422 3229 1522 mosfaren, er vigtigst af alt for mig..
3019 1491 3200 1559 Ucello.
2363 1598 3200 1713 Dansk-Finsk Forenings Fest.
2321 1697 3228 1800 for de finske Studentersangere
2346 1793 3223 1866 Efter de finske Studentersangeres pragtige
2321 1839 3226 1899 Koncert i Odd Fellow-Palest Onsdag Aften
2316 1890 3237 1957 var Sangerne senere paa Aftenen Geester hos
2320 1948 3227 2015 „Dansk-Finsk Forening' ved en Souper
2320 1996 3223 2075 i Studenterforeningens Festlokaler. Festen
2320 2050 3203 2101 tog sin Begyndelse ved 11-Tiden. Efterhaan¬
2324 2100 3236 2173 den, som Eresgesterne og de gvrige indbudte
2313 2143 3229 2229 Gester ankom, samledes de i Stuelokalerne,
2320 2196 3210 2260 hvorfra de med Bestyrelsen i Spidsen marche
2322 2251 3211 2309 rede op i den store Festsal, hvor Bordene stod
2316 2308 3212 2372 smukt dekkede. De over 200 Gtester var for¬
2327 2344 3239 2439 delte saaledes, at saavidt muligt en Dansk tog
2323 2400 2704 2462 en Finne tilbords.
2360 2422 3175 2520 I den festlige Skare, hvoriblandt var
2322 2495 3192 2573 Mangde nydelige Damer, der da ogsaa sener
2322 2544 3232 2619 hyldedes starkt af de galante Finner, bemner¬
2319 2606 3240 2672 kedes M. M.-Veteranen, finsk Oberstleitnant
2321 2657 3229 2715 Stenius, Fru Ina Lange, Legationssekreter
2318 2700 3252 2776 ved det finske Gesandtskab H. Sohlberg, Rek¬
2319 2751 3244 2823 tor magnificus, Professor, Dr. med. Bock og
2312 2784 3239 2866 Frue, Studentersangforeningens Bestyrelse
2309 2852 3243 2920 med Formanden, Direkter, cand. jur. Asger
2313 2904 3238 2956 Bruhn i Spidsen, og dens fhv. Formand, Lage
2328 2950 3230 3021 V. Christophersen, Studenterforeningens leden¬
2321 3002 3237 3057 de Senior, Overretssagferer Janus Krarup, Di¬
2317 3050 3231 3126 rekter, Professor H. O. G. Ellinger, Skibs¬
2323 3094 3234 3159 reder, Grosserer Hans Tobiesen, Direkter
2312 3151 3242 3223 Hjalmar Hartmann, Redakter Carl Behrens,
2324 3204 3240 3272 Direkter Carl Franck med Frue og Datter,
2312 3254 3228 3322 Politiassessor Harald Prytz med Frue, Kon¬
2317 3299 3233 3360 certsangerinden, Fru Prytz, Forfatteren Carl
2321 3356 3230 3410 Bratli, Den tapre Veteran fra „M. M.'stid¬
2317 3407 3233 3460 ligere Besgg her i Landet, Rodemester Aug.
2311 3443 3236 3522 Lesekraut, Organist Otto Just, Operainstrak¬
2322 3499 3228 3577 ter Peder Gradman o. m. fl. Paa Bestyrel¬
2315 3560 3234 3617 sens Vegne var dens Formand, Komponisten
2311 3603 3232 3671 Peder Gram og dens Sekretar, Tandlaege Knud
2313 3653 3234 3726 Barfod opmarksomme og udmerkede Verter.
2316 3706 3225 3775 Af de gvrige kendte Finner bemerkedes: „M.
2315 3752 3236 3837 M.'s ypperlige Dirigent, Komponisten Bengt
2323 3797 3235 3881 Carlson, dens „ordforande', Rädmand Gylling,
2322 3862 3228 3933 Solisterne, Tenoren, Magister Ekberg, Bary¬
2325 3896 3241 3984 ton, Hr. Bäckman, Redakter Axel Cederberg,
2314 3963 3230 4022 Direkter Bertel Krogius, „von Döbeln''s Fg¬
2705 4017 2852 4060 Deitrreit
