3248 4064
186 45 1419 124 24. Die dreifache Narnune
1488 43 2000 156 box 4/1
385 96 1450 167 n en  e dn  Aung
1560 829 2035 936 Steligter.. Asch..
919 872 1760 958 # Der uf = und Innenpolitik gehabt;
1760 884 2628 972 Gegner in die Hande arbelleten. Die ubfr.
541 946 1764 1010 wahrlich nur zum Nutzen des Volkes und zur Ehre der Republik.
1761 939 2990 1037 des deutschen Volkes in allen Schichten gehe mit der Regierung
3038 945 3261 1038 20.
543 993 1766 1054 Aber gerade diese Stetigkeit, diese Ruhe scheint den „Hütern
1762 1016 3262 1084 zusammen. In der äußeren Politik empfinde das ganze faßte sich in 2
541 1047 1764 1110 der Republik“ ein Dorn im Auge zu sein, und alles was
1762 1065 3262 1127 deutsche Volk uls bitteres Unrecht, daß die Besetzung und des Auß
539 1090 1765 1150 darauf hinzielt, wird als klerikaler Vorstoß — gelesen soll
1752 1112 3252 1191 lder drei Rheinstädte noch nicht rückgängig gemachtirischen Verfa
531 1143 1430 1217 wohl monarchistischer werden — bezeichnet.
1755 1155 2974 1213 worden sei. Durch die Politik ehrlicher Verständigung sei man
2960 1167 3160 1246 zu sein.
1745 1198 2974 1273 jedoch über die Atmosphäre hinausgekommen, aus der die
1748 1319 2977 1399 Gebieten, ein Chaos, in dem sich freilich ein Wienertum von der
2960 1323 3264 1386 Sänger karikie
2965 1370 3252 1434 haber wechselt
1757 1374 2963 1431 Art Schnitzlers wohl fühlen wird, das aber das Wienertum
697 1322 1639 1452 Theater, Musik und Kunst.
1764 1417 2966 1481 eines arischen Dichters so tragisch empfinden würde, wie Grill¬
2962 1419 3264 1481 bigott sein, zu
793 1437 1523 1534 Arthur Schnitzler in Graz.
2956 1474 3261 1531 Wirksamer wa
1764 1458 2966 1543 parzer 1843 und seine Auswirkungen. Daß christlichsoziale
2957 1510 3265 1583 Wurstl“ bring
1751 1519 2967 1576 und ethisch=völkische Kreise Schnitzler ablehnen, ist begreiflich.
615 1492 1760 1573 Am 15. Mai feierte das moderne literarische Wien den
2962 1558 3262 1638 wirbelt Mario
1752 1562 2965 1637 Zu verstehen sind auch Demonstrationen gegen den widerlichen
541 1557 1757 1630 80. Geburtstag Arthur Schnitzlers. In der Amalthea=Bücherei
2955 1613 3243 1685 der. Schnitzl
1756 1596 2820 1677 Zynismus des „Reigen“ oder das Tendenzstück „Pr
2832 1618 2966 1676 fessor
537 1621 1756 1675 entrollt Josef Körner ein fesselndes Bild von Schnitzlers Ge¬
2950 1663 3262 1731 launigster Sel
1746 1669 2962 1727 Bernhardi“, das nach der jüdischen Presse den Konflikt zwischen
540 1665 1766 1719 stalten und Problemen. „Während zu Berlin in den jugend¬
1748 1708 2963 1772 Glaube und „Wissenschaft“ behandelt, tatsächlich aber die An¬
2963 1709 3251 1777 feine Skizze
534 1708 1764 1776 wilden Achtziger= und Neunzigerjahren ein neues Geschlecht
2960 1759 3261 1827 Das süße Mä
1754 1772 2970 1823 maßung eines jüdischen Arztes rechtfertigt, der es einem kalho¬
540 1760 1766 1826 dem entrechteten Volke der Mühseligen und Beladenen predigte
1753 1810 2965 1865 lischen Priester verwehrt, einer Sterbenden die religiösen Trö¬
2964 1813 3264 1877 und „Liebelei
544 1807 1766 1878 und die Gebrechen der Gesellschaft zu heilen sich stark machte, hielt
2954 1857 3262 1922 Wert und im
1753 1846 2969 1917 stungen zu bringen. Daß aber Donnerstag völkische Jugendliche
536 1858 1755 1919 sich das gleichzeitige literarische Wien frei von aller sozialen
2960 1908 3261 1976 erhält hier in
1747 1908 2963 1958 im Stephaniensaale durch Pfiffe und Zurufe gegen Schnitzler
537 1899 1767 1980 Problematik, und die nur den Jahren nach jungen Leute dieser
2952 1955 3219 2012 Konturen.
1749 1952 2961 2023 demonstrierten, war überflüssig. Das Programm des Abends
537 1964 1756 2020 Stadt wußten und wollten nichts anderes, als mit altkluger
2963 2004 3230 2068 stürmisch um
1752 1994 2961 2068 enthielt nichts Aggressives, das Publikum, überwiegend der
535 2010 1758 2078 Rede und müden Gesten die eigene Seele zu deuten.“ Das
1763 2047 2965 2115 nun tonangebenden jüdischen Oberschichte angehörend, war ge¬
2954 2050 3262 2120 sich in das K
533 2062 1756 2123 Leben wurde mit dem Liebesleben verwechselt, es gab kein
1755 2091 2967 2169 kommen, um den in seiner Art unstreitig bedeutenden Dichter zu
2956 2100 3263 2178 Antogramme
536 2107 1753 2175 Problem außer ihm, alles mündet in dieses. „Das übertriebene
1753 2143 2956 2206 sehen, der seine Werke sicher anziehender zu schreiben als zu
542 2156 1748 2220 oder ausschließliche Interesse an erotischen und sexuellen Fragen
1749 2200 2971 2254 lesen versteht. Da brachte in die einschläfernde Wirkung des
541 2198 1748 2263 war schon immer und überall das Kennzeichen politisch toter
1755 2247 2957 2314 Abends die Demonstration erst Stimmung. „Sans froh, der
538 2246 1755 2312 oder gebundener Zeiten gewesen.“ In Wien hat das letzte Jahr¬
3026 2255 3157 2334 Wien
1748 2287 2961 2362 Skandal rettet den Abend“, sagt im Großen Wurstel“ der
533 2301 1753 2355 zehnt des vorigen Jahrhunderts neben Schnitzlers Sexualpoesie
2954 2271 3208 2363 rühmter Mä
2951 2338 3176 2404 Walzerkönig
1745 2335 2967 2407 Direktor zum Dichter. Schnitzler las zuerst die Parabel „Drei¬
528 2347 1755 2415 Weiningers Sexualphilosophie und Sigmund Freuds Sexual¬
2955 2373 3181 2440 Schriftsteller
1753 2393 2956 2457 fache Warnung“ aus dem Bande „Masken und Wunder“. Vom
533 2394 1753 2451 biologie erstehen lassen; „nicht zufällig sind diese Männer
2962 2430 3206 2489 der Orgel I
1742 2456 2955 2511 Jüngling, den eine geheimnisvolle Stimme warnt, durch den
542 2443 1748 2507 sämtlich jüdischer Herkunft.“ Schnitzler ist der Dichter des
2944 2464 3235 2524 Böhmen gebore
1742 2492 2958 2553 Wald zu gehen, weil er dort einen Mord begehen würde, über
542 2499 1748 2560 kultivierten, verwienerten Judentums. Seine Kunst hat ein leicht¬
2958 2505 3215 2563 alter, genoß
1746 2537 2958 2608 die Wiese, da er Verderben brächte über sein Vaterland, auf
2943 2537 3214 2605 bei seinem frü
540 2541 1753 2595 sinnig erotisches, müdmelancholisches Gepräge, dem Wienertum
2954 2586 3104 2646 zugefüh
1753 2570 2956 2642 den Felsen zu steigen, wo er den Tod erleiden müßte. Der
542 2592 1751 2653 assimilierte jüdische Dekadenz. Er hat die Fähigkeiten seines
2952 2609 3111 2677 ersten L
1756 2625 2958 2699 Mord geschieht an einem Wurm, das Verderben erfolgt durch
542 2641 1752 2702 Rassegenossen Heinrich Heine, die zartesten Stimmungen und
2946 2660 3115 2711 der Org
1749 2679 2958 2747 die Raupe eines Schmetterlings. Bestimmung, Zufall, die
538 2694 1758 2741 Empfindungen nachzufühlen, sich ihnen hinzugeben und doch mit
2945 2693 3127 2757 Orgelkün
1743 2729 2966 2800 Frommen nennen es Gott, „denen aber, die sich die Weisen
2956 2739 3153 2798 Österreich,
536 2741 1745 2803 leiser Ironie sie nur zum virtuosen Spiel raffinierter Kunst
2945 2773 3240 2838 und Polen —
1750 2775 2959 2853 dünken, bin ich die Kraft, die am Anfang aller Tage war und
538 2777 1744 2852 zu machen. Dadurch wird er zur selben Gefahr wie Heine,
2948 2817 3164 2874 war er g
1741 2828 2954 2903 weiter wirkt, unaufhaltsam in die Ewigkeit durch alles Ge¬
527 2834 1756 2898 wirkt er entnervend und zersetzend auf unsere nationale Kultur.
2957 2826 3207 2918 Ongelfragen
534 2874 2949 2964 In der Tragikomödie „Das weite Land“ heißt es einmal:schehen“. „Das Schicksal des Freiherrn von Leisebohg“ ent¬
2956 2896 3247 2957 Seine zahlreiche
527 2922 3263 3015 „Das Natürliche ist das Chaos.“ Heute haben wir es auf allen hält viele feine Sarkasmen, in Sigörd Olse soll ein berühmter immer und übe
665 3018 1606 3222 Gen Vel-tett
910 3173 1602 3357 1s1 621.
