3296 4384
1571 175 1976 282 box 4/1
598 202 1445 283 dreifache Narnung
203 204 546 296 24. Die
406 227 1395 310 EAA
1116 1035 1268 1096 V De
1766 1034 1964 1103 —T-htle.
1800 1148 2826 1213 zu werden. Schnitzler bleibt auch hier versöhnlich aus
916 1141 1736 1226 Arthur Schnitzler=Abend
1794 1187 2840 1242 weitem Blick. So schloß dieser Schnitzler=Abend in der
815 1204 2834 1279 Anatols müdes Dandytum, verliebt in die eigene Reihe der Kulturabende der Buchhandlung Neff mit
747 1240 2831 1327 Skepsis, verliebt in di. Dauerschwermut seiner Liebe¬ einem stürmischen Beifall, dessen Herzlichkeit nicht nur
742 1280 2834 1367 leien und dauernd verstrickt ins verliebte Spiel des Le- der „Großen Szene“, sondern dem liebeswürdigsten und
753 1326 1796 1379 bens, der anmutig ironische Zauber, der einmal diese
1791 1354 2835 1412 geistig kultiviertesten Dichter Wiens, Arthur Schnitzler,
751 1367 1797 1417 Gestalt umgab, das alles liegt uns nun doch schon recht
1794 1378 1979 1443 huldigte.
745 1400 1797 1461 fern. Aber Arthur Schnitzter ist ja selbst über diene
750 1445 1796 1503 Zeit längst hinausgewachsen. Innerlich und äußerlich.
1982 1434 2636 1519 Volks=Symphoniekonzert
749 1474 1806 1549 Er sieht der Problematik des Lebens nun fester ins
1852 1492 2818 1563 Nach langem Schweigen tritt das Philbarmo¬
739 1528 1790 1578 Auge, faßt sie mit härterem Griff. Und mit seinen
1788 1536 2835 1605 nische Orchester wieder hervor. Es hat die stille
743 1563 1797 1626 scharfen Brillengläsern und dem silbern durchwirkten
1792 1574 2839 1643 Zeit nicht unbenützt gelassen. Einmal hat es eine An¬
734 1606 1790 1655 Bart sieht er nun ganz aus wie ein Gelehrter. Sym¬
1793 1614 2821 1669 zahl tüchtiger Orchestersolisten gewonnen, so daß das Or¬
737 1643 1794 1705 parhisch auch jetzt. Man spürt in jeder Bewegung, jedem
1800 1651 2746 1703 chester eine ansehnliche Verstärkung erfahren hat und
1788 1671 2210 1727 imstande ist, die Orche
746 1685 1792 1740 Wort den Menschen von geistig kultivierter Haltung.
2263 1688 2600 1740 werke in der vom
1788 1714 2205 1766 vorgesehene Form dar
744 1714 1780 1779 Arthur Schnitzler liest ganz schlicht und anspruchslos und
2401 1720 2538 1769 Sodann
1796 1753 2234 1796 tüchtig an der künstleri
2352 1743 2508 1804 Vollendun
737 1763 1775 1821 ohne alles Pathos. Das Pathetische liegt ja auch seiner
1786 1784 2317 1837 gearbeitet, um das gesteckte
2360 1802 2503 1844 zu err
744 1798 1787 1858 Dichtung völlig fern. Er stellt ihm die Ioonie entgegen.
1793 1830 2322 1878 gänzung zum Orchester des
740 1832 1789 1900 Eine liebenswürdige Ironie, humorvoll und versöhnlich
1787 1858 2266 1905 und allen Kreisen der Be
738 1886 2315 1951 und ohne die Schärfe, die den ironisch beleuchteten Gegen= Landes jederzeit beste Musik
740 1918 1789 1976 stand dem Hohn ausliefert. Diese spezifisch Schnitzlersche
1790 1933 2301 1978 zu bieten.“ Ein Bild dieser
739 1954 1788 2005 Ironie schwebt über der Novelle „Das Schicksal des
1795 1965 2339 2025 der Symphoniekonzerte. Exakt
733 2001 1792 2055 Freiherr von Leisenboogh“ die Schnitzler nach
1789 1988 2364 2058 Werke vorgetragen, sicherlich kei
743 2023 1789 2084 seiner allegorisch parabolischen Skizze „Dreifache War¬
1779 2035 2406 2092 Dirigenlen, Herrn Gregor von
1778 2065 2410 2115 Orchester, das erst vor kurzem.hon
742 2061 1783 2125 nung“ las. Das Schicksal eines wahren Ritters Toggen¬
1774 2101 2398 2167 gekommen ist. Wenn man, abgei
2665 2097 2830 2169 ich nicht
731 2113 2404 2201 burg, der von Etappe zu Etappe, von Enttäuschung zu die Sicherheit und Selbstverständl
2637 2154 2831 2204 hat, die
742 2147 1780 2208 Enttäuschung um die schöne Sängerin Cläre wirbt und
1782 2177 2414 2231 erst einen wirklich mitreißenden V#
2609 2189 2799 2247 die Ueber¬
735 2184 2419 2271 aus der endlichen Erfüllung seines Wunsches dann doch tragung des Feuers, das im Dirig
2625 2221 2817 2275 soll, auf
743 2226 2480 2299 die herbste Enttäuschung erfahren muß. Und nun ver= die Orchestermitglieder ermöglichen, so
2652 2263 2820 2307 Ouchasl.en
735 2270 2498 2335 läßt diesen geduldigsten aller Freier die Geduld. Er nach seinem kurzen Besteben daraus ni
2645 2292 2806 2347 Vorwurf
814 2298 1775 2365 bt sozusagen ein wenig plötzlich und voreilig, statt im
1780 2324 2541 2377 gemacht werden. Solche Anfangsschwieri
2671 2334 2793 2385 können
839 2340 1782 2405 seiner Geschichte zu bleiben und seine protrabierte
1787 2357 2450 2410 ja mit der Zeit überwunden werden.
848 2385 1773 2446 saffaire mit einer freundlich ironischen Wendung
1787 2392 2455 2446 Stücke hatte man geschickt die Absicht
858 2425 1770 2478 chließen. Das Ganze ist eine Novelle, zu der man
1775 2427 2423 2475 gehalten: Es waren Werke. 5ie
2740 2439 2822 2487 #m
1770 2461 2429 2513 Hörer sprechen und zu ihrer Durch
840 2463 1774 2520 Geduld und Zeit haben muß. Es gehört eigentlich
1783 2498 2428 2552 eine ziemliche Summe musikalisch
750 2505 1778 2563 ein Klubsessel ober D=Zugabteil erster Klasse dazu. Dann
1779 2532 2439 2591 setzen, und doch auch Werke, die man
730 2540 1763 2597 liest sich diese Geschichte gewiß sehr angenehm und unter¬
1781 2569 2496 2634 Zuerst Beethovens Ouverture „Zur Wi
719 2583 1773 2646 haltend. Voraetragen verliert sie etwas von dieser Wir¬
1776 2590 2566 2673 mit ihren prächtig aufgebauten, zeich bel
2720 2617 2805 2667 eier¬
726 2618 2572 2695 kung. Umso stärker schlug der famose Einakter „Große klängen Da wirkte besonders das Allearo
724 2654 1779 2721 Szene“ ein. Hier, wo sich die Ebenen des Lebens und
1768 2671 2540 2733 fuge in seinem stürmenden Schritt. Doch
2726 2622 2798 2703 ut¬
833 2693 1002 2742 Spiels
730 2696 842 2745 des
992 2697 1378 2752 des Seins und
1365 2705 1766 2766 der Verwandlung,
1775 2712 2594 2769 in diesem und den folgenden Stücken noch die
2727 2726 2801 2771 olle
728 2736 2600 2804 der Echtheit und der Pose durchschichten und zu dem Farbengebung durch das Orchester. Reizvol
748 2775 2586 2833 Komplex des Komödiantischen zusammenwachsen, ist Ballettmusik aus Glucks „Paris und Helent
1772 2817 2567 2860 kowsbis Symphonie in E-Moll karn immer
2703 2783 2788 2879 ting
815 2822 2569 2910 nitzler in seinem eigentsichen Element, das er amauf das Publikum sicher sein. Aber trotd
812 2857 1768 2920 alsten im „Grünen Kakadu“ verwirklicht hat. Die
1759 2887 2552 2946 sie von einem Orchester vielersei Gestaltungs
2758 2908 2804 2953 n.
727 2902 2558 2972 „Große Szene“, in der sich da der große Bühnenheld vor allem weiche, biegsame Cantilene in¬
2721 2943 2808 2988 chen
731 2934 2566 3016 aus den unangenehmen Konsequenzen einer Liebesaffäre Partien, und auf der andern Seite ein Temp
2708 2980 2801 3021 das
720 2963 2815 3064 herausspielt, ist voll glänzender Ironien. Sie decken Tschaikowskys Ausbrüchen asiatischer Wildheit gewachsen
719 3011 2817 3113 auf, aber sie sind auch morvoll genug, um nicht bitter ist. In diesen Dingen bleibt dem Orchester auch noch
598 3075 1463 3160 Paul Neft Sortimen!
1511 3111 2703 3259 u
787 3134 1277 3252 sturfdäkz
