3248 4320
1267 1077 1766 1167 Arthur Schnitzler.
1553 1143 2303 1238 Nu kommer Arthur Schnitzler
769 1142 1563 1229 Den beromte estrigske Digter
699 1218 2292 1311 Arthur Schnitzler har telegrafisk til Kjobenhavn. Men forud for
721 1295 2299 1363 medlelt Studentersamfundets For-hans Ankomst gaar den store Op¬
632 1272 720 1346 en
634 1335 700 1415 rd
722 1337 2302 1426 mand, Professor Hammerich, atsigt, hans Skuespil „Reigen“ har
707 1404 2307 1480 hankommer til Kjobenhavn i Af-vakt, paa hvilke Scener det end har
1505 1468 2306 1536 varet spillet. Men det Rygte, som
722 1477 1506 1555 ten med Berliner-Ekspressen.
788 1509 2306 1596 Det er ferste Gang, den verdens-altid gaar forud for sin Mand,
586 1559 2299 1671 ##edberomtte Digter kommer til Dan-Ilyver, naar det gaelder Arthur
563 1610 737 1689 1 Reise
728 1644 2297 1726 mark. Herhjemme er ArthurSchnitzlers Trang til Sensation,
554 1665 734 1757 der fra
559 1714 2305 1779 Omegn, Schnitzler forst og fremmest be-Hans Veerker, hvori den kostbare¬
544 1749 2312 1821 m, Ser-]kendt ved sine Anatol-Spil, der op-Iste Menneskekundskab er manife¬
530 1826 723 1881 mpesi. I
713 1808 2309 1917 rindelig saá Dagens Lys paa Dansk Isteret, giver ham overalt i den
544 1870 730 1936 Billeder,
726 1863 2307 1958 i Peter Nansens fintmerkende ogciviliserede Verden uimodsigeligt
531 1919 727 1996 der agter
723 1959 2316 2014 elegante Overseettelser af de be-Pladsen som én af Literaturens
521 1962 640 2032 re.
732 2002 2309 2069 römte En-Aktere, som ferst bi##lferste Maend, hvis kunstneriske
520 2006 726 2086 ain I. P.
512 2061 725 2133 es Müllers
723 2054 2301 2152 offentliggjort i „Tilskueren“. Se- Ejendommelighed det har vieret at
511 2118 736 2177 dreets- og
730 2122 2303 2203 nere blev disse verdenserfarne ogstaa med en individuelt preeget og
524 2163 735 2234 er en for¬
729 2187 2308 2262 menneskeligt kyndige Dialoger! fuldkommen original Dialog i det
519 2214 726 2302 #t Muller-
729 2230 2314 2306 spillet paa Det kgl. Teater med moderne, satiriske Skuespil. Som
733 2307 2310 2384 Poul Reumert og Johannes Poulsenlet Udtryk for Arthur Schnitzlers
731 2350 2311 2429 i Hovedrollerne i „Afskedssouper“ Ifine og aedle Personlighed staar
475 2397 735 2460 af Dr. Niels
1500 2407 2301 2508 i vort uforglemmelige Minde den
737 2428 1255 2515 og „Den store Scene“.
482 2449 734 2512 rederiksberg
798 2474 2320 2559 Mindre kendt i Danmark er lille, endnu paa Dansk uspillede
482 2495 734 2581 holdt. Mid¬
722 2536 2313 2631 Schnitzler for sit overalt paa ev-Enakter „Juleindkob“, hvis Over¬
734 2579 2314 2688 ropseiske Scener spillede Revolu-seettelse til Dansk Peter Nansen
486 2631 732 2715 ard har nu
738 2653 2304 2742 tionsspil „Den grönne Papaggje“ sogsaa har Eren af. Det er Wien
488 2695 738 2767 hejmekonfe¬
489 2710 2318 2805 live indiem-1 (Der grüne Kakadu), der paaDansk si Sneveir, det er det wienske Sinds
736 2781 2321 2870 er udkommet under Titlen „Af Charme og Finhed, vi forestilles for
499 2797 738 2858 linger sam¬
520 2842 737 2916 Stetuetter
729 2833 2315 2914 Livets Komedie“, og sin mester-i denne Bagatel, der er paa sin Vis
539 2890 733 2963 Tjele og
1517 2896 1890 2974 et Mestervark.
745 2898 1518 3004 lige, kvindepsykologiske Studie
537 2941 740 3010 ## hvor¬
1574 2941 2321 3048 Vi maa i Danmark hilse den
790 2966 1549 3061 den henrivende Roman „Fru
554 2992 707 3075 jdet.
736 3017 2312 3111 Bertha Garlan“, som for en Delnavnkundige, sstrigske Digter Vel¬
583 3076 2059 3205 thele Aar tilbage forelaa paa Dansk paakommen til vort Land.
1796 3132 2262 3239 Emil Bonnelucke.
715 3151 1133 3255 Martins Forlag.
