3296 4096
1994 5 2736 78 Middelstanden Mennesker, der der
1237 -11 1970 69 arrangeret efter Arthur Schnitzlers
1231 51 1962 133 utrykkelige Onske. Han har over¬
1982 56 2745 134 langsomt af Sult, fra Aar til Aarl.
2022 114 2746 207 Samtalen albrydes af et Beseg.
1218 86 1989 195 hovedet frabedt sig enhver Form for
1984 174 2746 251 Det er Prof. Hammerich og
1228 161 1974 252 Hyldest under sit Bessg. Selv ved
1233 223 1980 311 Festbordet, der feiger efter Oplas¬
1993 229 2745 312 Frue, der er kommet ind medl et
1230 278 2755 354 ningen, har han bedt sig fritaget for senere Tog. De kommer ude fra
1118 349 1204 405 K
1245 350 1399 414 Taler.
1982 343 2753 429 det danske Foraar, som vor bergmte
1281 391 1986 485 Under sit Ophold her i Byen bor
1987 407 2739 482 Gast har gladet sig til at se, og
1235 436 2743 546 Hr. Schnitzler paa Hotel „Phocnix“,  Fru Hammerich bringer ham den
1223 515 2755 578 hvor han, trods Rejsetrethed, kortferste Hilsen fra det i Form af en
1244 577 2543 650 efter sin Ankomst modteg os til en meegtig Buket Begegrene.
1243 644 1737 710 lille, tvangfri Samtale.
2011 629 2735 727 Professoren drages ind i Samta¬
696 662 746 715 810
816 684 858 733 *
1344 705 2753 773 Hvad skal jeg sige Dem? len, og vi faar derigennem at vide,
101 708 310 828 S
1233 735 2758 844 spurgte den bergmte Ostriger enhvad Schnitzler har tankt sig at
1237 810 2747 868 Smule nervos. Jeg er ganske ufor-laese op: En Novelle, en af Anatol¬
514 836 1221 900 Arthur Schnitzler fotograferet ved
1243 868 2754 940 beredt paa et Interview. Det bru-Enakterne, et Brudstykke af et eller
466 892 1220 957 Ankomsten iaftes paa Banegaarden af
1237 925 2749 1009 ger man jo ikke i den Udstrakninglandet, Digteren peger paa Skrive¬
465 943 1022 1017 KOBENHAVN's Fotograf.
1238 989 1776 1063 hiemme hos os som her.
1980 973 2762 1064 hordet, hvor en Stabel af hans Be¬
1281 1049 2748 1130 — De har tidligere besggt Dan-ger ligger. Han beder med et Suk
82 1064 225 1180 ER:
1256 1087 1648 1196 mark, ikke sandte
1985 1118 2746 1179 og et Smil om at faa Lov til at gen¬
1985 1172 2752 1256 nemgaa Bunken, fer han traffer sit
1327 1131 1980 1240 — Jo, to Gange, selv om det gan¬
2000 1222 2325 1300 endelige Valg.
1244 1216 1979 1290 ske vist hgger adskillige Aar til¬
151 1179 1123 1342 i Lausanne myrdet
1253 1283 1990 1348 bage. Og jeg har de smukkeste
2078 1261 2763 1363 Beger, siger han i Samtalens
1258 1340 1981 1419 Minder herfra. Jeg husker f. Eks.
1991 1337 2755 1420 Lob, horer jo endnu til den bil¬
83 1319 1233 1427 aaret. Attentatet er jendvidere til Udgivelsen af Pla¬
1996 1393 2746 1470 lige Luksus i Ostrig, Teatrene der¬
1256 1407 1981 1481 en Sommer i Skodsborg! Dér vil
486 1411 1240 1493 kater og Flyveblade. Overtreedel¬
75 1416 483 1503 rgvet af Fascister.
1258 1452 1978 1525 jeg op igen, Jeg vil overhovedet
1997 1463 2765 1537 imod til den dyrere. Jeg kender
494 1475 1231 1577 se af Forordningen medferer
1251 1516 2766 1583 benytte disse Dage, jeg er her, til efterhaanden slet ikke det Publikum,
514 1549 854 1645 Fangselsstraf.
79 1532 443 1657 mensted i
1240 1569 2754 1651 at se Danmarks skonne Foraar. Jeg der kommer til mine Stykker. Mine
1024 1616 1218 1696 H. N.
1243 1634 1845 1711 har ogsaa Venner heroppe.
1994 1630 2757 1717 Venners Ansigter er forsvundet. De
78 1632 290 1719 hsen
1330 1677 1991 1770 De kendte Peter Nansen, Deres
1986 1688 2765 1764 har ikke Raad. Det er den nye
76 1695 460 1784 ERLIN, Torsdag.
489 1672 1249 1780 En Erklsering fra det
1254 1741 1680 1827 danske Overseetter?
1998 1741 2749 1824 Tids Rigmand, der fylder Tilskuer¬
589 1760 1187 1853 tyske Fagforbund
169 1759 419 1852 (Privat.)
1289 1801 2759 1872 — Som Menneske kendte jeg ham jpladsen. Skuespil kan jo ogsaa
82 1830 503 1918 rg: Sachsen tele¬
756 1832 1212 1926 BERLIN, Torsdag.
1254 1860 2750 1961 desvrarre ikke saa meget, som jegi bruges som en Slags Aftenunder¬
83 1898 504 1991 t i Dag ved Faue¬
522 1896 1236 1981 Det tyske Fagforbund har i An¬
1997 1925 2221 1996 holdning!
1247 1931 1995 2002 gerne vilde have gjort. Jeg traf
74 1973 501 2061 tidligere Regiment
2033 1978 2749 2060 Schnitzler har under hele Samta¬
1251 1980 1997 2063 ham kun et Par Gange personlig.
500 1972 1240 2063 ledning af den tyske Noteudveks¬
1997 2032 2747 2114 len staaet med en let Sommerover¬
1252 2036 1985 2126 Men som Forfatter og gennem Bre¬
83 2033 503 2132 mensted mellem
510 2043 1235 2142 ling om Erstatnings- og Ruhr¬
1251 2103 1984 2181 ve charmerede han mig som alle
2004 2088 2764 2171 frakke paa. Fer vi tager Afsked,
98 2117 502 2203 og Kommunister.
506 2117 1239 2203 sporgsmaalene fundet sig foran¬
1252 2153 1936 2233 andre, han kom i Bergring med.
1994 2168 2756 2232 forherer han sig — med et lidt be¬
93 2181 497 2261 Fanens Stang itu,
505 2203 1993 2283 lediget til at offentliggere en ny# Vi ssger at faa Arthur Schnitzler
1994 2209 2779 2289 kymret Blik paa Regnen, der stadig
70 2243 498 2332 iske Kvinder sen¬
492 2272 1981 2346 Erkleering, hvori det betones, aljti#at tale om sit eget For####terskab;
2003 2272 2767 2377 siver —, om Foraaret ikke er koligt
76 2311 495 2409 anen. Den kommu¬
504 2318 1245 2426 Fagforbundene forleengst har
1254 2330 2264 2430 men det er, som viger han smidigt |i Danmärk.
1256 2390 1707 2483 udenom hele Tiden.
2061 2365 2752 2464 — Kun i Aften! trester Fru Ham¬
85 2380 490 2483 Michaélis og flere
497 2389 1243 2482 lindremmet det nedvendige i, at
1284 2452 2756 2531 — Oprindelig er jeg jo Lage, si-merich. 1 Morgen og de folgende
91 2458 493 2554 rblev haardt saa¬
506 2459 1252 2539 Tyskland giver Erstatning, men
1258 2505 2389 2602 ger han. Min Fader og min Bedste-Dage er det lunt!
485 2528 1245 2631 at de i Betragtning af den Maa¬
2098 2575 2761 2647 Jeg skal sige Dem, forklarer
1262 2559 2003 2651 fader var Lager. Min Bloder er
286 2569 470 2686 H. N.
492 2595 1248 2698 de, hvorpaa det tyske Folks Selv¬
2005 2631 2764 2701 Schnitzler, at jeg i Berlin blev be¬
1259 2622 1991 2700 ogsaa Lage. Maaske er denne
495 2671 1249 2767 bestemmelsesrot for Tiden tredes
1992 2689 2765 2754 stjaalet for en veegtigere Overfrakke
1262 2684 1997 2765 Sleegtsinteresse ikke nogen helt
1264 2736 2774 2818 ligegyldig Faktor, naar man vil be-end denne samt forskellige andre
80 2728 482 2824 rak Modfor¬
490 2748 1244 2827 under Fedder, gnaker den passive
1271 2787 2760 2877 domme det, jeg skriver. Jeg er af Ting, jeg satte Pris paa. Jeg kan
498 2801 1253 2905 Modstand i Ruhrdistriktet gen¬
98 2809 290 2887 dning
1994 2854 2757 2941 tydeligt ferestille mig, hvorledes
1268 2859 1988 2935 og til blevet beskyldt for at leegge
82 2864 476 2961 ERLIN, Torsdag.
497 2876 1251 2962 nemfert til det yderste. Denne
2008 2914 2770 3006 Tyven har baaret sig ad. Saadan.
1260 2919 1996 2981 Tendens ind i mine Beger og
183 2940 422 3030 (Privat.)
507 2942 1242 3025 Modstand er, hedder det 1 Erkle¬
2035 2987 2757 3049 Og paa Stedet opferer den be¬
1262 2976 2010 3058 Stykker. Men det er forkert. Det
82 2999 472 3108 ke Regering har
467 3008 1251 3112 ringen, vokset spontant frem af
2004 3021 2771 3108 romte Forfatter en lille, improviseret
1253 3036 1984 3122 ger jeg ikke. Det, der sker, selve
85 3086 502 3177 en Nedforordning,
2012 3094 2777 3164 Enakter, der illustrerer den nedrige
515 3100 1986 3169 Folkets bedste Krafter. IngenHandlingen, er mig for saa
2002 3151 2177 3214 Bedrift.
1257 3152 1994 3233 vidt ligegyldig. Det er Person¬
87 3160 1239 3222 Statens Autoritet Regering havde kunnet befale el¬
2073 3191 2769 3275 — Som Forfatter er man vel nok i
1267 3211 2004 3282 skildringen, der betyder alt.
89 3220 1242 3299 ige Orden. Forord-Iler skabe denne Modstand, ingen
2004 3262 2764 3350 Besiddelse af visse Sherlock Hol¬
1260 3264 1986 3340 Jeg har oplevet, at Skuespillere har
101 3296 1249 3386 paany P###ten til Regering kan forhindre den, og
2000 3321 2762 3407 mes-Instinkter! smiler han. Nu for¬
1263 3335 1992 3403 lagt Tendens ind i mine Repliker,
83 3364 1252 3441 se til Afholdese af ingen vil, selv med de grusomste
1268 3379 2776 3455 og det har vaeret mig de pinligstejtrester jeg mig forelgbig til det
80 3428 1241 3528 ationer, samt For- Magtmidler, formas at under¬
2004 3442 2478 3535 milde danske Foraar!
1254 3454 1841 3516 og smerteligste Oplevelser.
80 3504 1220 3603 er aaben Himmel, trykke den. Hans Nygaard.
2539 3471 2741 3573 Thor.
1279 3504 2047 3608 Schnitzler vender sig et Ojeblik
