3296 4384
1138 664 1932 764 Arthur Schmittlers upplärning pä
1116 738 1917 822 Musikaliska akademin hade inte för¬
1121 794 1928 862 mätt fylla den ledsamma salen — men!
1120 839 1919 911 den publik som var där fick ju all¬
1115 892 1921 962 tid se hur den berömds diktaren tog
1117 940 1921 1014 sig ut och höra dur han med vällju¬
1111 992 1922 1051 dande och sonor röst läste novellistik
1119 1038 1925 1107 och dramatik ur sin bok. Blev det
1121 1091 1916 1159 egentligen mer! Ty de som lyckades
1121 1142 1918 1199 uppfatta vad han läste torde vara lätt
1115 1190 1920 1273 r#knade, ätminstone bland vära kära
1108 1237 1902 1306 landsmän. Men den tyaks kolonin var
1116 1300 1834 1344 visserligen starkt representerad.
1146 1379 1952 1442 Diktaren-recitatören hade tyvärr in¬
1119 1420 1927 1493 te velat bestämma sitt uppläsningspro¬
1127 1481 1934 1535 gram pä förhand; det skulle lämnas
1129 1533 1917 1598 ät kvällens stämning. Han skulle först
1133 1581 1918 1654 Pavlyssna' publiken. Jag undrar hur
1126 1623 1932 1681 det gick till i gär. Den som kunde
1125 1671 1916 1739 läsa ut nägonting ur detta dövstums¬
1129 1724 1913 1796 auditorium, denna samling ansträng¬
1132 1770 1930 1855 da och hermetiskt tillslutna ansikten
1128 1825 1926 1892 mäste vars en stor trollkarl. Det en¬
1123 1872 1932 1942 da man begrep var att man skulle
1109 1919 1929 2006 applädera, och alltsä appläderade
1116 1968 1278 2029 man.
1145 2004 1919 2088 Bifallet fick innebära ett tack till
1132 2061 1920 2137 den Arthur Schnitzler vars kvicka,
1125 2121 1946 2194 sensuells och gripande dramatiska
1102 2172 1943 2254 konversationskonst gjort sä stor lycka
1125 2227 1941 2316 även pä vära scener i mer än ett dus¬
1112 2292 1943 2352 sintal pjäser. Ingen har sä lysande
1111 2340 1945 2419 som han fängat tonen över det gamla
1127 2387 1935 2455 mondäna och artistiska Wien, med dess
1228 2439 1936 2494 nopolitiska inslag av tyskt, franskt
1242 2489 1924 2559 laviskt — en storstadsmiljös tra¬
1292 2536 1942 2631 och komedier, etsade med vass,
1169 2535 1242 2601 edie
1338 2615 1931 2704 Ining som anordnats för dik¬
1345 2691 1933 2759 uppläsningens slut bör sä¬
1343 2721 1930 2807 ertygat honom om hur män¬
1322 2779 1939 2848 ktiga beundrare hans konst¬
1118 2836 1227 2900 närs
1225 2840 1262 2884 k
1257 2841 1936 2904 ap har i Stockholm. Kvällen pä
1120 2887 1935 2957 Musikaliska akademin kunde däremot
1124 2929 1914 3012 inte gärna bli annat än en missräk¬
1125 2981 1642 3064 nlag — för alla parter.
1145 3028 1282 3103 Aer
1666 3020 1901 3105 B. B—n.
1121 3465 2259 3623 eer
1823 3672 3126 3799 Erae de od
