3248 4384
223 182 435 303 24.
426 173 1462 267 Die dreifache Narnung
412 207 1998 311 aune nainan box 4/1
550 479 615 565 4
1748 480 2849 572 NYA DAGLIGT ALLEHANDA
1229 590 2091 821 Arthur Schnitzler om
2710 708 2912 813 St
535 720 1138 832 GIFT ER ALDRIG
1300 778 1401 890 91
546 810 1117 890 förrän Ni besökt Bröderne Ljung¬
2617 803 2919 911 ENGE.
538 863 1137 943 grens Möbelaflär, Adoli Fredriks
1368 829 1952 950 Pandoras asn .
666 904 1015 990 Kyrkogats Nio 7.
1272 965 2014 1062 En intervju vid ankomsten till
2526 875 2928 1088 Regr
769 1024 922 1070 RRREEET•“
1346 1035 1933 1121 Stockholm pä torsdagen.
2555 1076 2926 1166 i en mängfald
1265 1112 2003 1230 Den berömde dramaturgen pa
2559 1151 2918 1265 i prislägen frá
1437 1200 1820 1281 fransysk visit.
2559 1242 2931 1353 Nedanstäende
429 1177 1006 1357 Kvinnan och
2526 1354 2863 1467 ·HULL‘ i
639 1315 1265 1488 statstjänsten.
2433 1414 2934 1529 # med rutig inners
2508 1505 2938 1602 London“ svar
530 1498 1129 1614 Frän gärdagens debatter.
2411 1552 2946 1667 blank yttersida
457 1626 1245 1728 När jag kl. 1 1 natt uppsökte min
2536 1636 2949 1735 Navy' imerint
419 1713 1238 1778 paulun, skedde detta efter att i cirka
2227 1679 2944 1791 g (omtyokt nph¬
421 1770 1240 1832 12 timmar ha lätit min själ veder¬
424 1824 1249 1911 kvickas med kvinnor samt brända
2097 1824 2954 1940 Impr. REGN-ROCKAR•
423 1871 1009 1946 och destillerade drycker.
451 1935 1248 1996 Ty pä riksdagens dagordning stod
2321 1908 2949 2019 zenaste nyhet fr. Kr. 58
418 1995 1243 2056 1 gär ej mindre den brännande frä¬
420 2028 1246 2106 gan om kvinnors tillträde till stats¬
425 2099 1244 2162 tjänst — främst domareämbetet —,
422 2149 1250 2218 än även spörsmälet om Vin- och
2147 2109 2781 2214 Sauf u.se
2690 2197 2936 2272 S
422 2192 1241 2289 spritcentralen skulle bli statsmono¬
408 2258 673 2339 poliserat.
2333 2250 2936 2354 74—78 DROTTNING
1416 2281 1823 2380 Arthur Schnitzler.
460 2293 1251 2375 Vad den förstnämnda frägan be¬
427 2362 1249 2439 träffar, hade ''den döende maskuli¬
1253 2345 2028 2440 Vid tiden för kontinentaltägets an¬
423 2443 2021 2511 na kulturvärlden' — för att tala komst till Stockholm pä torsdagsmor¬
2021 2416 2853 2503 omfattande allt med en egen uppfatt¬
422 2471 1228 2556 ned Lindhagen i världen — lagt
1208 2492 2024 2551 gonen postade pä perrongen en liten
2025 2492 2844 2572 ning och med en egen blick pä liveb
418 2518 1237 2601 vissa hinder för den. Herr Ekman,
2022 2536 2411 2612 och människorna.
1224 2546 2018 2607 grupp, som syntes ha infunnit sig med
417 2600 2039 2648 Carl Gustaf, hade emellertid hittatalldeles särskilt stora förväntningar.
2045 2560 2926 2674 En episod frän sina tidigare förfat- —
416 2643 2023 2745 pä en kompromiss, som gick ut päl Och vid trappan ut mot planen hade
2025 2640 2844 2728 tareär berättar han, varmed han vill
416 2690 1235 2762 att kvinnorna först skulle skickas ut
1231 2697 1910 2764 en filmfotograf tagit position.
2019 2701 2835 2761 visa, hur en bagatellartad tillfällighet
412 2747 1247 2823 pá bondlandet, därpä gä igenom ett
1249 2730 2022 2833 Den väntade var en av samtidens
2017 2758 2830 2832 kan komma att utöva ett avgörande
425 2809 1225 2870 slags karantän vid rädhus- och hov¬
2023 2811 2839 2874 inflytande pä framgängen av en pjäs.
1217 2809 2023 2883 mest berömda dramaturger, den öster¬
424 2859 1231 2930 rätterna, innan de äterremitterades
2037 2871 2838 2933 En av hans Anatol''-enaktare ha¬
1231 2870 2035 2942 rikiske författaren Arthur Schnitzler,
417 2906 2027 3001 till bondlandet för att fä sitta som av nägra vänner här förmätts att
2020 2918 2920 3013 de sin premiär i Wien 1896, men detIVä
418 2956 584 3031 ting.
2021 2967 2822 3035 blev närmast vad man kallar fiasko.
1216 2977 2025 3046 avlägga ett besök i Sverige, dä han
451 3004 1230 3084 Naturligtvis opponerade sig da¬
1219 3018 2023 3104 ändock var sä nära som i Köpenhamn.
2020 3018 2827 3109 Ett par är därefter hände det sig, atb
424 3067 1237 3138 merna häremot. De ansägo sig här¬
1241 3087 2029 3149 Täget brusar in, och i den myllrande
2021 3079 2831 3149 en stor välgörenhetsfest skulle gä av
413 3136 2029 3209 igenom komma i en olika och för-Fresandeströmmen upptäcker man snart
2017 3134 2924 3217 stapeln i Sofiensaal, och man bad däl spi
410 3184 2023 3246 nedrande ställning, jämförda medsen man, som skiljer sig frän mängden
2022 3180 2919 3261 Schnitzler att man skulle fä uppföraj la
413 3229 969 3308 de manliga juristerna.
1244 3247 2017 3313 — det är Schnitzler. En liten, livlig
2019 3235 2923 3332 stycket, det var f. ö. Anatols av-kar
452 3295 2024 3365 Debatten blev stundom rätt het.herre med ett energiskt och forskande
2017 3297 2930 3374 skedssupé“. Efter nägon tvekan gavista
411 3336 2030 3427 Förre statsministern Hammarskjölduttryck i ögonen, som icke skuggas ###
2022 3352 2919 3421 S. sitt bifall. Men resultatet säg inte gat
414 3390 1230 3452 höll ett glänsande anförande, där
1215 3394 2921 3460 nagon hatt. Den bär han i handen el-ut att bli bättre än vid premiären.Da
412 3468 2924 3526 det fanns djupt allvar och en spelan-ler under armen, hur det faller sig. Schnitzler var just 5 väg att ge sig tad
413 3505 2922 3545 de ironi,; och fröken Kerstin Hessel-Det vita skägget flyter nedät bröstet, av frän hela tillställningen, dä hani sig
418 3548 1228 3633 gren visade frän Första kammarens
1217 3568 2929 3631 och det ännu mörka häret fladdrar fär höra stormande skratt och jubeltidi
415 3618 1230 3684 damsida, där hon sitter ensam, en
1222 3620 1780 3685 för den svala majvinden.
1990 3628 2915 3694 frän salongen. Vad hade hänt! Jo,sha
415 3661 1235 3732 käckhet och frimodighet, som för¬
1246 3670 2927 3738 Hjärtligt välkomnad blir den celebrevid en scen, därvid ett fat vaniljkräm där
408 3713 1221 3792 skaffade henne ocksä motständarnas
1229 3719 2824 3803 gästen, som ocksä synes beläten efter stär framdukat, räkade en skädespe¬
414 3761 1221 3848 sympatier och aktning. Visserligen
1221 3785 2900 3859 resan. Efter den oundvikliga filmnin-lerska i ivern köra ena handen i fa- kli
417 3829 1220 3891 tyckte jag hon var litet för sträng
1226 3834 2023 3895 gen, som dr Schnitzler underkastar
2013 3833 2901 3915 tet med sädan kraft, att krämenle
425 3890 1231 3946 mot borgmästaren von Geijer, när
1229 3893 2010 3959 sig med jämnmod, bär det av till det
2018 3892 2896 3972 stänkte skyhögt över inte bara Je#####
414 3937 1224 4003 hon pästod, att denne inte förstod
1228 3939 2016 4011 privata hem, där han kommer att bo
2016 3930 2891 4016 medverkande skädespelarna utan ävenl6
417 3990 2011 4056 sig pä kvinnor, han, som har enunder Stockholmsvisiten. Här hade
2015 3997 2899 4073 över en del av parketten. Sedan denide
417 4038 2020 4119 sà söt fru, cch i sin ungdom självhan ocksä älskvärdheten att pä f. m.
2017 4050 2821 4133 dagen talade allt folket om pjäsen,
406 4097 2816 4164 spelat primadonna vid spexen 1mottaga en medarbetare i N. D. A., som nu gick med pukor och trumpe¬
