3484 4256
357 179 1211 288 13. Haus Dejorne
1339 199 1808 287 box 19/4
1549 1220 1955 1314 Tereption 12801.
1188 1311 2316 1399 Alex. Weigls Unternehmen für Zeitungs-Ausschnitte
1364 1386 2165 1495 „OBSERVER“
1182 1492 2294 1590 L. österr. behördl. konz. Bureau für Zeitungsberichte u. Personalnachrichten
1369 1568 2136 1658 Wien, I., Concordiaplatz 4.
1594 1630 1900 1703 Vertretungen
1176 1670 2290 1762 in Berlin, Budapest, Chicago, Genf, London, New-York,
1176 1741 2289 1813 Paris, Rom, Mailand, Stockholm, Christiania, St. Petersburg.
1448 1770 2030 1856 (Quellenangabe ohne Gewähr.)
1164 1854 1653 1936 Ausschnitt aus:
1169 1922 2334 2062 vom: 28 118860- U. Montags Zeitung, Wien
1261 2022 2309 2135 — Der Insall wie die kamne soielen überhaunt oit große
1121 2100 2286 2173 Rollen. So überraschte kürzlich bei der Première der „Kettenglieder“
1120 2139 2297 2244 im Volkstheater das sonst so heitere und muntere Fräulein Dewal
1133 2184 2302 2292 durch den tiefen Ernst in der Auffassung ihrer schwierigen Charakter¬
1117 2250 2296 2330 rolle. Außer dem künstlerischen Streben der jungen Dame wirkte
1114 2295 2298 2377 damals noch der Umstand mit, daß Fräulein Dewal am Tage zuvor
1119 2320 2288 2407 bei einem Spaziergang in der Stadt ihr — Portemonnaie verloren
1105 2377 2282 2470 hatte. Das stimmte sie noch ernster, als sie es sonst gewesen wäre
1111 2415 2285 2519 und kam der Rolle ganz außerordentlich zugute. So haben kleine
1108 2476 2283 2562 persönliche Sachen oft große künstlerische Wirkungen und der Zufall
1105 2513 2099 2607 kam dem Spielleiter in diesem Falle nicht übel zu Hilfe.
1279 2573 2164 2651 Aber nicht immer ist er so freundlich, nicht wahr?
1217 2629 2282 2706 — Gewiß, sonst hätte das Censurverbot in Berlin Arthur
1106 2646 2285 2749 Schnitzler's „Haus Delorme“ nicht so übel mitgespielt. D##t glaubte
1092 2693 2289 2803 einer der Schauspieler, der „zufällig“ ein Wiener ist, eine bestimmte
1095 2758 2276 2848 Wiener Künstlerfamilie in den Helden des Stückes zu erkennen und
1095 2802 2271 2894 er machte einen Freund von der Presse darauf aufmerksam. Dieser
1085 2856 2287 2957 blies die Affaire auf und erfand sogar eine angebliche Weigerung,
1089 2897 2274 3006 des Ensembles, die Komödie darzustellen, was aber Niemandem in
1080 2934 2268 3030 den Sinn gekommen war. Das Stück gefiel der Berliner Censur nicht¬
1081 2996 2261 3081 und darum wird es in Wien mit verzehnfachter Neugier erwartet.
1076 3049 2271 3123 O, diese Berliner Censur!s Die beste Reclame ist sie für jeden Autor.
1076 3085 2260 3191 und sie hat sogar dem „Todten Löwen“zu einem — allerdings nur kurzen
1085 3141 2251 3229 — Scheinleben verholfen. Zufällig gehörtzder Sohn eines populären
1072 3180 2262 3282 Bühnengenerals, des Münchener Intendanten Possart, der Berliner
1081 3223 2262 3321 Censurbehörde als Beamter an und sein eigener Papa hat über dessen
1062 3266 2260 3361 Thätigkeit die Aeußerung gethan: „Der Junge war zu schwach, sonst
1071 3323 1894 3397 hätte ich ihn was Anständiges werden lassen!“
1240 3378 2110 3446 Für einen Papa ist das ein etwas hartes Wort.
