3436 4256
298 172 1141 282 13. Haus Delorne
1289 191 1733 278 box 19/4
946 1660 1349 1741 Telephon 12301.
569 1740 1697 1819 Alex. Weigls Unternehmen für Zeitungs-Ausschnitio
754 1821 1536 1934 „UBSERVER“
579 1940 1695 2018 Lösterr. behördl. konz. Bureau für Zeitungsberichte u. Personalnachrichten
774 2005 1551 2082 Wien, I., Concordiaplatz 4.
992 2070 1321 2131 Vertretungen
586 2115 1701 2180 in Berlin, Budapest, Chicago, Genf, London, New-York,
581 2178 1699 2218 Paris, Rom, Mailand, Stockholm, Christiania, St. Petersburz.
860 2216 1429 2275 (Quellenangabe ohne Gewähr.)
569 2272 1700 2365 Ausschnitt aulllstriertes Wiener Extrablatt
858 2356 1104 2438 3. 11.190
583 2413 771 2470 vom:
631 2501 1512 2577 * Aus Berlin wird uns telegraphirt: Gegen
500 2549 1507 2602 die Aufführung von Arthur Schnitzler's Ein¬
496 2599 1515 2647 acter „Haus Delorme“ hat nicht nur die
506 2630 1510 2680 Censurbehörde, sondern auch das Per¬
500 2677 1516 2731 sonal des Kleinen Theaters Ein¬
512 2726 1522 2777 spruch erhoben, obwohl die Novität mehrere
515 2759 1515 2811 durchaus dankbare Rollen enthält. Die Schau¬
522 2804 1515 2860 spieler protestirten gegen die
499 2847 1512 2900 Zumuthung, durch eigene Darstellung ihren Beruf
497 2889 1509 2947 verunglimpfen zu sollen, da Schnitzler in diesem
505 2925 1524 2977 Einacter die Verderbtheit einer Schauspieler=Familie
500 2975 1521 3023 dramatisch veranschaulicht. Eingeweihte wollen darin
499 3015 1523 3064 eine unverkennbare Aehnlichkeit mit der Familie
501 3063 1516 3119 einer sehr bekannten Wiener Künstlerin erblicken. In
506 3100 1519 3149 demselben Kleinen Theater fand gestern
514 3144 1519 3210 Arthur Schnitzler's Einacter „Der tapfere
503 3193 1527 3239 Cassian“, ein satirisches Puppenspiel, kühle
509 3225 1521 3277 Aufnahme. Dagegen brachte Schnitzler's dazu
520 3273 1523 3318 gegebene, vom Deutschen Theater her bekannte
518 3315 1518 3367 Groteske „Der grüne Kakadu“ dem Dichten
517 3353 1523 3415 stürmischen Applaus und demsonstrativen
509 3411 1527 3459 Hervorruf. — Fulda's Schauspiel „Mas¬
506 3439 1532 3511 keradee“ erzielte im Deutschen Thaatei
510 3476 1331 3532 einen vollen, unbestrittenen Erfolg.
2105 156 2876 261 „OBSERVER“
1923 253 3059 334 I. österr. behördl. konz. Bureau für Zeitungsberichte u. Personalnachrichten
2121 322 2886 403 Wien, I., Concordiaplatz 4.
2346 391 2656 457 Vertretungen
1928 454 3041 494 in Berlin, Budapest, Chicago, Genf, London, New-York,
1924 496 3049 545 Paris, Rom, Mailand, Stockholm, Christiania, St. Petersburg.
2202 531 2780 600 (Quellenan vabe ohne Gewähr.)
1931 591 3175 703 Ausschnitt ausseue Freie Presse, Wien
2181 698 2398 777 11.1904
1926 712 2124 789 vom:
2481 772 2773 831 geugrenbou
1965 841 3050 913 Arthur Schnitzler und das Berliner Kleine
2397 898 2673 960 Theater.
2206 942 2846 1006 (Telegramme der „Neuen Freien Presse“.)
2004 965 3111 1054 Berlin, 22. November. Das „Berliner Tageblatt“ be¬
1934 1020 3118 1080 richtet: Das neue Sittenstück „Haus Delorme“ von Arthur
1933 1075 3111 1129 Schnitzler, das heute im Berliner KleinenTheater
1919 1129 3114 1174 in Szene gehen sollte und verboten wurde, hat, wie wir aus
1929 1150 3099 1212 sicherer Quelle erfahren, nicht allein das übliche Schicksal eines
1922 1196 3110 1260 Zensurverbotes betroffen. Schon seit der ersten Leseprobe hatte
1925 1245 3115 1309 sich bei der Regie und den mitwirkenden
1917 1284 3107 1328 Künstlern eine Mißstimmung geltend gemacht, die
1926 1327 3101 1368 schließlich in eine offene und ehrliche Froni¬
1933 1362 3105 1428 stellung gegen die Dichtung überging. Nun hat
1923 1405 3107 1465 allerdings auch die Zensur ihr Veto eingelegt und
1925 1456 3098 1506 ist denen zu Hilfe gekommen, die mi dem Protest gegen das
1937 1496 3110 1540 Kunstwerk einen Kampf pro domo geführt hatten, indem sie
1928 1543 3107 1601 ihren vielfach schon übel genug beleumundeten Beruf nicht
1930 1582 2944 1636 noch durch eigene Darstellung verunglimpfen wollten.
2022 1620 3116 1691 „Haus Delorme“ ist ein Schauspielerstück; die vier Per¬
1929 1681 3110 1722 sonen des Stückes sind: die Mutter Delorme, ihre Tochter, die
3055 1711 3101 1763 8
1928 1721 3012 1767 Operettensängerin ist, ihr Sohn und das Dienstmädchen.
1934 1752 3109 1817 besteht im Grunde nur aus Aneinanderreihungen von
1922 1808 3100 1856 lärmenden und unerfreulichen Szenen. Die Tochter ist in
1936 1834 3103 1887 interessanten Umständen durch ihren Geliebten Franz, das
1933 1865 3113 1933 Dienstmädchen durch den Sohn des Hauses. Das hindert den
1935 1922 3099 1975 Jüngling jedoch nicht, sich mit einem reichen Mädchen,
1938 1975 3107 2020 Fräulein Else Pollack, zu verloben. Die ehrenwerte Mutter
1927 2008 3108 2061 weiß von allem Bescheid. Fräulein Pollack erscheint eines
1936 2048 3114 2101 Abends im Hause Delorme, und nach einer wilden Liebes¬
1923 2079 3111 2151 szene erklärt sie ihrem Verlobten, daß ihr Vater falliert habe.
1932 2132 3099 2189 Der Jüngling nimmt die Nachricht scheinbar mit Entrüstung
1929 2190 3098 2238 auf und — will nunmehr die Tochter eines solchen Vaters
1933 2222 3107 2272 nicht heiraten. In einer anderen Szene wiederum erscheint der
1931 2257 3113 2323 Geliebte der Tochter und zieht sich mit dieser zurück. Auf die
1933 2296 3106 2372 Frage der Mutter, ob sie nicht erst speisen wollten, antwortet
1935 2350 2858 2406 die Tochter: „Ich habe nur Hunger auf Franz.“
2012 2384 3110 2453 Eine ganze Reihe von Szenen, die die Verderbtheit dieser
1926 2434 3110 2481 Schauspielerfamilie schildern, in der der Mutter eine der
1937 2470 3069 2529 degoutantesten Rollen zugeteilt ist, die je für die Bühne g#
1933 2507 3112 2573 schrieben sind, läßt sich hier nicht wiedergeben. Die Stellung¬
1922 2558 3104 2611 nahme der Schauspieler des Kleinen Theaters gegen die
1930 2604 3097 2657 Schnitzlersche Novität ist um so bemerkenswerter, als
1935 2641 3105 2708 vom rein schauspielerischen Standpunkt eine Reihe durchaus
1930 2682 2652 2753 dankbarer Rollen darin enthalten ist.
2011 2743 3101 2782 Der „Börsencourier“ meldet: Die Direktion des Kleinen
1917 2768 3024 2825 Theaters erklärt es für unrichtig, daß sich die Künstler
1933 2812 3103 2859 Streikgedanken trugen. Es habe eben nur die Aufführungs¬
1931 2855 3032 2905 erlaubnis seitens der Zensur nicht erwirkt werden können.
2003 2896 3115 2961 Berlin, 22. November, 11 Uhr nachts. Das Kleine
1931 2950 3099 3011 Theater in Berlin veranstaltete heute einen Schnitz¬
1924 2992 3097 3030 ler=Abend. Zuerst wurde der Einakter „Der tapfere
1935 3033 3103 3082 Kassian“ gespielt. Der tapfere Kassian ist ein unwider¬
1927 3072 3094 3125 stehlicher Kriegsmann, der seinem Vetter Martin dessen Ge¬
1935 3117 3097 3170 liebte wegnimmt und diesen noch obendrein ersticht. Die kleine
1934 3161 3099 3209 Tragödie wurde als Parodie einer Tragödie mit komischen
1932 3204 3103 3260 Betonungen und Marionettengesten gespielt, schien aber dem
1932 3238 3111 3306 Publikum wenig zu gefallen. Es folgte die bekannte Groteske
1930 3299 3094 3345 „Der grüne Kakadu“, die auch heute wieder in sehr
1932 3336 3105 3390 lebendiger, wenn auch etwas zu lärmender Darstellung eine
1927 3372 3095 3423 starke Wirkung übte. In der Rolle des Henri trat ein junger
1922 3415 3095 3458 Schauspieler, ein geborener Italiener, Herr Moissi, auf,
1930 3449 3106 3494 der ein vielversprechendes Talent zu sein scheint. Gertrud
1937 3510 3107 3551 Eysoldt spielte die Leocadie. Nach Schluß des Stückes
1921 3540 3099 3597 blieb das Publikum im Saale und klatschte so lange, bis der
1922 3586 3097 3637 Autor vor dem Vorhang erschien. — Arthur Schnitzler
1920 3626 3098 3682 erklärte Ihrem Korrespondenten: „Es ist nicht richtig, daß
1919 3678 3101 3726 die Schauspieler des Kleinen Theaters sich geweigert
1922 3707 3092 3767 haben, den Einakter „Das Haus Delorme“ zu spielen.
1933 3752 3093 3812 Freitag war noch Probe; Samstag sollte die Generalprobe
1933 3789 3097 3846 stattfinden. Freitag abends aber kam die Nachricht von der
1929 3836 3094 3890 Zensur, daß sie sich bis zu dem für die Aufführung fest¬
1923 3892 3100 3934 gesetzten Tage nicht über die Freigebung des Stückes ent¬
1923 3921 3091 3979 scheiden könne. Aus diesem und nur aus diesem Grunde
1918 3966 3095 4017 wurde das Stück abgesetzt. Sein Inhalt ist in den Berichten
1930 4010 2817 4070 der Berliner Blätter unrichtig wiedergegeben.“
