3436 4256
295 183 1156 290 13. Haus Delorne
1304 209 1755 287 box 19/4
750 1226 1170 1324 Telephon 12801.
392 1301 1521 1413 Alex. Weigls Uniernehmen für Zeitungs-Ausschnitte
583 1385 1351 1507 „OBSERVER“
392 1499 1523 1594 L. österr. behördl. konz. Burean für Zeitungsberichte u. Personalnachrichten
586 1585 1367 1661 Wien, I., Concordiaplatz 4.
819 1640 1118 1710 Vertretungen
395 1675 1526 1756 in Berlin, Budapest, Chicago, Genf, London, New-York,
389 1731 1527 1808 Paris, Rom, Mailand, Stockholm, Christiania, St. Petersburg.
679 1772 1254 1853 (Quellenangabe ohny Gewähr.)
401 1860 1536 1945 Ausschmitt aus: ##ne Gucg.
605 1934 950 2059 ########
403 1990 647 2075 vom:
455 2040 1672 2125 & Arthur Schnitzler über sein „Haus Delorme“. Gegen
402 2103 1659 2147 die Mitteilungen, die über seinen Einakter „Haus Delorme“ in diesen
404 2144 1650 2211 Tagen durch die Berliner Blätter gingen, wendet sich Arthur Schnitzler
398 2183 1655 2240 in einem Gespräch mit einem Wiener Journalisten. Er legt dagegen
408 2229 1645 2294 Verwahrung ein, daß man ihn beurteile und verurteile, bevor man
398 2270 1649 2320 sein Werk kenne; und er erklärt, nichts davon gemerkt zu haben, daß
393 2322 1630 2375 unter den Schauspielern, die zur Darstellung des „Haus Delorme“
406 2356 1644 2421 ausersehen waren, eine Animosität gegen das Stück geherrscht habe.
459 2395 1650 2467 Soweit die Ansicht Arthur Schnitzlers, die nicht nur wegen der
403 2431 1644 2499 Person des Dichters Beachtung verdient, sondern auch wegen der
406 2486 1646 2557 ruhigen und würdigen Form, in die er, trotz seines begreiflichen
398 2522 1076 2597 Aergers, seine Worte kleidet.
1081 2530 1647 2588 Wenn wir trotzdem in
403 2561 1648 2647 diesem Falle nicht in allen Punkten seiner Meinung
398 2617 1646 2662 zustimmen können, so hat das seinen guten Grund. Auch
405 2649 1635 2701 wir haben die von einer Berliner Korrespondenz verbreitete
393 2691 1632 2758 Nachricht über den Inhalt des Stückes und die Mißstimmung der
393 2733 1633 2804 mitwirkenden Künstler gebracht, obwohl wir sonst den Raum unseres
396 2771 1647 2842 Blattes jedem Theaterklatsch sorgfältig verschließen. Diesmal aber
393 2813 1637 2887 hatte die Sache eine symptomatische Bedeutung. Schauspieler, die
383 2863 1639 2908 trotz dankbarer Aufgaben im Werke eines hervorragenden Dichters
388 2907 1636 2963 aus inneren und unpersönlichen Gründen ihre Rollen lieber nicht
395 2936 1640 3021 darstellen möchten, sind nicht allzu häufig; uns erscheinen solche
385 2990 1631 3040 Empfindungen als Anzeichen für die ethische und individuelle
387 3029 1632 3085 Entwickelung des Künstlerstandes und deshalb als des Verzeichnens
376 3069 1640 3116 wert — ganz gleichgültig, ob sie in einem Sonderfalle berechtigt
380 3114 1641 3160 sind oder nicht. Nahm man aber im Falle „Delorme“ von der Tat¬
390 3160 1634 3211 sache des inneren Widerstandes (von der Herr Schnitzler nichts ge¬
378 3190 1628 3249 merkt, die aber wirklich bestanden hat) überhaupt Notiz, so mußte man
387 3237 1627 3290 auch die Unistände anführen, die diesen Widerstand einigermaßen erklär¬
392 3277 1663 3366 lich machten. Eine Beurteilung oder Verurteilung des Werkes vor der Auf¬“
373 3378 1632 3435 führung ist, wenigstens an dieser Stelle, nicht erfolgt; wenn die graziöse
377 3417 1621 3465 Kunst des Anatole=Dichters den heiklen Stoff auf ein höheres Niveau ge¬
385 3456 1611 3517 hoben hat, als man nach der rohen Skizzierung einiger Szenen ver¬
383 3511 1620 3558 jmuten sollte, so kann und wird das von allen ernsthaften Kritikern
373 3545 1625 3597 #uch dem öffentlichen Erscheinen des Stückes auf der Bühne oder im
370 3578 1624 3644 Buchhandel ruhig ausgesprochen werden, ohne daß sich irgend ein
376 3624 1608 3686 Mensch um die früher erschienene Notiz kümmert. Unrecht ist Arthur
385 3660 1625 3737 Schnitzler bisher noch nicht geschehen — in Berlin wenigstens ganz
359 3697 635 3796 igewiß nicht.
492 3738 1260 3826 .— „  „
2246 1828 2662 1912 Telephon 12801.
1893 1915 3020 1982 Alex. Weigls Unternehmen für Zeitungs-Ausschnitto
2075 1987 2828 2103 „OBSERVER“
1882 2072 3009 2181 I. österr. behördl. konz. Bureau für Zeitungsberichte u. Personalnachrichten
2072 2167 2833 2234 Wien. I., Concordiaplatz 4.
2296 2231 2584 2292 Vertretungen
1883 2290 3005 2347 in Berlin, Budapest, Chicago, Genf, London, New-York,
1882 2312 3000 2390 Paris, Rom, Mailand, Stockholm, Christiania, St. Petersburg.
2152 2370 2730 2451 (Quellenangabe ohne Gewähr.)
1880 2443 2338 2531 Ausschnitt aus
2240 2477 2952 2576 1 Mamoristische Blatter, Wien
1878 2567 2062 2624 vam:
2039 2634 3023 2725 In Berlin strikten im „Uleinen Theater“
1922 2708 3032 2761 die Schauspieler, weil sie in einem Einakter von
1925 2767 3025 2837 Arthur Schnitzler verlotterte Komödianten zu
1922 2809 3021 2888 spielen hatten. Settsäme Leute. Derlotterte Könige
1919 2891 3027 2963 wollen sie spielen, aber der Schauspieler soll in
1918 2939 3017 3024 der Dichtung ein noli me langere sein. Die
1914 2996 3014 3073 Herren haben da eine gelungene komische Rolle gespielt.
