3392 4256
656 128 1821 180 auszuwachsen. Nun, diesmal kam es nicht zur Affaire. Es
653 172 1834 233 fielen zwar gewaltige, große Worte, wie Streik, verletztes
656 217 1825 273 Standesgefühl, Empörung u. s. w., aber das große Gewitter
655 271 1817 319 zog am Kleinen Theater vorüber, ohne daß die schwarzen
653 305 1827 345 Wolken sich entladen hätten. Trotzdem bleibt von dem ganzen
659 342 1815 402 Zwischenfall eine interessante Frage zurück: Kann sich wirklich
647 396 1809 439 der Fall ereignen, daß Schauspteler sich weigern eine Rolle zu
653 432 1814 476 spielen, weil sie deren Darstellung mit ihrer Standes¬
652 473 1814 529 ehre unvereinbar fühlen? „Das wahre Gesicht erscheint,
650 519 1826 572 wenn die Maske fällt“ sagt Petronius („Le masque
637 563 1137 612 tombe, l’homme reste“
1176 558 1818 620 hat J. B. Rousseau diesen
647 601 1526 660 Satz paraphrasiert). Wie aber, wenn
1536 599 1816 659 der Dichter
637 641 1808 689 des Schauspielers eigenes Gesicht als Maske vorschreibt und
646 682 1813 740 dieses Gesicht abstoßend und widerwärtig macht? Niemals
646 726 1814 780 wird sich der Schauspieler weigern, irgend eine Maske vor¬
637 772 1814 815 zunehmen. Sollte er ein Recht zu dieser Weigerung haben,
642 812 1817 859 wenn es sich darum handelt, mit eigenem Gesicht vor die
635 858 1814 908 Rampe zu treten, und wenn das Stück dieses Gesicht boshaft
632 893 1438 939 beleuchtet? Die Zeiten sind längst vorbei
1484 895 1824 952 Gottlob vorbei
654 944 1820 994 — wo man dem Schauspieler die Ehre absprach und ihn vor
632 983 1819 1023 der Kirchhofmauer begrub. Heute ist der Schauspieler an
634 1021 1819 1067 Ehre und Ehren so reich, wie irgend ein anderer Stand, der
631 1062 1815 1110 Bühnenkünstler ist gesellschaftlich resorbiert worden und viel¬
642 1105 1823 1154 leicht liebt und vergöttert man ihn mehr, als irgend einen
641 1149 1824 1188 anderen Künstler. Aber neben dieser Vergötterung, neben der
631 1190 1821 1245 Schwärmerei für den Helden und die Heldin, gibt es doch
636 1227 1813 1279 noch eine Menge gewisser kleiner Vorurteile, die wohl im
644 1273 1815 1322 Schwinden sind, die aber der Schauspieler selbst sehr wohl
631 1315 1822 1352 kennt und gegen die sich aufzulehnen er ein heiliges Recht
634 1356 1815 1418 hat. Ich erinnere mich eines sehr interessanten Gespräches,
630 1398 1824 1467 das ich vor vielen Jahren mit Edmond Rostand hatte. „Eine
634 1437 1817 1489 Schauspielirin? Da glaubt ein jeder die Hand ausstrecken
627 1500 1820 1535 zu dürfen. Sie ist ja nur eine Schauspielerin! Wie viel Be¬
635 1529 1815 1580 leidigung liegt in diesem Gedankengang. In den letzten
641 1566 1812 1612 Jahren hieß es oft, Rostand plane ein Stück über die Schau¬
639 1602 1814 1650 spieler. Vielleicht spielt dieses Aphorisma mit hinein. Viel¬
641 1644 1821 1706 leicht ist der Schauspieler oder, besser gesagt, die Schau¬
638 1694 1807 1747 spielerin oft allzu empfindlich. Denn sie weiß, sie fühlt, wie
628 1723 1818 1803 viele ihr nahen mit solchen Gedanken im Herzen (wobei das
647 1776 1807 1829 Wort Herz hier wirklich nur eine Umschreibung ist). Und
629 1819 1808 1869 wenn sie da eine Rolle zurückschickt, weil sie sich in der
639 1855 1803 1923 Standesehre gekränkt fühlt, so ist das Motiv gewiß ver¬
637 1902 1148 1961 ständlich und entschuldbar.
708 1946 1823 2006 „Aber es kommt in diesen Fällen,“ sagt Frau Hansi
625 1988 1811 2040 Niese, „vor allem auf den Dichter an. Wenn man mir zu¬
1726 2021 1806 2079 so
634 2031 1728 2081 mutet, in einem Stücke eines Herrn Powondra zu spielen,
623 2078 1807 2133 werde ich die Rolle, wo eine Schauspielerin als
627 2115 1810 2169 schlecht oder leichtsinnig oder liederlich geschildert wird,
631 2153 1799 2207 vielleicht zurückweisen. Aber ein Dichter hat das Recht,
632 2204 1810 2259 gehört zu werden, und ich habe unter keinen Um¬
1685 2249 1803 2293 ver¬
626 2246 1681 2300 ständen das Recht, ihm meine Mitwirkung zu
626 2278 1807 2340 weigern. Da müssen alle diese Bedenken schweigen. Mir ist ja
624 2327 1802 2382 selbst der Fall schon vorgekommen, daß ich in einem Stücke
634 2361 1808 2420 hätte spielen sollen, wo eine Schauspielerin es im ersten Akt
623 2415 1798 2467 mit einem Grafen hielt, im zweiten Akt sich an einen Agenten
615 2457 1799 2508 verkaufte und im dritten Akt den einzig anständigen Menschen,
622 2501 1803 2563 der ihr nahte, von sich stieß. Ich habe diese Rolle — sagen
623 2539 1795 2584 wir aus Standesgefühl — zurückgeschickt, trotzdem sie als Rolle
617 2585 1801 2634 ausgezeichnet war. Ich hätte gewiß keinen Augenblick Be¬
619 2628 1807 2680 denken gehabt, sie zu spielen, wenn ein Dichter das Stück
614 2671 1798 2720 geschrieben hätte. Auf den Dichter kommt es an, auf den Wert
612 2713 1805 2770 des Stückes! Und dann noch eins. Wo steht denn geschrieben,
607 2758 1793 2817 daß der ganze Stand beleidigt werden soll, wenn eine
619 2794 1803 2859 Schauspielerin als schlechte Person geschildert wird?1 Stolz
629 2840 1812 2883 und Standesgefühl der Schauspielerin sind eine schöne Sache.
622 2882 1791 2933 Aber wir sollten doch vor allem danach streben, daß das
625 2927 1797 2983 Publikum nicht verallgemeinert, weil am Theater die eine oder
617 2956 1794 3004 die andere leichtsinnig ist. Sehen Sie, da liegt ein Stück
623 3011 1804 3058 Tragik. Wie viele Mädchen kommen zum Theater, sind muster¬
617 3053 1793 3113 haft anständig, kämpfen wirklich hart und schwer, weil sie an¬
600 3097 1794 3161 ständig bleiben wollen und — man glaubt es ihnen nicht.
626 3132 1801 3191 Alle Tugend nützt nichts. Und schließlich sagen sich die armen
614 3181 1804 3237 Geschöpfe: wozu, man glaubt mir ja doch nicht! Das sind
619 3220 1802 3297 dann wirklich Opfer der Meinung, die man vom Theater hat.
617 3267 1803 3302 Aber um auf unseren Fall zurückzukommen: Aus mensch¬
613 3305 1795 3367 lichen Motiven weist man keine Rolle zurück. (Ich möchte für
612 3347 1799 3410 mein Leben gern mal eine ordentliche Bestie spielen; das habe
616 3392 1794 3435 ich nämlich noch nicht getan.) Und wenn ein Dichter uns vor
618 3434 1796 3497 eine Aufgabe stellt, dann haben wir die Aufgabe so gut zu
615 3475 1804 3536 erfüllen als wir können. Aber wohl gemerkt, ein Dichter muß
608 3519 793 3575 es sein.“
700 3569 1791 3621 „Ich habe noch keine Gelegenheit gehabt, mir dieses
609 3606 1791 3667 Problem vorzulegen,“ sagt Fräulein Petri, „und es käme bei
604 3645 1794 3713 der Entscheidung wohl gewiß auf den einzelnen Fall an. Wie
621 3692 1792 3750 ich es verweigern kann, in einem undezenten Kostüm zu
618 3736 1791 3788 erscheinen, so gibt es auch gewiß Rollen, deren innerlicher
619 3776 1790 3827 Gehalt solcher Aeußerlichkeit entspricht. Dabei kommt es
605 3822 1795 3864 natürlich auch auf den Rang des Theaters an und auf den
610 3860 1803 3902 Rang der Schauspielerin selbst, auf ihre Stellung im künst¬
607 3902 1798 3943 lerischen und sozialen Leben. Mit gleichem Maße kann hier
616 3944 1790 4003 nicht gemessen werden. Vor allem aber, und das scheint mir
609 3986 1795 4030 das Wichtigste, muß klar sein, ob der Dichter verallgemeinern
618 4031 1790 4086 wollte oder ob bloß der Schauspieler die Verallgemeinerung
1825 122 2999 191 ist all dies, weil es in ihrer weiblichen Natur liegt, nicht
1837 163 3002 236 weil sie „vom Theater“ ist. Und wenn die Schauspielerin die
1834 203 2891 265 Verallgemeinerung fürchtet, die von einer Rolle auf
2896 219 3003 273 den
1836 262 2916 327 ganzen Stand schließen könnte, so weiß sie leider, daß
2927 266 3001 321 sie
1843 298 2996 357 ein Recht zu fürchten hat. Aber sie fühlt auch gleichzeitig, daß
1841 336 3006 395 ihr Einer zur Seite steht, und das ist der Dichter. Der
1835 371 3001 433 Dichter hat für seinen Mitkämpfer, den Schauspieler, den
1837 416 2999 479 Platz in der Sonne erstritten, der Dichte; wird auch die Vor¬
1829 463 3003 549 urteile besiegen. Denn wozu hätte er son von den Göttern
1836 502 2999 573 begnadete Augen, wenn er nicht mehr sehen würde, als die
1831 562 2987 602 übrigen alle. Er sieht in der Schauspielerin das Weib, und
1841 599 2988 652 er weiß, daß man beim Weib nicht verallgemeinern kann.
1840 631 2996 719 Jedes Weib ist ein Fall und ein Wunder für sich, sagte
1831 682 2506 749 einer, der die Frauen gut kannte.
2599 687 2963 753 Th. Thomas.
