3248 4256
184 184 1505 247 28. Frau Beate und ihr Sohn
423 227 1498 282 e e  e nen ee Aen uen  en
574 1094 1257 1209 Zeitung: Sgalesztg.
580 1211 739 1291 Ert:
858 1207 1180 1308 AIlSA 8
571 1320 1386 1419 Datum:  1/6 100 10
1041 1426 1147 1491 X
877 1508 1285 1597 Literatur.
529 1605 1693 1676 Arthur Schnitzler, Frau Beate und ihr Sohn. Novelle. Ver¬
470 1634 968 1698 ag S. Fischer, Berlin.
530 1665 1697 1758 Dis neue Novelle Arthur Schnitzlers „Frau Beate und ihr
457 1734 1696 1776 Sohn“ gleicht einem schwülen Sommernachtstraum, heiß und
466 1779 1709 1815 schwelland, füberschäumend und verworren, bar aller Gesetze. Der
456 1813 1700 1862 Novellédem Traum, folgt das Erwachen, die Wirklichkeit, die an¬
460 1863 1704 1931 gesichtslwes Traumes schrecklich erscheint, so schrecklich, daß die,
457 1903 1170 1961 die ihn erlebt, daran zugrunde geht.
539 1954 1700 2014 Die Novelle setzt mit einem heißen Sommertag ein. Frau
451 1999 1697 2048 Beate, schön, 35jährig, verstehend, heiß von Blut aber klug und
453 2048 1697 2101 Awägend im Handeln, verbringt den Sommer mit ihrem
452 2084 1698 2129 17jährigen Sohn, einem kindlich=fröhlichen, wohlerzogenen Gym¬
453 2129 1640 2184 nasiasten, im Gebirge, an einem Seeufer, in einem Dorfe, i
460 2162 1595 2226 dem man sich bequem ein wenig gehen lassen kann und in
450 2230 1694 2276 trotzdem Komfort und Gesellschaft zu haben sind. Im Nichtstun
448 2261 1676 2319 verbringt man seine Tage; man genießt die Berge, den See, das
450 2305 1605 2349 Grün, ohne sich große Sorgen zu machen, ohne nähere oder
453 2347 1640 2397 ferntere Ziele. Frau Beate ist seit 5 Jahren Witwe; ihr Man
455 2391 1696 2432 war ein berühmter Schauspieler, ein Hamlet, ein Richard III.,
448 2434 1689 2489 den alle Welt kannte. Er konnte zu ihr ein Kind sein und ein
457 2472 1686 2530 Wüterich, ein überschäumender Jüngling und ein philiströser Ehe¬
447 2529 1688 2587 mann. Sie hat niemals einen andern Mann gekannt und doch ist
451 2559 1646 2625 ihr, als habe sie in ihrem Gatten Dutzende geliebt. Ihm gilt ih
460 2608 1670 2658 Gedenken und sie kann es sich nicht vorstellen, daß sie einmal einem
451 2641 1684 2702 anderen werde gehören können. Ihrem Bub war sie immer eine
446 2690 1676 2755 Freundin; er erzählt ihr, wenn ihn eine Tanzstundenliebste auf die
453 2736 1684 2794 Wange küßt und wenn er verbotene Wege ins Wirtshaus geht.
447 2789 1685 2842 Aber sie sieht, er wird ihr verloren gehen; denn eine Bekannte,
448 2826 1687 2887 eine verheiratete Frau in mittleren Jahren, wirft nach ihm Netze
455 2874 1681 2925 aus. Frau Beate aber wehrt sich dagegen; sie besucht die Dame
446 2917 1679 2968 in ihrer Villa und bittet sie, von ihrem Sohn zu lassen. Ein¬
445 2960 1686 2996 ebenso komische wie peinliche Unterredung findet statt; die ge¬
446 3008 1690 3061 schminkte Baronin verspricht Frau Beate, was diese wünscht. Ist
446 3045 1336 3091 es die Hitze des Sommers, ist es das Blut, das
1341 3047 1684 3106 sich so lange nicht
441 3084 1346 3140 regte, ist es die Atmosphäre bei der Geschminkte
1357 3087 1689 3148 die Frau Beate
441 3132 1344 3193 atmete, kurz und gut, mit einem Male bemer!
1377 3133 1689 3205 wie begehrlich
439 3177 1289 3238 die Männer die Blicke auf sie richten, die
1356 3178 1687 3236 ten und wohl¬
440 3220 1293 3271 situierten, gut bürgerlichen Freunde aus
1341 3221 1684 3277 tadt, die Ver¬
440 3267 1301 3315 heirateten wie die Unverheirateten, ja sel
1346 3264 1690 3322 er Schulkamerad
441 3307 1283 3362 Fritz ihres Sohnes. Und mit einem Male
1341 3307 1682 3373 znet Frau Beate
448 3349 1271 3406 im Nachtgewand Fritz im Salon, mitten
1352 3349 1688 3411 er Nacht. Frau
446 3392 1273 3451 Beate weist den Jungen zurück, aber er ki
1358 3394 1683 3458 sie läßt sich von
447 3437 1253 3476 ihm küssen und wird seine Geliebte. Fi
1353 3439 1675 3495 je Wochen. Sie
443 3474 1262 3527 lebt taumelnd weiter, sie lehnt sich nie
1337 3484 1634 3540 gen auf, wie si
436 3518 1258 3581 sieht, daß ihr Bub Nacht für Nacht bei d.
1330 3522 1692 3585 enhaften Baronin
437 3566 1249 3625 verbringt. Sie denkt nicht mehr, sie lebt
1302 3567 1684 3631 Rausch des Augen¬
438 3600 1682 3680 blicks. Doch unversehens erlauscht sie ei Tages ein Gespräch
436 3653 1689 3718 zwischen ihrem Geliebten und einem a# en Schüler, ein Ge¬
443 3695 1682 3760 sprä, das sie erwachen läßt. In schamlem Jungenton erzählen
449 3735 1684 3809 sich die Schüler ihre Liebesabenteuer und der andere bekommt die
442 3783 1686 3851 Details von Fritzens Liebesnächten mit Frau Beate zu hören.
441 3836 1699 3906 Frau Beate beschließt, allem ein Ende zu machen, bevor es zu spät
1635 175 2027 263 box 4/5
1777 433 3010 494 ist. Sie will mit ihrem Sohn verreisen. Sie findet den Buben
1770 482 3019 531 verstört in seinem Zimmer, nimmt ihn mit sich spazieren, glaubt,
1779 526 3011 573 er sei von seiner Geliebten verlassen worden und dringt in ihn,
1784 567 3019 613 er solle ihr alles erzählen. Noch in der Nacht, als sie beide allein
1776 610 3012 668 im See rudern, erzählt ihr der Sohn, daß er alles wisse und daß
1776 655 3018 707 er nicht mehr leben könne. Frau Veate sieht ihr ganzes Leben
1780 698 3011 744 zusammenbrechen und ihr einziges Verlangen steht nach dem Tod.
1777 737 3014 812 Noch eine entsetzliche, unnatürliche Stunde der beiden im Kahn,
1780 778 2359 842 dann kippt das Fahrzeug um.
1853 821 3007 884 Die Novelle schildert wenige Wochen und birgt doch ein ganzes
1774 873 3010 926 Leben, das in harmonischer Gleichmäßigkeit, in glücklichem Frieden
1772 918 3013 972 verläuft, einer Nuhe, die vielleicht nichts ist als die Vorbereitung
1777 951 3011 1013 zu der regellosen Lebensäußerung, die allem ein Ende setzt.
1780 1001 3005 1061 Sch itzler erzählt in ruhigem, von jeder Affektiertheit weit ent¬
1782 1042 3007 1103 ferntem Ton; er schildert keine Situationen und keine Milieus,
1772 1085 3013 1123 und doch entstehen in seiner Erzählung Bilder von unendlicher
1781 1124 3011 1173 Zartheit und ergreifender Naturtreue. Die Navelle geht von
1778 1173 3007 1211 Anfang an auf ihr Ziel los, erst gemächlich, versonnen, fast ver¬
1784 1215 3015 1260 schlafen, dann schneller und unbedenklicher, schließlich heiß,
1781 1258 3015 1299 taumelnd, zitternd, zuletzt in Wahnsinn. Es ist das Leben einer
1781 1303 3002 1352 energischen, denkenden Frau, die sich immer der Gesellschaft fügte
1770 1348 3001 1396 und vielleicht immer fügen würde, wenn nicht plötzlich ein an und
1773 1387 3024 1436 für sich belangloses Ereignis einen Stum entfesselte, dem sie sich
1784 1433 3007 1481 wiverstandslos hingibt. Als Kunstwerk erscheint die Novelle durch¬
1768 1471 3007 1535 aus geschlossen. Die Komposition ist sogar unzweifelhaft besser wie
1776 1514 3014 1565 bei allen vorangehenden Erzählungswerken des Dichters. Wenn
1766 1561 3001 1612 die letzte, von Schnitzler kurz gestreifte Stunde, ein Gedanke, der
1774 1604 3013 1644 mit dem Thema kaum etwas zu tun hat und den Schnitzler besser
1780 1649 3006 1702 zu einem eigenen Werk gestalten würde, weggeblieben wäre, so
1782 1683 2227 1753 wäre das kein Verlust.
2346 1707 2957 1808 Martin Feuchtwanger.
1840 1788 3010 1854 Die unechten Kinder Adams. Ein Geschichtenkreis von Munk.
1772 1835 2550 1894 Erschienen im Inselverlag, Leipzig.
1846 1879 3000 1933 „Die unechten Kinder Adams“ sind jene unheilstiftenden, un¬
1764 1925 3001 1985 glückseligen Geschöpfe. die von Adam „mit den blanken, geschmei¬
1772 1974 3005 2035 digen Töchtern der Dunkelheit“ von Eva „mit den Dämonen der
1781 2015 2996 2074 Erde“ erzeugt sind und die — als Adam sowohl wie Eva Scham
1773 2052 3004 2104 deswegen empfanden — von ihnen „vor dem Auge des Herrn in
1769 2104 3005 2173 Busch und Abgrund“ verborgen wurden, wo sie nun ewig weilen
1774 2144 2995 2192 müssen. „Wenn aber einer aus ihrer Art durch irdischen Mutter¬
1774 2189 2989 2259 schoß heimlich ins Leben eingeht, so muß er viele Irrwege tun":
1779 2235 2999 2309 sich selbst zur Last, anderen Mühsal und Kummer bereitend, so
1786 2269 2416 2336 vollendet sich sein trauriges Los.
1842 2293 2993 2386 In einer in archaisierendem Stile gehaltenen Einleitung gibt
1771 2355 2987 2422 Munk, dessen erstes Werk soeben in einer ebenso einfachen, wie
1769 2404 2997 2459 vornehmen Ausstattung des Inselverlags erschienen ist, die Er¬
1769 2451 2992 2530 klärung für den seltsamen Titel, den er seinem 6 Erzählungen um¬
1784 2496 2512 2548 fassenden „Geschichtenkreis“ gegeben hat.
1842 2516 2985 2604 In der ersten, „die Alpe Masola“ betitelten Erzählung, ist
1757 2587 2991 2636 Matteona jene unechte Tochter Adams, die, mit einem Fluche be¬
1767 2627 2996 2677 laden, jeden, der mit ihr in Berührung kommt, mit fast magischer
1763 2671 2999 2714 Kraft in ihren Bannkreis zieht, um ihn dann elend zugrunde
1754 2717 2997 2774 zu richten. Sylvester, der kraftstrotzend und kerngesund aus
1759 2753 2990 2811 schweren Kämpfen im Dienste Venedigs, das Heimweh im Herzen,
1758 2806 2986 2859 nach Hause zurückgekehrt ist, findet durch Matteona seinen Tod,
1760 2838 2985 2912 und mit ihm viele wagemutige Senner, hoffnungsvolle Söhne
1762 2878 2995 2929 ihres Heimatdorfes. In knappen, gedrungenen Sätzen berichtet
1763 2927 2984 2978 der Dichter die Entwickelung dieser nicht weit gefaßten, aber in¬
1764 2973 2997 3028 haltsreichen Begebenheit, und es hieße sich ins Unermeßliche rer¬
1764 3010 3004 3102 steigen, wollte man auf den Inhalt näher eingehen, als oben ge¬
1758 3056 1915 3119 schehen.
1837 3099 2985 3162 Die letzte und wohl beste Erzählung betitelt sich „Farahild“
1758 3140 2981 3210 und schildert den Lebensgang eines feinnervigen, von einer heiß¬
1750 3174 2981 3236 blütigen (heißblütig sind — ein charakteristisches Merkmal — alle
1761 3227 2984 3281 jene „unechten Kinder") Mutter geborenen Sohnes, der — abge¬
1766 3277 2978 3348 stoßen von dem wildgeschlechtlichen Triebe seiner Gebärerin — sich
1758 3319 2976 3391 in ein Kloster flüchtet. Aber auch dorthin folgt ihm die „Un¬
1764 3359 2983 3414 holdin“; bei einem Schneesturm findet er in ihren Armen — sie
1782 3409 2984 3491 elbst ist wieder eine überirdische Dämonin geworden — Ruhe
1775 3446 1953 3506 und Tod.
1820 3488 2976 3548 Zwei der bemerkenswertesten Arbeiten sind hier zu einer
1762 3531 2978 3604 flüchtigen Skizzierung herausgegriffen worden. In dem vielfach
1754 3580 2990 3649 unklar behandelten Stoff und den oftmals unnatürlich geschraubten
1757 3632 2985 3697 Stil bleiben sich alle 6 Erzählungen gleich. Sie überraschen aber
1762 3667 2993 3751 auch alle durch Originalität und verraten die feine Dichterhand,
1765 3712 2516 3773 die unbekümmert eigene Wege wandelt.
1834 3751 2979 3829 Das Buch wird Freunden aparter Literatur starkes Interesse
1754 3795 2563 3870 und entschiedenes Wohlgefallen abnötigen.
2257 3845 2937 3929 Julius Blumenthal-Leinzig.
