3436 4256
1332 233 1549 311 Sohn
960 232 1310 313 und ihr
506 235 792 313 rau Be
1615 238 2075 333 box 4/5
244 230 1574 353 28. PnPate A
1594 937 2386 1023 denschaft ist. Und das ist an sich
806 935 1588 1015 rischen Errungenschaften der letzten
1596 1006 2397 1066 schon wenig, wenn anders man von
815 1015 1591 1070 Jahrzehnte bewußt oder unbewußt
1610 1052 2382 1120 einer Dichtung, die nach Stoff und
815 1059 1599 1125 das meiste preisgegeben habe, um
1612 1102 2395 1168 Stil recht viel beansprucht, mehr ver¬
814 1110 1590 1168 gewiß in die Nähe der würdigen
1611 1154 2388 1215 langt als die Sensationen einer
818 1156 1592 1213 alten Herren zu kommen, die ihre
1604 1196 2399 1260 gänzlich unsensationellen, mit starker,
825 1208 1591 1257 Aberlegenheit nicht durch Können
1610 1247 2392 1315 geschickter Sachlichkeit gepflegten
814 1264 1588 1314 sondern durch kunstlästerliche Kühle
1611 1294 2387 1363 Sprache. Aus dieser heraus bildet
809 1306 1601 1369 bezeugen möchten. So ist denn, rein
1609 1341 2393 1407 sich allerdings im Verlaufe des Gan¬
810 1360 1588 1405 äußerlich, ein ungewollter, pedan¬
1608 1377 2393 1466 zen eine vornehme Geistigkeit, worin
809 1404 1597 1468 tischer Dilettantismus entstanden als
1606 1444 2390 1512 die seelischen Vorgänge gleichsam ge¬
811 1458 1589 1517 das seltsame Zeugnis einer von drei¬
1608 1503 2400 1553 prüft werden. Aber wiederum ge¬
823 1501 1597 1555 mal zu schwerer Bewußtheit über¬
1604 1535 2399 1600 schieht dies trocken, auf eine des
826 1543 1596 1607 lasteter Begabungschwäche. Durch
1616 1578 2395 1650 Lächelns entbehrende Weise, nur sel¬
818 1592 1592 1662 ihn leuchtet die immerhin seelisch
1602 1634 2396 1688 ten liegt ein Anflug kühnen, selbst¬
825 1639 1596 1697 feine Intuition nur selten und matt
1601 1684 2403 1747 vertrauensvollen Denkens, selten ein
810 1690 1591 1765 hindurch. Der wahrhaft edle Wille,
1621 1737 2398 1790 Schimmer großzügiger Weltauffas¬
827 1738 1599 1806 an einem bizarren Erlebnis das ewig
1608 1780 2406 1843 sung darüber. Nur Thomas Mann
809 1787 1592 1848 Labile des Künstlertums in seiner
1621 1843 2395 1889 kann so schreiben, gewiß! aber leider
824 1831 1602 1900 vollen Tiefe, ganz umfassend und in
1619 1883 2399 1947 konnte Thomas Mann auch einmal
824 1892 1582 1958 mancherlei Lichte aufzuzeigen, ist
1615 1938 2393 1999 Halbgehaltiges so schreiben. Aber
814 1938 1606 2012 nicht über die allzu vielstrichige
1605 1978 2394 2044 die Mitteilungen betreffend das
818 1987 1601 2053 Zeichnung des Einzelfalles zu der
1620 2024 2408 2099 Innenleben Aschenbachs, die Mann
825 2032 1598 2105 großen Synthese und der lebendigen
1608 2077 2394 2149 der Novelle vorausgehen läßt, wäre
824 2083 1602 2152 Gestaltung hindurchgedrungen. Wenn
1622 2124 2398 2192 übrigens mancherlei zu sagen. Er
815 2138 1605 2202 man bedenkt, daß weder das Jahr
1614 2176 2396 2239 hält diesen Vertreter der „am Rande
827 2180 1597 2251 „19..“, noch die Beunruhigungen
1613 2222 2393 2285 der Erschöpfung“ Arbeitenden, der
824 2229 1603 2295 „unseres Kontinents“ noch die
1622 2271 2393 2333 „jenseits des Wissens, der auflösen¬
833 2273 1605 2351 Münchner vornehme Straße, noch
1622 2326 2402 2378 den, hemmenden Erkenntnis“ „mora¬
816 2343 1602 2394 der Spaziergang, ja daß fast die ge¬
1622 2369 2406 2442 lische Entschlossenheit" betätigt, der
822 2377 1610 2445 samten dreißig einleitenden biogra¬
1620 2422 2405 2486 „Zucht“ über alles bevorzugt, seinen
815 2428 1601 2508 phischen Seiten mit dem Haupt¬
1624 2465 2406 2537 Ruhm „verwaltet", „vom Schreib¬
829 2466 1602 2532 erlebnis der Novelle gar nichts zu
1623 2515 2406 2585 tisch aus repräsentiert“, etwas „Amt¬
830 2528 1610 2593 tun haben, nicht wieder vorkommen
1614 2567 2408 2638 lich=Erzieherisches“ annimmt und
834 2575 1614 2639 und noch weniger anschaubar wirk¬
1625 2609 2390 2675 einer „ganzen dankbaren Jugend“
829 2620 1601 2690 sam werden, so ist der tiefste Wider¬
1611 2652 2405 2732 Führer ist, ich sage: Mann hält die¬
827 2685 1601 2735 sinn dieses Gebildes gekennzeichnet.
1622 2701 2404 2773 sen Aschenbach offenbar für überaus
828 2720 1616 2787 Daß Gustav Aschenbach über Triest
1617 2759 2409 2822 wichtig, wertvoll, bedeutsam. Sein
824 2763 1613 2832 nach Venedig reist, dort im Hotel
1622 2808 2414 2881 biographisches Feuilleton wimmelt
832 2816 1613 2884 und am Strande einen kleinen pol¬
1628 2863 2405 2923 wenigstens von wohlgesetzten Auer¬
835 2867 1601 2931 nischen Knaben bemerkt und ohne
1627 2908 2409 2965 kennungen und ist durchzogen von
836 2918 1612 2991 ein Wort mit ihm zu wechseln eine
1627 2950 2403 3017 einem stummen „Hochachtungvollst!“
834 2966 1606 3034 heftige Reigung zu ihm faßt, bis er
1618 2999 2400 3070 Mir für mein Teil scheint diese Auf¬
835 3024 1607 3079 schließlich an dieser Stelle zugrunde
1628 3061 2410 3115 fassung dem Schriftsteller geben zu
831 3062 1619 3133 geht, dieser innere Vorgang vermischt
1631 3101 2407 3174 wollen, was allenfalls dem Dichter
832 3110 1614 3184 sich unsicher mit recht „lebens¬
1614 3148 2412 3222 zukommt. Eine seltsame Aberschätzung
838 3163 1613 3224 wahren" Bildern aus dem Hotel¬
1619 3206 2411 3269 des öffentlichen, sozialen, soziologi¬
838 3212 1606 3277 leben, der Friseurstube, dem Bahn¬
1626 3253 2398 3311 schen Wertes einzelner Romane und
836 3257 1617 3313 hof und der Badeanstalt. Aber die
1622 3298 2411 3366 Arbeiten spricht daraus, eine halbe,
833 3311 1609 3377 Echtheit ist hier hölzern und steif,
830 3355 2391 3420 entsprechend der „Würde“, nach der zwiespältige Stellung zum „Wissen“
824 3377 2413 3472 zu streben Gustav Aschenbachs Lei= das denn doch wahrlich nicht erst
2232 3483 2357 3570 507
