3436 4256
523 216 1610 278 Frau Beate und ihr Sohn
305 228 1678 327 28. 1a4    e  echec
421 1122 1084 1200 M
1171 1135 1463 1217 N.
413 1228 1476 1282 ARGUS SUISSE ET INTERNATIONAL]
640 1282 1230 1348 DE LA PRESSE S. 4.
552 1325 1312 1389 23. rue du Rhöne — Genéve
399 1344 1054 1434 Adr. télégr.: Coupure-Genève
1105 1374 1436 1441 Teléph. 44.005
409 1456 1444 1549 IBureau International de coupures de journaux
549 1517 1324 1576 Traductions de et en toutes languer
432 1621 1440 1712 Correspondants dans toutes les grandes villes
407 1740 764 1822 Extrait du Jouri
766 1763 1486 1859 Ninzaine artistique
766 1837 1258 1899 et litteraire
421 1843 628 1911 Adresse:
695 1885 1411 1975 NEUCHATEL 15—9-29
407 1941 552 2016 Date
539 2078 1540 2147 Madame Béafe et son fils. Roman d’Arthur
492 2157 1541 2214 Schnitztetrafuit pär Hella et Bournac. (Edi¬
500 2197 1036 2274 tions Victor Attinger).
541 2251 1541 2314 Pen de romans modernes penvent escompter,
504 2294 1548 2360 comme cette ceuvre, un succès durable et
501 2344 1541 2415 croissant. Un style dont la sobriété sculpte le
404 2351 502 2412 Tar
399 2401 504 2450 mei
519 2388 1541 2469 détail exact; une ambiance appropriée, faite
401 2441 499 2490 pér
521 2440 1541 2515 de paysages dépeints à traits larges et d’un
397 2480 501 2531 lim
507 2507 1541 2566 # milien , justement observé. Dans ce cadre,
408 2536 496 2595 On
511 2541 1542 2612 le simple récit d’une femme qui, un instant,
513 2594 1536 2668 a cru pouvoir user d’une liberté que sa cons¬
504 2634 1500 2712 cience — et celle de son fils semblable à elle “
514 2687 1550 2760 condamnent sans rénnission. Par son amour
504 2733 1557 2797 maternel, comme par sa fidélité à la mémorre
515 2792 1552 2844 de l’éponx disparu, Beate pourrait prendre rang
502 2836 1552 2901 parmi les plus dignes. Mais elle succombe, ne
504 2880 1542 2948 pouvant juger sa propre passion avee Tin¬
507 2927 1548 3007 dulgence actuelle qui Tavait rendue possible.
518 2979 1554 3051 Et elle déchoit, pour avoir eru légitime une
506 3030 1553 3096 revanche C posthume v à l’infidélité du marl,
518 3087 1069 3148 tardivement découverte.
561 3114 1571 3197 Dans ee livre, Tanalyse profonde des carne¬“
509 3170 1554 3256 tères ne se traduit que par la vie intense deg
510 3228 1523 3333 personnages. Ce livre doit être lu. Eidé,“
1681 210 2124 315 box 4/5
2050 431 2245 491 11 —
2055 490 3192 658 Argus Suisse et iniernabonal de ia Frosse 8. I.
2090 656 3138 723 GENEVE = 23. Rue du lhöne. 23= GENEVE
2048 701 3183 785 Telezhone Stand 40.05 - Adr télegr. Coupures Geneve - Teiepione Staou 40.05
2158 789 3092 842 Bureau de coupures de journang zur tous susets et personnalitée
2249 833 2998 879 Traductions en tontes langues. Trauanx de rédaction
2109 869 3136 938 Bureau für Zeitungsausschnitte. Personalnschrichten. Uebersetzungen
2114 955 3111 1010 CORRESPONDANTS: — VERTRETUNGEN
2051 999 3279 1057 PARiS. BERLIN, VIENNE, Lonpaes, MiLAN, Osto. Bubaresr. Bosros. 4
2371 1043 2888 1096 AMSTERDJ.M. Naw-Yonk. Maxico
2342 1081 3295 1161 La Tribune de Genève Genève D
2031 1082 2279 1165 journal:
2289 1139 2636 1234 17 SEFl. 1949
2040 1156 2270 1230 Adresse:
2607 1206 3100 1286 Edition du matin
2045 1227 2217 1309 Date:
2185 1364 2423 1439 Mat, etc.
2136 1421 2211 1469 35.
2238 1429 3136 1536 Madame Beate et son fils, roman, par Arthur
2212 1471 3126 1574 Schnitzler. traduit de l'allemand par Hella et
2206 1527 2916 1586 Bournad Editions Victor Attinger.
2237 1555 3118 1636 Depuis des dizaines d’années, l’éerivain antri¬
2206 1583 3114 1666 chien Axthar Schnitzler reste inégalé dans lart
2209 1622 3125 1725 de déerfre(la vie sentimentale et cachée de la
3119 1641 3238 1709 ure
2206 1651 2644 1711 bourgedisié“ viennoise.
2035 1661 2201 1732 Taxte.
3110 1675 3233 1765 7.50
2239 1687 3097 1770 Vingt de ses productions témoignent d’une
3120 1738 3228 1788 60.—
2199 1716 3098 1807 réelle supériorité et de dons tout à fait excep¬
2032 1745 2182 1802 Tari) us
3122 1770 3234 1816 7.50
2205 1754 3096 1841 tiornels. Mais ancune de ses cuvres, peut-être,
2099 1780 2183 1842 sd.
3127 1807 3224 1845 30.—
2200 1788 3106 1879 nous offre comme Madame Béate et son
3112 1838 3234 1894 50.—
2196 1824 3107 1907 fils: une analyse anssi parfaite de l’äme hu¬
2191 1846 3111 1958 maine, des passions confuses qui viennent T’agi¬
2195 1887 2278 1937 ter.
2123 1887 2189 1946 ar
2215 1928 3103 2009 Comme en se jonant, l’auteur, qui fut médecin,
2137 1944 2180 2017 de
2192 1953 3105 2041 pénêtre ici jusqu’au tréfonds du eceur des hom¬
2192 1992 3099 2067 mes et arrive à faire de ses persomnages des
2191 2022 3108 2108 étres vivants à un degré extraordinaire. Et c’est
2190 2049 3104 2148 en véritable maitre du pineeau qu'il nous brosse
2183 2088 3104 2187 avee süreté et précision le décor dans lequel ils
2117 2124 2438 2182 se menvent.
2118 2383 2781 2455 M.
2854 2375 3150 2464 N21
2148 2477 3140 2569 ARGUS SUISSE ET INTERNATIONAL
2341 2541 2934 2601 DE LA PRESSE S. A.
2259 2577 3017 2639 23, rue du Rhöne —. Genéve
2127 2598 3144 2686 Adr. télégr.: Coupures-Geneve — Téléph. 44.005
2120 2711 3139 2800 Bureau International de coupures, de journaux
2253 2770 3018 2814 Traductions de et en toutes langues
2140 2871 3129 2964 Correspondants dans toutes les grandes villes
2129 3009 2546 3084 Entrait du Journal:
2123 3099 2332 3185 Adresse:
2265 3018 3037 3292 ger en —
2118 3206 2277 3273 Date:
2598 3233 2644 3309 7
2688 3279 3077 3350 AUAA
2639 3329 2983 3436 380
3041 3420 3138 3500 —
2382 3495 3076 3591 Merius propos
2174 3550 2291 3629 Ta
2817 3566 3034 3670 5
2109 3607 2257 3661 Tarif
2105 3653 2256 3712 „inent
2316 3642 3139 3724 Un roman d’Arthur Schnitzler.
2124 3688 2242 3735 pério
2114 3710 2249 3782 limit
2285 3712 3203 3780 Arthur Schnitzler, le célebre écrivain „viennois,
2252 3767 3196 3801 qui fut médecin, écrit depuis une vingtdine d’an¬
2137 3772 2230 3847 On
2258 3801 3194 3854 nées des romans et des drames au couss deschhels
2251 3845 3190 3892 il se plait à pénétrer jusque dans les plusesombres
2250 3885 3199 3918 replis du cceur humain. Exploration fertfle en dé¬
2250 3920 3196 3969 couvertes et riche d’enseignements pour le spé¬
2256 3955 3200 4001 cialiste, mais qui comporte certains dangers pour
2243 3992 3200 4045 le public; un danger semblable à celui que court
2243 4030 3191 4070 le profane à posséder de vagues connaissances de
2250 4062 3194 4137 médecine: il se croit bientöt atteint de tous les
2239 4109 2845 4159 maux dont il lit la description.
2276 4137 3182 4187 A suivre les personnages étranges d’Arthur
