3436 4320
507 192 1617 254 Frau Beate und ihr Sohn
285 197 2113 307 28. Mae1 Lann box 4/5
171 816 574 979 Nachrichtes
172 919 364 1015 mbure
2033 1071 3247 1146 kommt dahinter, daß das Moralisieren gar nicht die höchste
816 1066 2017 1154 erkennt. Es gibt auch Menschen, die die Konsequenz aus
2028 1128 3232 1198 Klarheit ist, sondern selbst wieder eine problematische Hem¬
807 1142 2020 1191 dieser Erkenntnis ziehen und sich töten — ich denke an Wai¬
165 1133 666 1233 tätigen Feigheit.
2033 1190 3223 1254 mung. Es hindert uns, unser Dasein geschlossen und orga¬
819 1174 2025 1250 ninger, aber auch an die vielen Namenlosen, von deren Selbst¬
162 1211 367 1288 tto Flake.
2031 1227 2442 1290 nisch zu entwickeln.
813 1230 2017 1295 mord man nur aus den Zeitungen erfährt, wo die Bericht¬
2113 1254 3258 1334 Wer jeden Augenblick sich und andere zur Rechenschaft
804 1274 2018 1333 erstatter dann hinzufügen: diese Tat ist in ihren Motiven
181 1270 797 1351 Sie verstehen Ihr Handwerk,
2032 1307 3248 1380 zieht, wird zaghaft für sich und beschwerlich für andere. Das
815 1314 2028 1385 vollkommen unerklärlich und nur in einem Anfall geistiger
191 1336 807 1394 Sie baten mich um einen Auf¬
2043 1362 3238 1424 Schlimmste, was es gibt, ist, sich zu stauen, und Vorsätze sind
822 1368 1354 1437 Störung möglich gewesen.
159 1363 804 1444 er kam nicht. Sie mahnten, und
2034 1416 3236 1473 ein ebenso überflüssiges wie beschwerliches Gepäck. Natürlich
896 1404 2032 1466 Ach nein, es ist sehr oft ein Augenblick der erbarmungs¬
161 1424 808 1493 kein Thema. Da regten Sie an,
2037 1454 3234 1514 und ewig ist es, da zu sein und dahin zu strömen wie ein
806 1453 2015 1522 losen Klarheit gewesen. Wir anderen schieben den Radikalis¬
171 1471 809 1539 Feigheit schreiben, und erzählten,
2043 1499 2645 1569 Wasser, das seinen Lauf sucht.
813 1510 1481 1564 mus von uns, wir sind „feige“.
167 1519 799 1573 fdurch einen Knaben gekommen,
2118 1540 3245 1604 Es ist jedem begegnet, daß er von der Hingabe einer Frau
896 1530 2022 1607 Da wir bei Tod und Lebensekel sind: ich habe viel mit
168 1563 806 1628 beschäftigt sei und wenn er seinen
2034 1582 3242 1653 enttäuscht wurde. Ich brauche das nicht anzuführen, wir kennen
821 1599 2023 1651 Arzten verkehrt. Ob sie nun Praxis treiben oder in den Kli¬
159 1611 801 1674 kine Träume geben müsse, so viel
2037 1628 3243 1692 alle den Widerwillen dagegen, tierhafte Geschöpfe zu sein. Ich
816 1633 2016 1692 niken operieren, sie lieben es, mit einem gewissen Selbstbewußt¬
168 1658 808 1715 der äußersten Feigheit alles über
2038 1679 3239 1746 denke aber, es gehört eine viel stärkere Natur dazu, diese Hem¬
818 1691 2022 1741 sein, das man ihnen nachsehen wird, von den Wohltaten, die
161 1696 805 1776 m Eingriff in seine Welt zu ent¬
2032 1734 3231 1789 mungen zu überwinden, als sie zum Ausgang einer Philo¬
815 1725 2015 1777 die Medizin den Menschen erweist, und von dem Wert der Auf¬
167 1747 254 1806 Sie.
2039 1775 2841 1836 sophie der Illusionslosigkeit zu machen.
820 1775 2024 1841 klärung zu sprechen. Das ist die Antwort, die sie auf jedes
167 1762 797 1859 und haben da ein ebenso inter¬
2121 1804 3236 1877 Was triumphiert, ist der Reichtum des Lebens, und zum
813 1820 1916 1893 Interview, wie ihnen hr Beruf gefällt, zu geben pflegen.
163 1836 800 1904 na angeschlagen. Ich will mich
2027 1854 3234 1927 Leben gehört, daß man gerade ungerade sein lassen kann. Man
903 1859 2023 1925 Wenn man aber den richtigen Augenblick zu erfassen ver¬
169 1879 800 1958 kücken und tun, als hätte ich es
2047 1917 3232 1961 muß weitherzig und fröhlich werden. Man muß den Mut in
817 1898 2019 1969 steht, wird man dieselben Männer in einer Stimmung finden,
2032 1947 3238 2017 sich entwickeln, „feig“ zu sein, dann wird man vielgestaltig,
814 1953 2018 2020 die dem Gefühl völligen Überdrusses und völliger Selbst¬
164 1948 808 2031 hbald danach Schnitzlers schönen
2033 1999 3235 2061 unbekümmert und lebendig. Wenn ich jener Frau sage, was ich
812 1996 2023 2057 vernichtung gleichkommt, der Mensch, dieses Wesen, das sich be¬
173 2011 811 2069 ihrem Sohne 1as. Fräl Beate
2032 2045 3233 2104 in Wahrheit dachte, als sie davon träumte, wie tief ich sie fühlte,
820 2049 2024 2110 nimmt, als werde es ewie leben, ist nur ein Klumpen Stoff¬
165 2065 800 2133 twe, und in dieser ganzen Zeit
2033 2093 2744 2154 mache ich sie elend oder verliere sie.
819 2077 2019 2159 lichkeit; und die Stofflichkeit, das ist Altern, Erstarrung,
157 2111 806 2169 iebte ihren Mann und hat Cha¬
2120 2137 3242 2196 Ich rede damit nicht der Lüge das Wort, denn so lange ich
824 2132 2031 2206 Krankheit, Zerfall, Verwesung; Körper sein, das heißt von
161 2152 805 2213 u und beugt sich unter das Gesetz
2036 2188 3235 2239 Hemmungen habe, bin ich unfertig und noch mitten in der
822 2180 2022 2235 einem Fieber verbrannt werden, aus dessen Wärme Begierden,
168 2203 812 2254 ragen und die großen Ereignisse
2037 2231 3239 2286 Entwicklung — so lange man sich aber entwickelt, gibt es gar
810 2224 2028 2298 Besessenheiten, Qual und krampfhafte Auslösungen entstehen.
160 2246 816 2322 ie sie kommen, die Zeit der Liebe
2023 2281 3234 2347 keine Wahrheit und alle Ehrlichkeiten und Auseinandersetzun¬
910 2272 2029 2345 Aber suche am nächsten Tag den Arzt zum Bekenntnis
161 2294 645 2350 es und der Entsagung.
2037 2322 2599 2378 gen sind nur Konstruktion.
815 2334 2024 2387 zu bringen: er wird die Achseln zucken und seinem Handwerk
159 2333 806 2399 krau, sie sieht, daß mancher Mann
2109 2338 3172 2425 Jeder bleibt im innersten Bezirk seines Ich allein.
823 2392 2020 2444 weiter nachgehen, wie wir alle unsere Erkenntnis unterdrücken
169 2389 804 2442 rnimmt die Stimme des eigenen
2041 2415 3240 2472 gehört zur Erziehung und zum guten Ton der Menschlichkeit,
822 2424 2026 2502 und zum Trost vom Leben, von der Lebenskraft und den
172 2429 814 2492 sie verbietet ihr, laut zu werden.
2038 2461 3244 2510 daß ich nicht jeden damit quäle, was in diesem Bezirk vor sich
830 2470 1273 2538 Lebenszielen sprechen.
162 2476 802 2538 nan sagen, daß da schon eine Un¬
2037 2501 3246 2565 geht. Die Philosophie des „was ich nicht weiß, macht mir
917 2480 2027 2568 Jeder Pädagoge tut das Gleiche wie diese Arzte. Wozu
181 2518 809 2574 finden ist. Wohl aber gestaltet
2032 2546 3250 2609 nicht heiß“ ist tiefer, als mancher denkt, sie ist anständiger
822 2556 2019 2622 Kinder und immer wieder Kinder erziehen? Er ist ein Ein¬
165 2575 805 2619 daß sie gezwungen wird, zu be¬
2040 2590 3246 2652 und reifer. Wir leben in einer Zeit, in der es mehr Schwache
825 2594 2034 2678 zelner und steht Tausenden gegenüber, die in ihren Häusern
160 2609 805 2667 die Menschen, Freunde, Fremde,
2039 2628 3246 2693 gibt als früher. Diese Schwachen werden der „Feigheit“ eine
820 2660 1730 2709 Kinder in die Welt setzen und zu ihm schicken.
160 2632 816 2716 kr dem dunklen Gesetz der Sinn¬
2028 2683 3244 2740 besondere Nuance verleihen. Bei ihnen ist die Schutzwehr im
908 2676 2028 2760 Der Pfarrer kennt diese Stunden, in jede Existenz wird
173 2697 817 2761 um sie heimliche und so tragische
2031 2729 3249 2783 eigentlichsten Sinne. Gegen jede Brutalisierung durch einen
826 2742 2021 2801 so der Bruch getragen. Aber ist das nun so schlimm? Die
164 2751 814 2808 ziehen und gibt sich einem jungen
2042 2775 3241 2836 Stärkeren gibt es eine Rettung: ihm seinen Willen lassen, und
827 2783 2031 2847 Fähigkeit, doppelbodig „kompliziert zu werden, ist immer eine
160 2797 805 2850 ntsteht nun ein Zusammenbruch,
2031 2806 2748 2886 dadurch jede Angriffsfläche nehmen.
819 2832 2028 2890 Bereicherung und oft eine Befreiung und Gesundung. Sehen
154 2838 806 2900 ößer nicht geschildert worden ist.
2118 2868 3235 2922 Ein Letztes kann er nicht vergewaltigen und man kann
829 2881 2035 2945 Sie, da sind die Leute wie Ibsen. Nicht, daß sie unerbittlich
166 2883 816 2935 hrtet der Untergang aller der Vor¬
2044 2902 3248 2961 oft sehen, daß solche Schwachen sich erholen und stärken, wenn
820 2927 2033 2984 nachweisen, wir lügen alle, darf man ihnen wohl vorwerfen,
172 2928 801 2996 ischen erfunden worden sind, aller
2033 2952 3241 3001 sie die männlichen Jahre erreichen. Ihre Lügen, Unzuverlässig¬
825 2961 2025 3024 das ist vielmehr ihre große und positive Seite. Aber da, wo
170 2978 814 3032 Natur des Menschen, und es
2034 3001 3234 3051 keiten, ihr Versagen, das alles geht vorüber, und was andere
825 3012 2024 3067 die Persönlichkeit sich runden sollte, bleiben sie negativ. Es
160 3021 802 3080 ndste und trostloseste Schlußfzene,
2032 3046 3234 3103 darunter gelitten haben — nun, man ist dazu da, um das Risiko
824 3054 2022 3111 fehlt ihnen etwas, was den Dichter und Künstler erst ausmacht:
166 3071 820 3125 wird, bevor sie mit dem armen
2032 3089 3247 3160 des Lebens zu tragen; Erlebnisse sind notwendig und werden
826 3107 1920 3179 das Gefühl für die große Unbekümmertheit des Lebens.
171 3113 808 3177 umklammerten, in den Tod geht.
2050 3132 3207 3210 ewig erst die Anwartschaft auf den Titel Mensch verleihen.
908 3132 2030 3207 So bald wir nichts als Moralisten sind, müssen wir zu
163 3158 819 3220 bohl das Grauen aufrühren kann,
825 3197 2032 3265 heftigen Predigern werden. Wir sind alle davon angesteckt,
170 3206 807 3254 Grund der Seele ruht und nur
177 3240 2080 3324 ganze Trostlosigkeit des Lebens] aber ich komme langsam dahinter, etwas Gebieterisches in mir #
