3484 4256
306 164 496 250 28.
643 137 1006 236 zu Beate
1014 157 1620 228 und ihr Sohn
1753 161 2154 268 box 4/5
498 169 1629 276 Fral      L
930 709 1278 844 Ral- K.
1387 741 2832 907 . D. Onhlar  #cc a nleatee
903 776 1330 983 E
2337 835 2903 956 Gel Enhundt
1500 913 1544 979 70
2191 903 2374 994 mngten
2572 952 2769 1079 4½
2599 1062 2903 1200 Essarun
1435 1136 1598 1264 C
2040 1160 2227 1292 er
1181 1283 2526 1393 Linelllonatsschrifterausgegeb.von
1271 1369 2437 1485 Lugen diederichs und Karl Soffmann
1320 1544 2369 1601 Sonderdruck aus dem Dezemberheft 1913
2719 1625 2794 1728 S
1521 1650 2193 1771 Ernst Lissauer
1120 1765 2614 1881 Über einige Romane und Novellen
1264 1862 2619 1940 s ist selbsiverständlich, daß unter der ungeheuren Jahl von
1093 1884 2632 2019 Komanen und Pieneien, die alljährlich erscheinen, nur eine ganz
1250 1993 2612 2060 geringe Anzahl Tag und Jahr öberdauert, und es ist die erste Auf¬
1092 2047 2620 2112 gabe einer Kritik, die wirken will, d## Wesentliche, — wenn das Wort
1100 2110 2611 2171 für menschliche Dinge überhaupt gelten harf das Bwige herauszu¬
1102 2167 2626 2245 heben. Auf den folgenden Blättern soll über eine Anzahl von Büchern
1090 2227 2624 2305 gesprochen werden, die, mehr oder weniger, solche Werke über dem Tag
1091 2289 2635 2351 sind; aber es wird durchaus nicht etwa behauptet, daß überhaupt alle
1103 2348 2622 2421 wertvollen Komane und Novellen“ letzten Jahre hier betrachtet sind.
1092 2409 2629 2481 Im Gegensatz zu den Prinzipien de# #eisten kritischen Berichte sollen
1100 2471 2611 2541 hier nur wenige Bücher empfohlen und beurteilt, aber das Urteil soll ein¬
1096 2523 2620 2599 dringlich begründet werden, und es ist klar, daß der Platz einer Zeitschrift
1088 2576 2624 2649 nicht ausreicht, um über alle wertvollen Komane und Novellen mir
1108 2644 2623 2700 Ausführlichkeit zu sprechen. Selbstverständlich ist diese Auswahl nicht
1094 2699 2630 2766 willkürlich getroffen. Es ist z. B. kein Zufall, daß Thomas Manns
1101 2765 2629 2829 Novelle „Der Tod in Denedig“ nicht besprochen worden ist; ein zu
1093 2821 2617 2903 innerst zweifelhaftes Buch, mit dem man sich auseinandersetzen, das
1104 2871 2630 2935 man aber nicht hier nennen kann, wo es letztlich auf Zustimmung ohne
1097 2935 2631 3009 wesentliche Klauseln ankommt. Die Harlansche Novelle: „Ratreins
1103 3007 2622 3069 Irrfahrt“ ist nur deswegen nicht erwähnt worden, weil sie in dieser
1087 3054 2624 3136 Zeitschrift schon angezeigt wurde; Rolbenheper, der Novellist, ist dem
1105 3115 2614 3182 Komandichter nicht zu vergleichen, darum nur von diesem die Rede.
1101 3172 2617 3244 Aber von drei Werken Wilhelm Schäfers ist die Aede, weil dieser doch
1098 3229 2624 3304 wohl größte deutsche Epiker unsrer Zeit auf mancherlei Gebieren
1107 3287 2621 3344 bedeutsam und mächtig ist. Überhaupt ist das Ziel dieser Jusammen¬
1109 3351 2635 3437 stellung, auf Dichter und Dichtungen hinzuweisen, die noch nicht genügend
