3436 4320
524 216 610 279 Fr
1045 203 1609 279 ind ihr Sohn
680 202 790 280 1 B
293 202 522 300 28.
522 200 2124 303 al Seatee Kames box 4/5
758 405 1166 540 -he Timer
455 460 693 551 Zeitung:
455 556 607 655 Ort:
781 523 1155 656 Londor
896 604 1245 736 R SPP. 78
460 658 668 748 Datum:
1014 756 1508 829 en
417 791 1588 874 FRAU BEATR U. IIIR 80HN. By A. Sciurzien. Berlin:
468 846 1589 911 S. Fischer. f 2.50m. [Frau Beate, widow of a distinguished actor,
458 890 1591 954 in thezct,bf guarding her son from the wiles of an adventurous
473 919 1581 977 Baroniu Fortunata falls herself into a love affair with the son's
472 957 1591 1017 school friend.; It is an unpleasant subject, but handied with
469 997 1588 1057 Schnitzler’s extraordinary and suggestive skill the psychology
475 1038 1588 1092 of Beate ##conceivable and her“ fall“ almost forgivable. The
473 1076 1590 1130 characteristie interweaving of the dead husband’s theatrical
475 1105 1610 1182 influence into the fates of the survivors is in the author’s best ###
468 1163 673 1227 manner.]
2177 1187 2811 1330 semiuiger Nachrichtes
1772 1245 2196 1321 Ausschnitt aus:
2001 1282 2613 1395 e- 10. 1815 Hambure
1774 1336 1948 1412 vom:
1967 1373 2066 1458 1
3070 1441 3345 1525 erkennt. Es
3075 1510 3358 1582 dieser Erkenn
1994 1511 2913 1605 Von der wohltätigen Feigheit.
3068 1554 3353 1621 ninger, aber a
2275 1578 2624 1669 Von Otto Flake.
3077 1599 3359 1664 mord man nu
3068 1650 3357 1710 erstatter dann
1925 1650 3049 1719 Verehrtester Schriftleiter, Sie verstehen Ihr Handwerk,
3066 1695 3335 1756 vollkommen
1842 1709 3057 1765 Sie sind ein guter Redakteur. Sie baten mich um einen Auf¬
484 1708 983 1771 Juellenangahe ohne Oewanr.)
3078 1741 3219 1802 Störun
1858 1751 3058 1814 satz, und ich sagte zu — aber er kam nicht. Sie mahnten, und
666 1756 1293 1866 ariser Zeitung
479 1803 604 1873 18:
1859 1800 3060 1854 ich schrieb zurück, ich wüßte kein Thema. Da regten Sie an.
1856 1844 3056 1909 ich sollte über die wohltätige Feigheit schreiben, und erzählten,
511 1837 794 1937 à 10 1973
3077 1878 3122 1932 m
1851 1894 3051 1943 Sie wären auf diesen Begriff durch einen Knaben gekommen,
1845 1937 3064 1992 der so intensiv mit sich selbst beschäftigt sei und wenn er seinen
1850 1980 3065 2030 Erziehern Rechenschaft über seine Träume geben müsse, so viel
1852 2026 3059 2087 zu verlieren habe, daß er mit der äußersten Feigheit alles über
1860 2075 3055 2139 sich ergehen lasse, nur um jedem Eingriff in seine Welt zu ent¬
705 1981 1164 2144 Büchtfschau.
1849 2121 2516 2186 gehen — Selbstschutz, sagten Sie.
543 2117 1411 2214 Arthur Schnitzler, Frau Beate und
1933 2156 3056 2223 Und Sie haben Recht und haben da ein ebenso inter¬
469 2149 610 2238 ihrs
764 2182 1365 2254 bee Bertin, S. Fischer). —
1853 2208 3057 2270 essantes wie schwieriges Thema angeschlagen. Ich will mich
480 2215 1382 2310 Ein Buch der Liebe. Die reife Frau, die
1850 2251 3063 2326 nicht mit Ihren Federn schmücken und tun, als hätte ich es
489 2259 1371 2340 fühlt, daß das Ende ihrer Leidenschaften
1852 2303 2106 2368 ausgedacht.
482 2318 1382 2394 naht, wendet ihr Herz der Jugend zu, der
1940 2326 3059 2400 Der Zufall wollte, daß ich bald danach Schnitzlers schönen
491 2356 1379 2430 blühenden Jugend, die mit urwüchsiger
1852 2391 3062 2446 Roman von „Frau Beate und ihrem Soyne las. Fräl Beate
483 2398 1380 2470 Kraft, wenn auch ohne rechtes Bewußtsein,
1848 2437 3060 2506 ist seit ein paar Jahren Witwe, und in dieser ganzen Zeit
489 2445 1375 2513 ohne das raffinierte Auskosten höchtter Freude,
1859 2483 3053 2532 schlief ihre Erotik, denn sie liebte ihren Mann und hat Cha¬
478 2487 1369 2562 liebt. Das Bild des Gatten, der Abglanz
1862 2529 3057 2585 rakter. Sie ist eine echte Frau und beugt sich unter das Gesetz
478 2535 1369 2606 alter Ideale, ja selbst das Gefühl reinster
1860 2564 3070 2635 der Frau: ihr Schicksal zu tragen und die großen Ereignisse
474 2565 1366 2645 Liebe: der Mutterliebe erlischt im Herzen
1858 2618 3073 2687 des Lebens hinzunehmen, so wie sie kommen, die Zeit der Liebe
479 2612 1375 2679 dieser Frau, und die Furcht, im letzten
481 2664 1379 2739 Augenblick noch eine letzte Daseinsfreude zu
1852 2672 2876 2728 und der Freude, des Schmerzes und der Entsagung.
473 2703 1166 2772 verpassen, treibt sie schließlich
1954 2716 3065 2767 Sie ist noch keine alte Frau, sie sieht, daß mancher Mann
1190 2723 1373 2791 — nach
472 2744 1365 2822 langem Kampfe — zum Verlassen all ihrer
1856 2742 3060 2825 ihr begehrend naht, und sie vernimmt die Stimme des eigenen
462 2806 1431 2875 weiblichen Hoheit, die eigentlich in ihrem;
1858 2804 3068 2860 Blutes, der eigenen Sinne: sie verbietet ihr, laut zu werden.
468 2850 1364 2911 Charakter liegt. Frau Beate handelt am
1946 2848 3065 2907 Es wäre plump, wollte man sagen, daß da schon eine Un¬
456 2880 1358 2953 Ende nur noch wie unter einem schweren
1862 2884 3063 2959 aufrichtigkeit, eine „Lüge“ zu finden ist. Wohl aber gestaltet
457 2916 1357 2989 Banne, gegen den sie nicht ankämpfen kann.
1849 2953 3071 2996 der Dichter ihr Schicksal so, daß sie gezwungen wird, zu be¬
1373 2955 1442 3028 K
454 2964 1358 3044 Und dieses Ende, dessen Tragik und — Logik
1860 2973 3062 3040 obachten, wie rings um sie die Menschen, Freunde, Fremde,
1365 3023 1441 3074 13
462 3023 1370 3081 der Leser miterlebt, obgleich es außer allem
1856 3024 3060 3070 der eigene junge Sohn, unter dem dunklen Gesetz der Sinn¬
1357 3066 1453 3134 7
453 3062 1365 3135 Bereich menschlichen Fühlens, einfachster
1865 3071 3064 3136 lichkeit stehen, wie alles, alles um sie heimliche und so tragische
449 3089 1367 3181 menschlicher Moral liegt, das geradezu die
1862 3110 3057 3171 Gier ist: sie kann sich nicht entziehen und gibt sich einem jungen
450 3149 1351 3209 Spur gemeinsten Verbrechens auf der Stirn
1861 3164 3070 3225 Menschen hin, und daraus entsteht nun ein Zusammenbruch,
450 3186 1356 3267 trägt, zeigt das Seelenleiden von Frau
1855 3214 3072 3265 wie er pessimistischer und größer nicht geschildert worden ist.
453 3240 1355 3296 Beate und ihrem Sohn. Treten wir aus
1871 3250 3068 3318 Am Ende jeglichen Lebens wartet der Untergang aller der Vor¬
454 3284 1359 3360 der Dichtung heraus, so zeigt es die Kunst
3076 3299 3131 3348 n
1864 3293 3063 3363 sichtsmaßregeln, die von Menschen erfunden worden sind, aller
460 3321 1316 3379 des Dichters und lehrt, daß sich alles —
3072 3341 3359 3402 das ist vielm
1873 3345 3060 3398 der Worte von der geistigen Natur des Menschen, und es
447 3356 1364 3449 selbst das der Sitte am heftigsten Wider¬
3084 3380 3365 3446 die Persönlich
1859 3384 3065 3450 kommt die höchste, erschütterndste und trostloseste Schlußszene,
456 3402 702 3464 sprechende
777 3418 1350 3491 darstellen läßt, wenn es
3090 3428 3349 3489 fehlt ihnen et
1870 3440 3067 3496 in der Frau Beate Jokaste wird, bevor sie mit dem armen
455 3456 1352 3524 sich folgerichtig aus dem Ganzen ergibt und
3079 3478 3354 3546 das Gefühl f
1862 3488 3068 3542 Knaben, den die Sinne auch umklammerten, in den Tod geht.
449 3506 1361 3587 des Dichters Herz rein bleibt von dem Hauche
3161 3521 3352 3583 So bald
1958 3526 3068 3578 Es ist ein Schluß, der wohl das Grauen aufrühren kann,
448 3539 757 3599 des Unreinen.
3076 3560 3364 3630 heftigen Prei
1867 3566 3064 3622 das bei uns allen auf dem Grund der Seele ruht und nur
501 3584 1385 3674 „  „r. olwen deinzio
1873 3603 3359 3690 darauf wartet, daß man die ganze Trostlosigkeit des Lebens aber ich komn
