<?xml version="1.0" encoding="UTF-8" standalone="yes"?>
<PcGts xmlns="http://schema.primaresearch.org/PAGE/gts/pagecontent/2013-07-15" xmlns:xsi="http://www.w3.org/2001/XMLSchema-instance" xsi:schemaLocation="http://schema.primaresearch.org/PAGE/gts/pagecontent/2013-07-15 http://schema.primaresearch.org/PAGE/gts/pagecontent/2013-07-15/pagecontent.xsd">
    <Metadata>
        <Creator>prov=University of Rostock/Institute of Mathematics/CITlab/Gundram Leifert/gundram.leifert@uni-rostock.de:name=ONB_Newseye_GT_M1+(htr_id=10810)::::v=2.4.2
prov=University of Rostock/Institute of Mathematics/CITlab/Tobias Gruening/tobias.gruening@uni-rostock.de:name=de.uros.citlab.module.baseline2polygon.B2PSeamMultiOriented:v=2.4.2
prov=University of Rostock/Institute of Mathematics/CITlab/Tobias Gruening/tobias.gruening@uni-rostock.de:name=/mnt/transkribus/LA/DEA/URO/LA_news_onb_att.pb:de.uros.citlab.segmentation.CITlab_LA_ML:v=2.4.2
Transkribus</Creator>
        <Created>2019-10-07T10:25:19.347+02:00</Created>
        <LastChange>2019-10-07T14:00:57.420+02:00</LastChange>
        <TranskribusMetadata docId="223893" pageId="9491804" pageNr="57" tsid="16376469" status="IN_PROGRESS" userId="40391" imgUrl="https://files.transkribus.eu/Get?id=DDHYUGMTFUJGUKXDMCRQMQWQ&amp;fileType=view" xmlUrl="https://files.transkribus.eu/Get?id=OVEWWFESAMCLMHWVCKVZDLVQ" imageId="6182092"/>
    </Metadata>
    <Page imageFilename="223893_0057.jpeg" imageWidth="3436" imageHeight="4256">
        <ReadingOrder>
            <OrderedGroup id="ro_1711445584834" caption="Regions reading order">
                <RegionRefIndexed index="0" regionRef="r1"/>
            </OrderedGroup>
        </ReadingOrder>
        <TextRegion orientation="0.0" id="r1" custom="readingOrder {index:0;}">
            <Coords points="283,214 283,3314 2662,3314 2662,214"/>
            <TextLine id="r1l1" custom="readingOrder {index:0;}">
                <Coords points="500,255 538,245 685,258 722,244 741,258 781,246 800,258 947,257 947,187 847,210 763,187 695,210 500,184"/>
                <Baseline points="509,245 534,244 559,244 584,244 609,244 635,244 660,244 685,244 710,244 736,244 761,244 786,244 811,244 837,244 862,244 887,243 912,243 938,243"/>
                <TextEquiv>
                    <Unicode>Frau Beate</Unicode>
                </TextEquiv>
            </TextLine>
            <TextLine id="r1l2" custom="readingOrder {index:1;}">
                <Coords points="995,246 1007,245 1020,257 1035,259 1058,254 1094,259 1111,253 1142,256 1144,189 1134,189 1109,213 1080,201 1065,206 1059,200 1033,202 1025,196 1006,210 996,210"/>
                <Baseline points="1004,243 1029,244 1055,244 1081,246 1107,246 1133,246"/>
                <TextEquiv>
                    <Unicode>und</Unicode>
                </TextEquiv>
            </TextLine>
            <TextLine id="r1l3" custom="readingOrder {index:2;}">
                <Coords points="1187,257 1332,257 1350,242 1401,259 1594,254 1594,210 1535,204 1516,186 1476,197 1448,180 1404,183 1356,209 1265,178 1188,201"/>
                <Baseline points="1197,244 1222,244 1248,244 1274,243 1300,243 1326,243 1351,243 1377,244 1403,244 1429,244 1455,245 1480,245 1506,246 1532,247 1558,248 1584,249"/>
                <TextEquiv>
                    <Unicode>ihr Sohn</Unicode>
                </TextEquiv>
            </TextLine>
            <TextLine id="r1l4" custom="readingOrder {index:3;}">
                <Coords points="273,258 285,261 302,252 315,264 321,259 334,267 370,269 408,248 424,260 454,237 490,239 491,218 463,203 440,219 428,218 385,174 351,193 337,181 323,186 278,174"/>
                <Baseline points="283,244 311,244 339,245 367,245 395,246 423,248 451,251 480,255"/>
                <TextEquiv>
                    <Unicode>28.</Unicode>
                </TextEquiv>
            </TextLine>
            <TextLine id="r1l5" custom="readingOrder {index:4;}">
                <Coords points="1722,245 1773,266 1815,251 1903,263 1930,240 2008,271 2035,248 2123,256 2123,189 2085,179 2010,198 1917,194 1896,208 1798,204 1776,186 1722,181"/>
                <Baseline points="1732,247 1757,248 1782,249 1808,249 1833,250 1859,251 1884,252 1910,253 1935,253 1961,253 1986,253 2012,252 2037,251 2063,250 2088,247 2114,245"/>
                <TextEquiv>
                    <Unicode>box 4/5</Unicode>
                </TextEquiv>
            </TextLine>
            <TextLine id="r1l6" custom="readingOrder {index:5;}">
                <Coords points="487,288 1590,284 1590,248 1512,240 487,237"/>
                <Baseline points="497,265 551,266 605,267 659,268 713,269 768,270 822,270 876,271 930,271 984,272 1039,272 1093,272 1147,273 1201,273 1255,272 1310,272 1364,272 1418,272 1472,271 1526,270 1581,270"/>
                <TextEquiv>
                    <Unicode># K. — — . .     e e de e e ehese</Unicode>
                </TextEquiv>
            </TextLine>
            <TextLine id="r1l7" custom="readingOrder {index:6;}">
                <Coords points="2532,925 2559,928 2587,923 2595,928 2618,919 2631,929 2641,920 2652,921 2656,831 2637,830 2623,820 2594,826 2588,822 2577,826 2537,824"/>
                <Baseline points="2543,886 2568,888 2594,888 2619,889 2645,892"/>
                <TextEquiv>
                    <Unicode>223</Unicode>
                </TextEquiv>
            </TextLine>
            <TextLine id="r1l8" custom="readingOrder {index:7;}">
                <Coords points="1570,897 2240,902 2240,866 2156,852 1570,855"/>
                <Baseline points="1579,892 1611,892 1644,892 1676,892 1709,892 1742,892 1774,892 1807,892 1839,892 1872,892 1905,893 1937,893 1970,893 2002,893 2035,893 2068,893 2100,893 2133,893 2165,893 2198,892 2231,892"/>
                <TextEquiv>
                    <Unicode>Über einige Romane und Novellen</Unicode>
                </TextEquiv>
            </TextLine>
            <TextLine id="r1l9" custom="readingOrder {index:8;}">
                <Coords points="342,998 411,1011 463,995 535,999 550,1010 569,999 610,1000 621,1012 655,1006 682,998 682,926 523,957 436,940 342,946"/>
                <Baseline points="352,990 378,990 405,989 432,988 458,988 485,987 512,987 538,987 565,987 592,987 618,988 645,988 672,990"/>
                <TextEquiv>
                    <Unicode>ag. Die epische</Unicode>
                </TextEquiv>
            </TextLine>
            <TextLine id="r1l10" custom="readingOrder {index:9;}">
                <Coords points="391,1058 414,1056 439,1075 488,1060 534,1073 557,1062 584,1067 603,1052 627,1064 656,1056 677,1062 677,1014 654,1005 626,1014 574,999 551,1010 530,999 488,1020 458,1010 437,1019 423,1006 391,1012"/>
                <Baseline points="401,1051 427,1052 454,1052 481,1051 507,1051 534,1051 561,1051 587,1052 614,1052 641,1052 668,1052"/>
                <TextEquiv>
                    <Unicode>en, zu fesseln,</Unicode>
                </TextEquiv>
            </TextLine>
            <TextLine id="r1l11" custom="readingOrder {index:10;}">
                <Coords points="1133,1047 2589,1069 2661,1050 2661,989 1133,1021"/>
                <Baseline points="1142,1049 1217,1050 1293,1050 1368,1051 1444,1051 1519,1052 1595,1052 1670,1053 1746,1053 1821,1053 1897,1053 1972,1054 2048,1054 2123,1054 2199,1053 2274,1053 2350,1053 2425,1053 2501,1052 2576,1052 2652,1051"/>
                <TextEquiv>
                    <Unicode>Materialien, Menschen. Die pspchologischen Methoden, mit denen die</Unicode>
                </TextEquiv>
            </TextLine>
            <TextLine id="r1l12" custom="readingOrder {index:11;}">
                <Coords points="1131,1106 2581,1125 2655,1108 2655,1053 1131,1078"/>
                <Baseline points="1141,1108 1216,1109 1291,1109 1366,1110 1441,1110 1517,1111 1592,1111 1667,1111 1742,1111 1817,1111 1893,1111 1968,1111 2043,1111 2118,1111 2193,1111 2269,1110 2344,1110 2419,1110 2494,1109 2569,1109 2645,1109"/>
                <TextEquiv>
                    <Unicode>Arbeiter abgerichtet werden, damit sie immer schneller, immer mecha¬</Unicode>
                </TextEquiv>
            </TextLine>
            <TextLine id="r1l13" custom="readingOrder {index:12;}">
                <Coords points="509,1141 526,1145 540,1137 557,1139 593,1114 612,1125 623,1114 639,1112 654,1120 664,1110 675,1110 675,1079 614,1059 599,1057 583,1072 579,1068 562,1078 538,1070 509,1072"/>
                <Baseline points="519,1112 548,1110 577,1109 607,1109 636,1110 666,1111"/>
                <TextEquiv>
                    <Unicode>grelles</Unicode>
                </TextEquiv>
            </TextLine>
            <TextLine id="r1l14" custom="readingOrder {index:13;}">
                <Coords points="1130,1175 2366,1193 2631,1182 2657,1115 1130,1138"/>
                <Baseline points="1139,1171 1214,1171 1289,1170 1365,1170 1440,1170 1516,1170 1591,1170 1666,1170 1742,1170 1817,1170 1893,1170 1968,1170 2043,1170 2119,1170 2194,1170 2270,1170 2345,1170 2420,1170 2496,1170 2571,1170 2647,1170"/>
                <TextEquiv>
                    <Unicode>nischer ihre eine Funktion ausüben, (wir lesen mit Butsetzen davon in</Unicode>
                </TextEquiv>
            </TextLine>
            <TextLine id="r1l15" custom="readingOrder {index:14;}">
                <Coords points="443,1236 472,1239 495,1231 510,1239 539,1228 560,1238 579,1229 613,1239 659,1239 660,1174 610,1168 599,1175 570,1167 538,1182 521,1172 513,1180 498,1174 444,1183"/>
                <Baseline points="454,1221 482,1222 510,1221 538,1221 566,1221 594,1222 622,1223 650,1225"/>
                <TextEquiv>
                    <Unicode>em atlan¬</Unicode>
                </TextEquiv>
            </TextLine>
            <TextLine id="r1l16" custom="readingOrder {index:15;}">
                <Coords points="1126,1226 2594,1253 2661,1182 1126,1194"/>
                <Baseline points="1135,1234 1210,1232 1286,1231 1362,1229 1438,1228 1514,1228 1589,1227 1665,1227 1741,1228 1817,1228 1893,1228 1968,1229 2044,1229 2120,1230 2196,1230 2272,1230 2347,1229 2423,1229 2499,1228 2575,1226 2651,1224"/>
                <TextEquiv>
                    <Unicode>sozialistischen Blättern), werden angewandt, der Rekord wird sofort</Unicode>
                </TextEquiv>
            </TextLine>
            <TextLine id="r1l17" custom="readingOrder {index:16;}">
                <Coords points="411,1283 436,1283 464,1299 491,1280 518,1278 569,1300 600,1298 621,1285 663,1289 663,1242 644,1234 612,1243 581,1231 560,1239 480,1230 473,1238 411,1243"/>
                <Baseline points="421,1274 446,1273 472,1273 498,1272 524,1272 550,1272 576,1273 602,1274 628,1275 654,1277"/>
                <TextEquiv>
                    <Unicode>atastrophen,</Unicode>
                </TextEquiv>
            </TextLine>
            <TextLine id="r1l18" custom="readingOrder {index:17;}">
                <Coords points="1132,1289 2667,1288 2469,1231 1132,1253"/>
                <Baseline points="1141,1293 1216,1292 1292,1291 1368,1290 1444,1290 1520,1289 1596,1289 1671,1288 1747,1288 1823,1288 1899,1287 1975,1287 2051,1287 2127,1287 2202,1288 2278,1288 2354,1288 2430,1288 2506,1289 2582,1289 2658,1290"/>
                <TextEquiv>
                    <Unicode>zur Vorm, keine Rücksicht schont. Die Ingenieure, die ihr Quantum</Unicode>
                </TextEquiv>
            </TextLine>
            <TextLine id="r1l19" custom="readingOrder {index:18;}">
                <Coords points="544,1339 565,1343 582,1339 599,1357 618,1343 628,1349 637,1344 653,1349 653,1288 643,1288 624,1300 615,1296 607,1303 601,1297 584,1299 579,1295 571,1301 561,1291 544,1289"/>
                <Baseline points="554,1332 584,1331 614,1332 644,1332"/>
                <TextEquiv>
                    <Unicode>Inter</Unicode>
                </TextEquiv>
            </TextLine>
            <TextLine id="r1l20" custom="readingOrder {index:19;}">
                <Coords points="428,1344 439,1343 442,1339 448,1338 454,1342 464,1341 460,1290 450,1290 443,1295 424,1296"/>
                <Baseline points="436,1334 454,1333"/>
                <TextEquiv>
                    <Unicode>8</Unicode>
                </TextEquiv>
            </TextLine>
            <TextLine id="r1l21" custom="readingOrder {index:20;}">
                <Coords points="1134,1352 2662,1365 2662,1313 2553,1292 1134,1314"/>
                <Baseline points="1143,1346 1218,1346 1294,1346 1369,1346 1445,1347 1520,1347 1596,1347 1671,1347 1747,1347 1822,1347 1898,1347 1973,1348 2049,1348 2124,1347 2200,1347 2275,1347 2351,1347 2426,1346 2502,1345 2577,1345 2653,1344"/>
                <TextEquiv>
                    <Unicode>nicht leisten, werden entlassen. Die Arbeiter werden in ganzen Heeren</Unicode>
                </TextEquiv>
            </TextLine>
            <TextLine id="r1l22" custom="readingOrder {index:21;}">
                <Coords points="535,1406 548,1401 582,1412 618,1397 624,1403 666,1406 667,1352 642,1355 619,1344 590,1362 561,1340 554,1346 533,1345"/>
                <Baseline points="543,1391 572,1391 601,1389 630,1388 659,1389"/>
                <TextEquiv>
                    <Unicode>Hand¬</Unicode>
                </TextEquiv>
            </TextLine>
            <TextLine id="r1l23" custom="readingOrder {index:22;}">
                <Coords points="1127,1402 2655,1428 2630,1353 1127,1387"/>
                <Baseline points="1137,1406 1212,1405 1287,1405 1363,1404 1438,1404 1514,1404 1589,1404 1664,1404 1740,1404 1815,1404 1891,1404 1966,1404 2041,1404 2117,1404 2192,1404 2268,1405 2343,1405 2418,1405 2494,1405 2569,1405 2645,1405"/>
                <TextEquiv>
                    <Unicode>zu Leichen, Kranken und Krüppeln. Wenn der Bau pekuniär mög¬</Unicode>
                </TextEquiv>
            </TextLine>
            <TextLine id="r1l24" custom="readingOrder {index:23;}">
                <Coords points="422,1461 491,1464 500,1456 535,1473 590,1483 626,1456 653,1463 652,1406 618,1397 604,1399 582,1422 565,1421 545,1404 519,1417 479,1410 465,1420 440,1403 421,1407"/>
                <Baseline points="431,1453 457,1453 484,1454 510,1454 537,1453 564,1453 590,1452 617,1451 644,1450"/>
                <TextEquiv>
                    <Unicode>Detail, bie</Unicode>
                </TextEquiv>
            </TextLine>
            <TextLine id="r1l25" custom="readingOrder {index:24;}">
                <Coords points="1129,1457 2653,1469 2653,1425 2524,1409 1129,1434"/>
                <Baseline points="1138,1462 1213,1463 1288,1463 1363,1464 1439,1464 1514,1465 1589,1465 1665,1465 1740,1466 1815,1466 1891,1466 1966,1466 2041,1466 2116,1466 2192,1466 2267,1465 2342,1465 2418,1465 2493,1465 2568,1465 2644,1465"/>
                <TextEquiv>
                    <Unicode>lich werden soll, so muß er binnen kürzester Frist vollendet werden.</Unicode>
                </TextEquiv>
            </TextLine>
            <TextLine id="r1l26" custom="readingOrder {index:25;}">
                <Coords points="487,1527 508,1527 519,1519 533,1525 544,1519 573,1538 588,1524 620,1526 626,1532 647,1518 660,1520 660,1466 633,1480 614,1474 605,1484 589,1476 547,1477 524,1465 511,1471 502,1464 486,1468"/>
                <Baseline points="496,1511 521,1512 547,1512 573,1511 598,1511 624,1511 650,1511"/>
                <TextEquiv>
                    <Unicode>zean ge¬</Unicode>
                </TextEquiv>
            </TextLine>
            <TextLine id="r1l27" custom="readingOrder {index:26;}">
                <Coords points="1133,1524 2612,1519 2465,1461 1134,1493"/>
                <Baseline points="1143,1523 1216,1521 1289,1521 1362,1520 1435,1520 1508,1520 1581,1520 1654,1521 1727,1522 1800,1523 1873,1523 1946,1524 2019,1525 2092,1525 2165,1526 2238,1526 2311,1526 2384,1526 2457,1526 2530,1525 2603,1524"/>
                <TextEquiv>
                    <Unicode>Darum ist der Aprhmus des Buches: Bile, Tempo, Hetze, Rekord.</Unicode>
                </TextEquiv>
            </TextLine>
            <TextLine id="r1l28" custom="readingOrder {index:27;}">
                <Coords points="540,1580 559,1578 576,1564 590,1566 603,1577 611,1573 620,1579 641,1578 645,1582 660,1572 670,1572 669,1524 625,1533 618,1525 591,1522 572,1537 560,1528 539,1528"/>
                <Baseline points="550,1572 577,1570 605,1570 633,1570 661,1569"/>
                <TextEquiv>
                    <Unicode>e ine</Unicode>
                </TextEquiv>
            </TextLine>
            <TextLine id="r1l29" custom="readingOrder {index:28;}">
                <Coords points="1182,1590 2441,1604 2664,1585 2664,1532 1182,1544"/>
                <Baseline points="1192,1583 1265,1583 1338,1582 1411,1581 1484,1581 1557,1581 1630,1581 1703,1581 1776,1581 1849,1581 1923,1582 1996,1582 2069,1582 2142,1582 2215,1582 2288,1582 2361,1582 2434,1581 2507,1581 2580,1580 2654,1579"/>
                <TextEquiv>
                    <Unicode>„Diese schlaflose Zeit“ heißt es einmal: das ist bezeichnend, wie die</Unicode>
                </TextEquiv>
            </TextLine>
            <TextLine id="r1l30" custom="readingOrder {index:29;}">
                <Coords points="533,1647 546,1649 573,1633 600,1647 621,1641 642,1655 659,1655 659,1585 614,1577 606,1584 573,1584 552,1605 533,1601"/>
                <Baseline points="543,1630 569,1628 596,1628 623,1630 650,1629"/>
                <TextEquiv>
                    <Unicode>Mit</Unicode>
                </TextEquiv>
            </TextLine>
            <TextLine id="r1l31" custom="readingOrder {index:30;}">
                <Coords points="1132,1651 2597,1656 2654,1646 2654,1593 1132,1599"/>
                <Baseline points="1142,1639 1217,1639 1292,1640 1367,1641 1442,1641 1517,1641 1592,1641 1667,1641 1742,1641 1817,1641 1893,1641 1968,1640 2043,1640 2118,1640 2193,1640 2268,1640 2343,1640 2418,1641 2493,1641 2568,1642 2644,1643"/>
                <TextEquiv>
                    <Unicode>Menschen in diesem Buche schlafen. Als Allan aus dem Tunnel auf¬</Unicode>
                </TextEquiv>
            </TextLine>
            <TextLine id="r1l32" custom="readingOrder {index:31;}">
                <Coords points="520,1702 547,1706 562,1694 575,1694 602,1709 613,1702 629,1704 638,1694 648,1702 665,1698 665,1652 644,1656 621,1641 594,1650 566,1639 547,1648 520,1646"/>
                <Baseline points="530,1689 555,1688 580,1687 605,1687 630,1688 656,1689"/>
                <TextEquiv>
                    <Unicode>dieses</Unicode>
                </TextEquiv>
            </TextLine>
            <TextLine id="r1l33" custom="readingOrder {index:32;}">
                <Coords points="1139,1703 2552,1716 2661,1651 1139,1666"/>
                <Baseline points="1148,1699 1223,1700 1298,1701 1373,1702 1448,1702 1524,1703 1599,1703 1674,1703 1749,1703 1824,1704 1900,1703 1975,1703 2050,1703 2125,1703 2200,1702 2276,1701 2351,1700 2426,1699 2501,1698 2576,1697 2652,1695"/>
                <TextEquiv>
                    <Unicode>fuhr, empfand er, „obschon er schlief, noch lange Zeit jede Störung, der</Unicode>
                </TextEquiv>
            </TextLine>
            <TextLine id="r1l34" custom="readingOrder {index:33;}">
                <Coords points="608,1763 617,1762 627,1767 631,1763 640,1763 646,1758 652,1760 653,1758 663,1757 661,1717 651,1718 643,1713 641,1715 637,1711 631,1712 621,1705 620,1707 618,1705 616,1707 604,1707"/>
                <Baseline points="616,1751 652,1749"/>
                <TextEquiv>
                    <Unicode>te.</Unicode>
                </TextEquiv>
            </TextLine>
            <TextLine id="r1l35" custom="readingOrder {index:34;}">
                <Coords points="1130,1760 2641,1775 2656,1708 1130,1726"/>
                <Baseline points="1140,1764 1215,1763 1290,1762 1366,1761 1441,1760 1516,1760 1592,1760 1667,1761 1742,1761 1818,1761 1893,1762 1968,1762 2044,1762 2119,1762 2194,1763 2270,1762 2345,1762 2420,1762 2496,1761 2571,1760 2647,1758"/>
                <TextEquiv>
                    <Unicode>der Zug auf seiner vierhundert Kilometer langen Reise nach oben be¬</Unicode>
                </TextEquiv>
            </TextLine>
            <TextLine id="r1l36" custom="readingOrder {index:35;}">
                <Coords points="1138,1835 1345,1801 1552,1846 2360,1839 2629,1824 2665,1776 1138,1780"/>
                <Baseline points="1147,1823 1222,1822 1297,1820 1373,1819 1448,1819 1524,1818 1599,1818 1674,1818 1750,1818 1825,1819 1901,1819 1976,1819 2051,1820 2127,1820 2202,1820 2278,1820 2353,1819 2428,1819 2504,1818 2579,1817 2655,1815"/>
                <TextEquiv>
                    <Unicode>gegnete“ Binnzal heißt es: „Stimmen sprachen und raunten in den</Unicode>
                </TextEquiv>
            </TextLine>
            <TextLine id="r1l37" custom="readingOrder {index:36;}">
                <Coords points="585,1881 606,1884 617,1874 629,1876 632,1872 640,1872 650,1881 665,1880 663,1814 649,1812 637,1826 623,1813 617,1813 598,1829 583,1830"/>
                <Baseline points="595,1865 625,1864 656,1863"/>
                <TextEquiv>
                    <Unicode>nnel</Unicode>
                </TextEquiv>
            </TextLine>
            <TextLine id="r1l38" custom="readingOrder {index:37;}">
                <Coords points="1133,1892 2646,1894 2657,1826 1133,1837"/>
                <Baseline points="1142,1879 1217,1878 1292,1877 1367,1877 1443,1877 1518,1877 1593,1877 1669,1877 1744,1877 1819,1877 1895,1877 1970,1878 2045,1878 2120,1878 2196,1878 2271,1878 2346,1878 2422,1878 2497,1877 2572,1877 2648,1876"/>
                <TextEquiv>
                    <Unicode>Straßen, jenes erschreckte Kaunen, das man sonderbarerweise im</Unicode>
                </TextEquiv>
            </TextLine>
            <TextLine id="r1l39" custom="readingOrder {index:38;}">
                <Coords points="1130,1942 2661,1964 2661,1891 2599,1883 1130,1900"/>
                <Baseline points="1140,1939 1215,1938 1291,1938 1366,1937 1442,1937 1518,1937 1593,1937 1669,1937 1744,1937 1820,1937 1896,1937 1971,1937 2047,1937 2122,1937 2198,1938 2274,1938 2349,1939 2425,1939 2500,1940 2576,1941 2652,1941"/>
                <TextEquiv>
                    <Unicode>tiefsten Schlaf hört.“ Der übermüdete Direktor Harriman schläft noch,</Unicode>
                </TextEquiv>
            </TextLine>
            <TextLine id="r1l40" custom="readingOrder {index:39;}">
                <Coords points="1123,1999 2660,1999 2523,1938 1123,1951"/>
                <Baseline points="1133,1999 1208,1998 1284,1997 1360,1996 1436,1996 1512,1996 1588,1995 1664,1995 1740,1995 1816,1995 1892,1995 1967,1995 2043,1995 2119,1995 2195,1995 2271,1995 2347,1995 2423,1995 2499,1995 2575,1995 2651,1995"/>
                <TextEquiv>
                    <Unicode>während er in dem Tunnel telephoniert. Während die Arbeiter immer</Unicode>
                </TextEquiv>
            </TextLine>
            <TextLine id="r1l41" custom="readingOrder {index:40;}">
                <Coords points="1129,2048 2603,2068 2663,2003 1129,2019"/>
                <Baseline points="1138,2055 1213,2055 1289,2055 1365,2056 1441,2056 1517,2056 1592,2056 1668,2056 1744,2057 1820,2057 1896,2057 1971,2057 2047,2057 2123,2057 2199,2057 2275,2056 2350,2056 2426,2055 2502,2054 2578,2053 2654,2052"/>
                <TextEquiv>
                    <Unicode>mehr vermechanisieren, müssen die Leitenden immer vielfältiger werden.</Unicode>
                </TextEquiv>
            </TextLine>
            <TextLine id="r1l42" custom="readingOrder {index:41;}">
                <Coords points="1136,2100 2657,2119 2657,2067 2487,2058 2189,2097 1136,2077"/>
                <Baseline points="1145,2115 1220,2114 1295,2114 1370,2114 1445,2115 1520,2115 1595,2115 1671,2115 1746,2116 1821,2116 1896,2116 1971,2116 2046,2116 2121,2116 2197,2116 2272,2115 2347,2114 2422,2113 2497,2112 2572,2111 2648,2109"/>
                <TextEquiv>
                    <Unicode>S. Woolf diktiert, ein amerikanischer Uapoleon, zugleich ein Dutzend</Unicode>
                </TextEquiv>
            </TextLine>
            <TextLine id="r1l43" custom="readingOrder {index:42;}">
                <Coords points="1136,2181 2662,2178 2662,2138 2485,2119 1136,2122"/>
                <Baseline points="1145,2173 1220,2174 1295,2174 1371,2175 1446,2175 1521,2175 1597,2175 1672,2175 1747,2175 1823,2175 1898,2175 1973,2174 2049,2174 2124,2174 2199,2173 2275,2173 2350,2172 2425,2172 2501,2172 2576,2171 2652,2170"/>
                <TextEquiv>
                    <Unicode>Telegramme und Briefe, spricht mit einer Stimme zu seinem Proku¬</Unicode>
                </TextEquiv>
            </TextLine>
            <TextLine id="r1l44" custom="readingOrder {index:43;}">
                <Coords points="1131,2242 2670,2232 2579,2180 1131,2193"/>
                <Baseline points="1140,2234 1216,2234 1292,2233 1368,2233 1444,2233 1520,2233 1596,2233 1672,2233 1748,2233 1824,2233 1900,2233 1976,2233 2052,2233 2128,2233 2204,2233 2280,2233 2356,2233 2432,2233 2508,2232 2584,2232 2660,2232"/>
                <TextEquiv>
                    <Unicode>risten, schreit mit einer zweiten in das Telephon hinein, ein Auge sieht</Unicode>
                </TextEquiv>
            </TextLine>
            <TextLine id="r1l45" custom="readingOrder {index:44;}">
                <Coords points="1129,2292 2657,2296 2581,2235 1129,2242"/>
                <Baseline points="1139,2296 1214,2295 1289,2294 1365,2293 1440,2292 1516,2291 1591,2291 1666,2291 1742,2291 1817,2290 1893,2290 1968,2290 2043,2290 2119,2291 2194,2291 2270,2291 2345,2291 2420,2291 2496,2290 2571,2290 2647,2290"/>
                <TextEquiv>
                    <Unicode>auf die Stenographen, ein anderes auf die Uhr. Alle Glieder und Sinne</Unicode>
                </TextEquiv>
            </TextLine>
            <TextLine id="r1l46" custom="readingOrder {index:45;}">
                <Coords points="1133,2371 2653,2354 2545,2295 1133,2304"/>
                <Baseline points="1143,2352 1218,2352 1293,2352 1368,2351 1443,2351 1518,2351 1593,2351 1668,2351 1743,2351 1818,2351 1893,2351 1968,2351 2043,2351 2118,2351 2193,2351 2268,2351 2343,2351 2418,2351 2493,2352 2568,2352 2644,2352"/>
                <TextEquiv>
                    <Unicode>sind vervielfältigt, alle Bnergien vertausendfacht, —Tempobraust, Tempo.</Unicode>
                </TextEquiv>
            </TextLine>
            <TextLine id="r1l47" custom="readingOrder {index:46;}">
                <Coords points="1174,2406 2522,2430 2663,2409 2664,2351 1174,2358"/>
                <Baseline points="1183,2404 1256,2405 1330,2407 1403,2408 1477,2409 1550,2410 1624,2410 1697,2411 1771,2411 1844,2410 1918,2410 1991,2410 2065,2410 2138,2409 2212,2409 2285,2408 2359,2408 2432,2408 2506,2408 2579,2408 2653,2408"/>
                <TextEquiv>
                    <Unicode>Eine Fülle von Szenen haftet im Gedächtnis: die Beratung der</Unicode>
                </TextEquiv>
            </TextLine>
            <TextLine id="r1l48" custom="readingOrder {index:47;}">
                <Coords points="1132,2462 2666,2469 2601,2412 1132,2437"/>
                <Baseline points="1142,2468 1217,2468 1293,2468 1369,2469 1444,2469 1520,2469 1596,2469 1671,2469 1747,2469 1823,2469 1899,2469 1974,2469 2050,2468 2126,2468 2201,2468 2277,2468 2353,2468 2428,2468 2504,2468 2580,2468 2656,2468"/>
                <TextEquiv>
                    <Unicode>Millionäre; die Ratastrophe im Tunnel; der Brand des Verwaltungs¬</Unicode>
                </TextEquiv>
            </TextLine>
            <TextLine id="r1l49" custom="readingOrder {index:48;}">
                <Coords points="1131,2533 2625,2543 2663,2466 1131,2493"/>
                <Baseline points="1141,2528 1216,2528 1292,2528 1367,2528 1443,2528 1519,2528 1594,2528 1670,2528 1745,2528 1821,2528 1897,2528 1972,2528 2048,2528 2123,2527 2199,2527 2275,2527 2350,2527 2426,2527 2501,2526 2577,2526 2653,2525"/>
                <TextEquiv>
                    <Unicode>gebäudes; die Butlarvung Woolfs und sein Selbstmord; die Begegnung</Unicode>
                </TextEquiv>
            </TextLine>
            <TextLine id="r1l50" custom="readingOrder {index:49;}">
                <Coords points="1130,2594 2627,2595 2665,2527 1130,2556"/>
                <Baseline points="1139,2589 1214,2588 1290,2587 1366,2587 1442,2587 1518,2587 1593,2587 1669,2587 1745,2587 1821,2587 1897,2587 1972,2587 2048,2587 2124,2587 2200,2587 2276,2587 2351,2587 2427,2586 2503,2585 2579,2584 2655,2583"/>
                <TextEquiv>
                    <Unicode>der beiden Tunnelhälften. Ganz wundervoll ist diese Szene: der Tunnel</Unicode>
                </TextEquiv>
            </TextLine>
            <TextLine id="r1l51" custom="readingOrder {index:50;}">
                <Coords points="1134,2663 2610,2668 2661,2607 1133,2608"/>
                <Baseline points="1143,2649 1218,2647 1293,2646 1369,2645 1444,2644 1520,2644 1595,2644 1670,2644 1746,2644 1821,2644 1897,2644 1972,2645 2047,2645 2123,2645 2198,2645 2274,2644 2349,2644 2424,2643 2500,2642 2575,2640 2651,2638"/>
                <TextEquiv>
                    <Unicode>stockt durch Streik; Allan reist, nichts tuend, um Frau und Rind</Unicode>
                </TextEquiv>
            </TextLine>
            <TextLine id="r1l52" custom="readingOrder {index:51;}">
                <Coords points="1128,2704 2662,2698 2536,2652 1128,2660"/>
                <Baseline points="1137,2705 1212,2704 1288,2704 1364,2704 1440,2704 1516,2704 1591,2705 1667,2705 1743,2706 1819,2706 1895,2707 1970,2707 2046,2707 2122,2707 2198,2707 2274,2707 2349,2707 2425,2706 2501,2705 2577,2704 2653,2702"/>
                <TextEquiv>
                    <Unicode>trauernd, in Buropa, da siehr er die Tunnelbauten, sieht sich selbst im</Unicode>
                </TextEquiv>
            </TextLine>
            <TextLine id="r1l53" custom="readingOrder {index:52;}">
                <Coords points="1138,2759 2662,2757 2506,2706 1138,2721"/>
                <Baseline points="1147,2764 1222,2764 1297,2763 1372,2763 1448,2763 1523,2763 1598,2763 1673,2763 1749,2763 1824,2763 1899,2763 1974,2763 2050,2763 2125,2762 2200,2762 2275,2762 2351,2762 2426,2762 2501,2762 2576,2762 2652,2762"/>
                <TextEquiv>
                    <Unicode>Kinomatographen, und ist mit einem Male ein andrer, fährt zurück, be¬</Unicode>
                </TextEquiv>
            </TextLine>
            <TextLine id="r1l54" custom="readingOrder {index:53;}">
                <Coords points="1126,2833 1163,2848 1200,2827 1266,2843 1328,2828 1413,2837 1428,2825 1462,2840 1510,2837 1540,2823 1539,2802 1486,2782 1470,2790 1421,2776 1396,2788 1367,2770 1281,2774 1259,2792 1205,2772 1156,2800 1125,2799"/>
                <Baseline points="1136,2830 1162,2827 1188,2825 1215,2824 1241,2822 1267,2821 1294,2820 1320,2820 1346,2819 1373,2819 1399,2818 1425,2818 1452,2818 1478,2818 1504,2818 1531,2818"/>
                <TextEquiv>
                    <Unicode>ginnt wiederum.</Unicode>
                </TextEquiv>
            </TextLine>
            <TextLine id="r1l55" custom="readingOrder {index:54;}">
                <Coords points="1166,2870 2269,2902 2656,2888 2656,2827 1166,2847"/>
                <Baseline points="1175,2877 1248,2879 1322,2882 1395,2883 1469,2884 1542,2885 1616,2885 1689,2886 1763,2885 1836,2885 1910,2885 1984,2884 2057,2883 2131,2883 2204,2882 2278,2881 2351,2880 2425,2880 2498,2879 2572,2879 2646,2879"/>
                <TextEquiv>
                    <Unicode>Win pos von toten Dingen, von Bisen und Geld, von Tunnel und</Unicode>
                </TextEquiv>
            </TextLine>
            <TextLine id="r1l56" custom="readingOrder {index:55;}">
                <Coords points="1138,2951 2626,2958 2658,2887 1138,2899"/>
                <Baseline points="1147,2939 1222,2939 1297,2939 1372,2939 1447,2938 1522,2938 1597,2938 1672,2938 1747,2938 1822,2938 1897,2938 1972,2938 2047,2938 2122,2938 2197,2938 2272,2938 2347,2938 2422,2939 2497,2939 2572,2938 2648,2938"/>
                <TextEquiv>
                    <Unicode>Maschinen, von Reklame, Film, von Kursen, Rekorden; aber doch</Unicode>
                </TextEquiv>
            </TextLine>
            <TextLine id="r1l57" custom="readingOrder {index:56;}">
                <Coords points="1128,2988 2469,3022 2660,2998 2660,2953 1128,2967"/>
                <Baseline points="1138,3001 1213,3000 1289,3000 1364,3000 1440,3000 1516,3000 1591,3000 1667,3000 1743,3001 1818,3001 1894,3001 1970,3001 2045,3001 2121,3000 2197,3000 2272,3000 2348,2999 2424,2998 2499,2997 2575,2996 2651,2994"/>
                <TextEquiv>
                    <Unicode>auch eine Geschichte von Menschen: Allans Frau „Mand“, deren Liebe</Unicode>
                </TextEquiv>
            </TextLine>
            <TextLine id="r1l58" custom="readingOrder {index:57;}">
                <Coords points="1132,3066 2479,3078 2662,3022 1132,3024"/>
                <Baseline points="1142,3062 1217,3062 1293,3062 1368,3062 1444,3062 1519,3062 1595,3061 1670,3061 1746,3061 1821,3060 1897,3060 1973,3060 2048,3059 2124,3059 2199,3059 2275,3059 2350,3059 2426,3059 2501,3059 2577,3059 2653,3059"/>
                <TextEquiv>
                    <Unicode>er durch den Tunnel verlor, und die nach der großen Ratastrophe von</Unicode>
                </TextEquiv>
            </TextLine>
            <TextLine id="r1l59" custom="readingOrder {index:58;}">
                <Coords points="1130,3106 2658,3135 2619,3072 2432,3063 1130,3077"/>
                <Baseline points="1140,3123 1215,3122 1290,3121 1366,3120 1441,3119 1517,3118 1592,3118 1668,3117 1743,3117 1819,3116 1894,3116 1969,3116 2045,3116 2120,3116 2196,3116 2271,3116 2347,3117 2422,3117 2498,3117 2573,3117 2649,3117"/>
                <TextEquiv>
                    <Unicode>den rasenden Frauen der Arbeiter gesteinigt wurde; Bthel Lloyd, die</Unicode>
                </TextEquiv>
            </TextLine>
            <TextLine id="r1l60" custom="readingOrder {index:59;}">
                <Coords points="1137,3190 2461,3199 2663,3143 1137,3144"/>
                <Baseline points="1147,3175 1222,3175 1297,3175 1372,3175 1448,3174 1523,3174 1598,3174 1674,3173 1749,3173 1824,3172 1900,3172 1975,3171 2050,3171 2125,3171 2201,3171 2276,3171 2351,3171 2427,3171 2502,3171 2577,3172 2653,3173"/>
                <TextEquiv>
                    <Unicode>Bitle, Bnergische, Bizarre, die sich den Ingenieur in den Ropf gesetzt</Unicode>
                </TextEquiv>
            </TextLine>
            <TextLine id="r1l61" custom="readingOrder {index:60;}">
                <Coords points="1128,3232 2396,3258 2641,3240 2671,3186 1128,3202"/>
                <Baseline points="1137,3235 1213,3236 1289,3236 1365,3237 1442,3237 1518,3238 1594,3238 1670,3238 1747,3238 1823,3238 1899,3238 1975,3237 2052,3237 2128,3237 2204,3236 2280,3235 2357,3235 2433,3234 2509,3233 2585,3233 2662,3232"/>
                <TextEquiv>
                    <Unicode>hat und schließlich seine zweite Frau wird; Woolf, der Ungar, der das</Unicode>
                </TextEquiv>
            </TextLine>
            <TextLine id="r1l62" custom="readingOrder {index:61;}">
                <Coords points="1135,3328 2665,3326 2664,3233 1135,3260"/>
                <Baseline points="1145,3297 1220,3298 1296,3299 1371,3300 1447,3300 1522,3300 1598,3300 1673,3300 1749,3299 1824,3299 1900,3298 1975,3297 2051,3297 2126,3296 2202,3295 2277,3295 2353,3294 2428,3293 2504,3293 2579,3293 2655,3293"/>
                <TextEquiv>
                    <Unicode>Geld riecht, befehligt, verzaubert, der die blonden Frauen der hochmütigen</Unicode>
                </TextEquiv>
            </TextLine>
            <TextEquiv>
                <Unicode>Frau Beate
und
ihr Sohn
28.
box 4/5
# K. — — . .     e e de e e ehese
223
Über einige Romane und Novellen
ag. Die epische
en, zu fesseln,
Materialien, Menschen. Die pspchologischen Methoden, mit denen die
Arbeiter abgerichtet werden, damit sie immer schneller, immer mecha¬
grelles
nischer ihre eine Funktion ausüben, (wir lesen mit Butsetzen davon in
em atlan¬
sozialistischen Blättern), werden angewandt, der Rekord wird sofort
atastrophen,
zur Vorm, keine Rücksicht schont. Die Ingenieure, die ihr Quantum
Inter
8
nicht leisten, werden entlassen. Die Arbeiter werden in ganzen Heeren
Hand¬
zu Leichen, Kranken und Krüppeln. Wenn der Bau pekuniär mög¬
Detail, bie
lich werden soll, so muß er binnen kürzester Frist vollendet werden.
zean ge¬
Darum ist der Aprhmus des Buches: Bile, Tempo, Hetze, Rekord.
e ine
„Diese schlaflose Zeit“ heißt es einmal: das ist bezeichnend, wie die
Mit
Menschen in diesem Buche schlafen. Als Allan aus dem Tunnel auf¬
dieses
fuhr, empfand er, „obschon er schlief, noch lange Zeit jede Störung, der
te.
der Zug auf seiner vierhundert Kilometer langen Reise nach oben be¬
gegnete“ Binnzal heißt es: „Stimmen sprachen und raunten in den
nnel
Straßen, jenes erschreckte Kaunen, das man sonderbarerweise im
tiefsten Schlaf hört.“ Der übermüdete Direktor Harriman schläft noch,
während er in dem Tunnel telephoniert. Während die Arbeiter immer
mehr vermechanisieren, müssen die Leitenden immer vielfältiger werden.
S. Woolf diktiert, ein amerikanischer Uapoleon, zugleich ein Dutzend
Telegramme und Briefe, spricht mit einer Stimme zu seinem Proku¬
risten, schreit mit einer zweiten in das Telephon hinein, ein Auge sieht
auf die Stenographen, ein anderes auf die Uhr. Alle Glieder und Sinne
sind vervielfältigt, alle Bnergien vertausendfacht, —Tempobraust, Tempo.
Eine Fülle von Szenen haftet im Gedächtnis: die Beratung der
Millionäre; die Ratastrophe im Tunnel; der Brand des Verwaltungs¬
gebäudes; die Butlarvung Woolfs und sein Selbstmord; die Begegnung
der beiden Tunnelhälften. Ganz wundervoll ist diese Szene: der Tunnel
stockt durch Streik; Allan reist, nichts tuend, um Frau und Rind
trauernd, in Buropa, da siehr er die Tunnelbauten, sieht sich selbst im
Kinomatographen, und ist mit einem Male ein andrer, fährt zurück, be¬
ginnt wiederum.
Win pos von toten Dingen, von Bisen und Geld, von Tunnel und
Maschinen, von Reklame, Film, von Kursen, Rekorden; aber doch
auch eine Geschichte von Menschen: Allans Frau „Mand“, deren Liebe
er durch den Tunnel verlor, und die nach der großen Ratastrophe von
den rasenden Frauen der Arbeiter gesteinigt wurde; Bthel Lloyd, die
Bitle, Bnergische, Bizarre, die sich den Ingenieur in den Ropf gesetzt
hat und schließlich seine zweite Frau wird; Woolf, der Ungar, der das
Geld riecht, befehligt, verzaubert, der die blonden Frauen der hochmütigen</Unicode>
            </TextEquiv>
        </TextRegion>
    </Page>
</PcGts>
