3248 4256
179 136 372 234 28.
1628 129 2030 227 box 4/5
1272 133 1511 210 Sohn
917 134 1081 211 und
1121 135 1270 211 ihr
446 136 770 215 rau Bea
363 154 1504 258 emsedte d Kand aaan
639 663 1769 751 sozialen Verhältnisse, neue Verwaltung der gesamten Dolkskraft.
1782 666 2923 746 diesen sonst so taktisch ruhigen Mann eine merkwürdige Unsicher¬
699 739 1774 790 Mir scheint, wir stehen so tief unten in einer Welle der Ent¬
1783 734 2919 799 heit gekommen. Fehlgriff folgt auf Fehlgriff, Polemik auf Do¬
640 783 1777 840 wicklung, daß wir heute von neuen Höhen, neuen Idealen noch
1787 759 2931 838 lemik. Der Streit gegen Kotzde und Genossen nahm zuletzt
640 825 1784 876 gar nicht sprechen können. Die praktischen Auseinandersetzungen
1783 822 2922 892 solche Formen an, daß selbst der unparteiische Beobachter un¬
637 871 1767 922 der Lebensordnung müssen erst so gründlich durchgekämpft wer¬
1784 870 2925 920 ruhig werden mußte und voll Sorge darüber, welcher Ton neuer¬
634 912 1776 968 den und zwar von unten auf, daß wir noch Jahrzehnte damit
1786 915 2930 961 dings in Deutschland bei literarischen Fehden auftaucht. Kotzde
637 957 933 1030 zu tun haben.
1350 953 1780 1034 Georg Muschner.
1782 953 2924 1015 scheint unrecht gehabt zu haben; aber warum einen Mann dann
1781 1005 2922 1060 noch nicht nur literarisch, sondern auch in seiner Privatehre tot¬
920 1009 1514 1101 Der Dürerbund=Stempel
1792 1049 2934 1103 schlagen. Dann kam die unnötige Anremplung der Zeitschrift
680 1061 1787 1140 Im Kampf gegen die Schundliteratur ist eine Polemik zwischen
1792 1091 2931 1152 „Zeit im Bild“, wobei Avenarius nach einem Gesetz gegen das
642 1124 1781 1199 dem Dürerbund und dem Börsenverein der deutschen Buchhänd¬
1778 1126 2925 1196 letzte Drämienausschreiben dieses Blattes schrie und sich eine un¬
639 1180 1773 1236 ler ausgebrochen. Der Dürerbund veröffentlicht im Kunstwart,
1781 1174 2930 1238 nötige Abfuhr holte. Und neuerdings nun dieser Versuch, die
637 1216 1773 1276 Heft 14, den Hlan einer Prüfungsstelle für Volksschriften.
1780 1222 2925 1281 kritische Macht in Deutschland an sich zu reißen, ein Literatur¬
635 1270 1768 1323 Hierbei scheint übrigens Avenarins unser „Auslese=Prinzip“
1784 1270 2920 1343 Papsttum zu schaffen und Hublikum, Verleger und Sortimenter
1787 1311 2133 1383 zu bevormunden.
634 1304 1781 1363 übernommen zu haben: es soll eine Auslese der Dolksliteratur
636 1357 1774 1408 geschaffen werden, um das wirklich Gute zu verbreiten. Also
1820 1348 2911 1415 Avenarius hat seinen Kunstwart vor einiger Zeit zum „Kunst¬
1782 1392 2924 1465 und Kulturwart“ umgetauft und nennt seine Zeitschrift ein Blatt
636 1398 1785 1441 was wir vor drei Jahren schon aufgegriffen haben. Avenarius
645 1436 1786 1495 und mit ihm der Dürerbund begehen jedoch dabei einen großen
1778 1439 2928 1512 für „Ausdruckskultur“ Uns will scheinen, in Kunstwartkreisen
638 1484 1780 1552 Fehler. vor dem wir uns wohlweislich gehütet haben: man will
1783 1491 2922 1556 wird allmählich „Ausdruckskultur“ mit „äußerer Kultur“ ver¬
1786 1531 2919 1587 wechselt, und wir möchten die Zuschriften, die wir in diesen
633 1537 1786 1591 alle Schriften, die von dem Dürerbund für gut befunden werden,
642 1575 1778 1630 mit einem Stempel abstempeln, auf dem zu lesen steht: emp¬
1783 1572 2919 1644 Fragen erhalten haben, in den Rat zusammenfassen, daß der
640 1620 1776 1678 pfohlen vom Dürerbund. Das ist eine so unerhörte Bevormun¬
1788 1624 2932 1697 Kunstwart wieder mehr zur stillen „Innenkultur“ zurückkehren
636 1664 1772 1725 dung, nicht nur der Offentlichkeit, des Hublikums, sondern auch
1787 1668 1946 1733 möge.
2804 1668 2917 1741 m.
635 1707 1782 1769 der Verleger und Buchhändler, daß mit Recht dagegen prote¬
2190 1713 2497 1799 Gedenktafel
636 1747 1777 1813 stiert wird. Der Börsenverein der deutschen Buchhändler hat
1785 1764 2918 1857 Am 14. Juni 1857 starb in Neapel der italienische Dichter
642 1798 1778 1849 sich in einer Sitzung mit diesem neuen Plan des Bürerbundes
1907 1838 2199 1905 Graf Leopardi.
634 1834 1790 1912 beschäftigt und veröffentlicht im Börsenblatt eine sehr dentliche
636 1889 1665 1952 Abwehr dieses erneuten Übergriffs der Kunstwartgruppe.
1781 1863 2922 1947 Am 17. Juni 1310 wurde in Detmold der Dichter Ferdinand
671 1931 1781 1980 Wir haben in unserer Avenarius=Lese in und zwischen den
1900 1942 2920 1997 Freiligrath geboren. Außer lprischen Gedichten schrieb
632 1978 1782 2032 Zeilen Avenarins bei aller Anerkennung dentlich zu verstehen
1896 1965 2928 2038 er eine große Anzahl wirkungsvoller Zeitgedichte, von
1897 2027 2575 2098 denen manche noch heute ansprechen.
635 2024 1785 2098 gegeben, daß es so nicht weiter geht. Seit einiger Zeit ist über
1220 2083 2325 2222 Voreinsmileiluungen
1782 2201 2918 2282 Die Würdigungsrede am Hauptmann=Abend hatte ein Mitglied
811 2199 1627 2296 Titerarische Gesellschaft zu Dessau
1788 2259 2912 2323 unserer Gesellschaft, Hoftheaterregisseur Dr. Krüger übernommen,
675 2265 1782 2335 Mit dem 8. Mai ist die literarische Gesellschaft zu Dessau in
1782 2304 2921 2374 für den Uebbel=Abend war der Geh. Hofrat Max Martersteig¬
644 2308 1774 2367 die sommerliche Unterbrechung ihrer wöchentlichen Zusammen¬
1781 2364 2920 2414 Leipzig als Festredner gewonnen worden. Vorlesungen aus den
642 2366 1769 2429 künfte eingetreten. Ihre Sitzungsperiode 1912/13 begann am
1784 2396 2912 2461 Werken der Gefeierten, deklamatorische, gesangliche und musika¬
640 2406 1770 2465 3. Oktober 1912 und geb den Mitgliedern reiche Anregung durch
1778 2434 2919 2495 lische Darbietungen ergänzten die festlichen Abende zu stark
1783 2472 2928 2539 wirkenden Einheitlichkeit; diese war um so sicherer garantiert,
634 2489 1773 2559 Vereinigung behandelt wurden, hatten zu selbständiger Bearbei¬
1777 2525 2930 2572 da durchgehends die ersten Kräfte des Herzogl. Hofschauspiels
636 2537 1764 2604 tung übernommen: Dr. Ascher „Ist Nietzsche ein Philosoph?“
1783 2572 2925 2628 und der Hofoper mit ihrer Kunst willig unseren Absichten dienten.
637 2580 1778 2642 Dr. Seligkowitz=Cöthen „Religion und Wissenschaft nach H.Spencer“;
1857 2618 2914 2702 W. Schulze, Schriftführer der Lit. Gesellschaft zu Dessau.
643 2633 1776 2679 Dr. Krüger „Politische Dichtungen“; Chefredakteur Liebisch „Otto
636 2676 1772 2724 Ludwig“; Dr. Trenkel „O. E. Hartleben“; Dr. Ascher „Max
1866 2681 2845 2772 Mitteilungen des Vereins Die Lese E. V.
636 2713 1516 2783 Steiner"; Professor Rieß „Künstlerische Kultur“.
2192 2748 2502 2819 Einladung zur
670 2742 1777 2820 Die Vorlesungen, die in früheren Jahren planlos und wie
1857 2790 2852 2863 3. Generalversammlung des Vereins die Lese E. V.
642 2797 1775 2872 der Zufall sie gab, geschahen, erfuhren durch Dr. Trenkel eine
1783 2834 2911 2923 auf Samstag, den 28. Juni, Nachmittags 5 Uhr, in der Redak¬
647 2851 1783 2910 Organisation, die eine erhebliche Wertsteigerung der Dorlesungs¬
1788 2896 2488 2967 tion der Lese, München, Wotanstr. 42.
644 2892 1780 2944 abende zur Folge hatte. Dr. Trenkel selbst las in mehreren
647 2942 1777 2994 Sitzungen aus Ralph Emersons „Vertreter der Menschheit" und
2193 2930 2497 2997 Tagesordnung:
642 2983 1778 3034 danach aus M. Hardens „Köpfe“. Außerdem wurden vorge¬
1856 2974 2918 3052 1. Bericht über die Tätigkeit des Vereins im Jahre 1012.
1858 3025 2164 3086 2. Neuwahlen.
635 3024 1777 3084 lesen Cäsar Flaischlens „Von Schiller und uns“, aus Alfred
1857 3046 2917 3135 3. Anträge und Verschiedenes. (Einlauftermin für Anträge
642 3050 1772 3128 Reißners „Nikolaus de Vermulz, ein vergeßner Vorläufer
1911 3113 2291 3178 bis zum 25. Juni.)
637 3119 1773 3184 Schillers“ aus Arno Holz „Revolution der Lyr'“ und einige
641 3155 1735 3215 andere bemerkenswerte Erscheinungen der deutschen Literatur.
1829 3134 2917 3215 zur Erläuterung: Die Mitgliederversammlung besteht nach
681 3199 1781 3246 Am stärksten und weittragendsten äußerte sich die Tätigkeit
1775 3193 2911 3274 § 13 der Satzung aus den ordentlichen Mitgliedern (vergl. § H).
638 3241 1782 3289 der Lit. Gesellschaft durch die Veranstaltung zweier öffentlicher
1896 3246 2439 3310 Um zahlreichen Besuch bittet
2569 3264 2875 3348 Der Dorstand:
644 3282 1777 3355 Buldigungs und Erinnerungsabende, der Gerhart Hauptmann¬
1815 3280 2383 3347 München, den 12. Juni 1915.
644 3337 1785 3396 Feier am 16. Nov. 1912 und der Hebbel=Feier am 29. März 1915.
2572 3331 2879 3411 gez. Muschner.
1203 3376 2341 3452 Seeesere
1827 3433 2915 3498 Mitteilung für die Zeitungen, die gelegentlich Nach¬
679 3429 1775 3505 Mitteilung der Schriftleitung: Bei sämtlichen Ein¬
637 3496 1779 3557 sendungen und Anfragen ist Rückporto beizufügen. Dor Ein¬
1784 3496 2318 3564 drucke aus der Lese nehmen.
1833 3548 2921 3602 Aus dieser Nummer darf gegen Quellenangabe und Einsen¬
640 3551 1782 3604 sendung umfangreicher Manuskripte ist Anfrage erwünscht. Für
1782 3587 2544 3652 dung eines Beleges nachgedruckt werden:
632 3592 1779 3659 Prüfung angebotener Beiträge müssen wir uns eine Frist von
1828 3610 2924 3700 Über Emil Gött vom Herausgeber. — Bücherbriefe. — Der
635 3628 1782 3696 mindestens einem Monat vorbehalten. Nur für eingeforderte
1793 3677 2457 3738 Dürerbund=Stempel. — Gedenktafel.
636 3681 1780 3734 Manuskripte und Bücher kann Verantwortung übernommen werden.
1827 3693 2926 3771 Wegen der Nachdruckserlaubnis für andere Artikel ist Anfrage
641 3725 1780 3786 Alle Sendungen für die Schriftleitung sind zu richten an den
640 3762 1784 3818 Iserausgeber: Georg Muschner, München 38, Wotanstraße 42.
1778 3751 2411 3819 bei der Schriftleitung erforderlich.
652 3810 2929 3879 Veranvoertlichfür die Scheifteltung in deuschtan der derauntgeber Georg Auschner, Mänchen 35, Wodenstrabe 4. Berantworliherschrititer fir
2298 3876 2793 3933 H., Stuttgart, Ludwigstraße 26.
768 3871 2224 3938 Österreich=Angarn: Josef Bierwald in Wien, Albertgasse 8; — Verlag: Die Lese: Verlag . G
1568 3906 2046 3972 ruck: Zung 4 Sohn, Stuttgart.
