3248 4256
503 133 1495 195 au Beate und ihr Sohn
179 122 1490 241 28. Frednenetecteteeeenanen
232 484 1272 571 menschlichen Leben sei. Diese überragende Stellung des
234 564 1286 626 erotischen Triebes ist nicht Wirklichkeit und besteht nur in
242 605 1283 673 der Einbildung des Dichters. Der große Zug des Lebens
233 657 1276 729 weist eine ganze Reihe starker Motive auf, unter denen die
244 714 1284 777 Erotik eine wichtige, aber nicht die allein beherrschende
241 769 1286 814 Stellung einnimmt. Schnitzler führt uns in einen Kreis
241 803 1280 881 von Menschen, die fast ausschließlich ein Triebleben
247 857 1276 916 führen. Freilich, die Szene, in die er die Geschehnisse
232 905 1281 964 hineinstellt, wirkt suggestiv und kommt dem Dichter zustatten.
229 961 1280 1012 Die Handlung spielt im Hochsommer an einem ober¬
234 1011 1286 1073 österreichischen See. Die Schwüle der Sommerabende, das
234 1051 1283 1122 laue Wasser, das raffinierte Nichtstun der Ferialzeit, alles
240 1114 1289 1168 vereinigt sich, um in der Tat die triebhaften Instinkte zu
244 1158 1291 1231 #ehöhen und die Katastrophe, deren Zeugen wic sind, gluub¬
241 1210 1289 1262 hafter zu machen. Frau Beate, die noch immer jugendliche
243 1257 1286 1310 und begehrenswerte Witwe eines gefeierten Schauspielers,
242 1309 1282 1359 verbringt mit ihrem Sohne Hugo, der an der gefährlichen
245 1359 1288 1419 Schwelle vom Knaben= zum Jünglingsalter steht, den Sommer
249 1407 1288 1458 in ihrer Villa em See. Keusch wie ein Mädchen hat sie
247 1450 1291 1521 ihre Witwenjahre verlebt, aber in dieser unheimlich schwülen
246 1510 1300 1568 Atmosphäre ereilt sie das Schicksal. Ihr Sohn wird die Beute
248 1562 1285 1624 einer Frau, die halb Courtisane, halb Künstlerin ist, sie selbst
246 1621 1291 1674 aber vergißt sich in einer dieser lockenden, gefährlichen, ver¬
247 1664 1291 1722 führerischen Sommernächte mit einem jungen Burschen,
252 1707 1301 1777 einem Freund ihres Sohnes. Kaum ist das Unfaßbare ge¬
243 1758 1294 1813 schehen, wird sie sich der Ungeheuerlichkeit ihrer Verirrung
251 1815 1295 1872 bewußt. Durch Zufall erhorcht sie ein Gespräch ihres knaben¬
248 1855 1292 1925 haften Liebhabers mit einem jugendlichen Zyniker, hört, wie
243 1905 1298 1960 ihr Geheimnis preisgegeben, von ihrem Fall in schmählichen
241 1959 1294 2013 und gemeinen Worten gesprochen wird, die sie nie vernom¬
247 2022 1287 2070 men hat, die sie kaum versteht. Tief gedemütigt, schwer
253 2056 1288 2118 verletzt in dem, was ihr von ihrer Ehre geblieben,
253 2095 1302 2182 sieht sie keinen anderen Ausweg aus der entsetzlichen
240 2155 1294 2225 Lage, als durch einen freiwilligen Tod wenigstens die
249 2194 1296 2251 Liebe und Achtung ihres Sohnes zu retten. Aber
249 2243 1296 2318 auch diese Genugtuung soll ihr nicht werden. In dem Kreise
253 2305 1302 2359 frivoler Lüstlinge, in den ihr Sohn durch seine Liebelei
254 2354 1298 2422 geraten ist, hat man das Geheimnis der Mutter längst
251 2401 1301 2481 durchschaut und gibt sich gar keine Mühe, die rohen Be¬
252 2453 1301 2512 merkungen darüber vor dem Sohne zu unterdrücken. Zu
255 2500 1303 2577 Tode getroffen ist nun auch der Jüngling, und in einer
248 2563 1303 2614 der unheimlichen Zaubernächte gehen Mutter und Sohn in
261 2607 1293 2669 den Tod; der warme See nimmt sie in seinen Schoß auf
255 2650 1298 2717 Man hat nicht den Trost, daß der Dichter mit diesem
261 2706 1300 2762 Schicksal nur ein Produkt seiner Laune gestaltet hätte, au
257 2753 1297 2826 dem Leser lastet der Eindruck, daß die traurige Geschicht¬
266 2799 1297 2881 in der Tat sich so begeben haben kann. Aber als Einzelfall
260 2861 1296 2929 nicht als typisches Schicksal. So schwach ist denn doch nich
258 2904 1287 2969 die Widerstandskraft der Mütter aus den Kreisen de
262 2953 1290 3020 bürgerlichen Gesellschaft, daß sie so ohneweiters dem Hexen
262 3003 1296 3059 zauber einer Sommernacht erlägen und alle Empfindunge
265 3055 1290 3133 der Scham so weit überwinden würden, um mit einen
261 3101 1298 3159 Kameraden des eigenen Sohnes sich einzulassen. Insofer:
262 3143 1295 3220 also der Dichter uns Typisches und allgemein Gültiges vor
276 3201 1302 3286 führen soll, ist das Werk verfehlt. Läßt man aber die Be
277 3401 1314 3469 rechtigung gelten, auch einen merkwürdigen Einzelfall
272 3461 1307 3524 künstlerisch zu gestalten, dann hat Schnitzler allerdings seine
260 3514 1304 3568 ganze reife Kunst aufgeboten, um das Unglaubliche glaub¬
267 3561 1314 3628 haft, ja scheinbar als ein notwendiges Verhängnis erscheinen
254 3613 487 3699 zu lassen.
1236 3615 1334 3707 +
1557 116 2023 211 box 4/5
2263 1238 2319 1338 —
1816 1277 2944 1432 Ausschnitt auser Allgemeine Zeitung, Wien
1834 1457 1994 1508 vom:
2379 1457 2447 1542 1
1702 1521 2925 1588 Artur Schnipher Frau Beate und ihr
1823 1584 2729 1628 Söhn. Novelle. — S. Fischer, Verlag, Berlin.
1885 1632 2910 1688 In seiner Erzählung „Frau Beate und ihr Sohn“ ge¬
1776 1667 2908 1717 staltet Schnitzler aus dem weichen, verfeinerten Wiener Milieu,
1786 1719 2906 1775 aus dem er alle Konflikte seiner Werke holt. ein Schicksal, das,
1785 1762 2912 1819 ein Urtypus menschlicher Konflikte, in einer reinen Tragik
1777 1799 2919 1875 emporwächst Er zeichnet eine Mutter und ihren ermachsenen
1780 1836 2915 1916 Sohn. Frau Beate lebt mit ihrem immer noch reichen und
1787 1885 2915 1942 jungen Blut in Witwentreue dem Andenken ihres Mannes.
1780 1934 2910 1973 Dieses Gesühl umspannt auch ihren Sohn, als das nur
1781 1975 2912 2037 der Mutter zugewandte und zugehörige Kind, bis sie eines
1786 2019 2917 2083 Tages sieht, daß er seinen eigenen Weg zum Abenteuer
1778 2054 2920 2134 und zu den Frauen zu gehen beginnt. Anfangs sucht sie
1782 2110 2893 2154 den Sohn zu halten, aber das Erstaunen über die
1773 2146 2915 2195 tiefe, ihr unzugängliche Wandlung in seiner Seele bringt
1785 2194 2918 2262 auch in ihr Leben und Blut eine Veränderung. Auch in ihr,
1776 2236 2921 2295 der Mutter, erwacht die Jugend, sie unterliegt, sie gibt sich
1786 2273 2910 2324 einem Freunde ihres Sohnes hin. Die Klarheit und Wach¬
1775 2315 2919 2367 heit ihrer Natur schwindet, sie überläßt den Sohn seinen Ge¬
1784 2366 2911 2423 lüsten und sich den ihren. Ihr Leben trübt sich bis zur
1778 2403 2912 2466 Rettungslosigkeit, als sie ihren jungen Liebhaber mit seinem
1784 2459 2907 2516 Siege renommieren hört. Und nun erfährt auch der Sohn auf
1786 2499 2907 2571 üble Weise, was seine Mutter eibt. Er ist fassungslos, er
1779 2536 2905 2585 kann es nicht verstehen, er fühli sich ganz nur als das Kind
1786 2585 2909 2647 und die Frau nur als die Mutter, er vermag das Leben nicht
1780 2632 2905 2684 mehr zu ertragen. Nach einer unheimlichen, tief verirrten
1778 2672 2920 2733 Stunde auf dem nächtlichen See nimmt ihn Beate mit sich in
1776 2704 2909 2757 den Tod. Die Liebe zum gleichaltrigen Freunde des Sohnes
1778 2758 2915 2805 ist ein Inzest; das, und nicht ein Konflikt bloß bürgerlicher
1780 2803 2913 2884 Art, ist der Sinn der Novelle, die Schnitzlas tiefe Seelen¬
1764 2831 2578 2919 Langlyse auf immer kühneren Wegen zeigt. □
1752 2876 1846 2964 4
