<?xml version="1.0" encoding="UTF-8" standalone="yes"?>
<PcGts xmlns="http://schema.primaresearch.org/PAGE/gts/pagecontent/2013-07-15" xmlns:xsi="http://www.w3.org/2001/XMLSchema-instance" xsi:schemaLocation="http://schema.primaresearch.org/PAGE/gts/pagecontent/2013-07-15 http://schema.primaresearch.org/PAGE/gts/pagecontent/2013-07-15/pagecontent.xsd">
    <Metadata>
        <Creator>prov=University of Rostock/Institute of Mathematics/CITlab/Gundram Leifert/gundram.leifert@uni-rostock.de:name=ONB_Newseye_GT_M1+(htr_id=10810)::::v=2.4.2
prov=University of Rostock/Institute of Mathematics/CITlab/Tobias Gruening/tobias.gruening@uni-rostock.de:name=de.uros.citlab.module.baseline2polygon.B2PSeamMultiOriented:v=2.4.2
prov=University of Rostock/Institute of Mathematics/CITlab/Tobias Gruening/tobias.gruening@uni-rostock.de:name=/mnt/transkribus/LA/DEA/URO/LA_news_onb_att.pb:de.uros.citlab.segmentation.CITlab_LA_ML:v=2.4.2
Transkribus</Creator>
        <Created>2019-10-07T10:24:54.389+02:00</Created>
        <LastChange>2019-10-07T13:10:36.022+02:00</LastChange>
        <TranskribusMetadata docId="223893" pageId="9491519" pageNr="11" tsid="16373131" status="IN_PROGRESS" userId="40391" imgUrl="https://files.transkribus.eu/Get?id=LEKCLOQKHNFFPFKHHIVHOXYQ&amp;fileType=view" xmlUrl="https://files.transkribus.eu/Get?id=HHQDJVIKUGSOJHRVMKGAXQDP" imageId="6181807"/>
    </Metadata>
    <Page imageFilename="223893_0011.jpeg" imageWidth="3296" imageHeight="4256">
        <ReadingOrder>
            <OrderedGroup id="ro_1711445542086" caption="Regions reading order">
                <RegionRefIndexed index="0" regionRef="r1"/>
            </OrderedGroup>
        </ReadingOrder>
        <TextRegion orientation="0.0" id="r1" custom="readingOrder {index:0;}">
            <Coords points="87,160 87,3630 2879,3630 2879,160"/>
            <TextLine id="r1l1" custom="readingOrder {index:0;}">
                <Coords points="1628,193 1671,210 1792,201 1839,218 1873,203 1894,220 1945,193 1998,209 2029,200 2028,122 1854,116 1820,146 1768,130 1728,139 1696,122 1627,144"/>
                <Baseline points="1641,195 1667,193 1694,192 1721,191 1747,190 1774,190 1801,190 1828,190 1854,190 1881,190 1908,189 1934,188 1961,188 1988,186 2015,182"/>
                <TextEquiv>
                    <Unicode>box 4/5</Unicode>
                </TextEquiv>
            </TextLine>
            <TextLine id="r1l2" custom="readingOrder {index:1;}">
                <Coords points="197,219 1509,201 1508,117 1263,156 1156,119 552,151 448,119 376,160 197,120"/>
                <Baseline points="212,198 276,196 340,195 404,193 468,192 532,192 596,191 661,190 725,190 789,190 853,189 917,189 981,189 1045,189 1110,189 1174,189 1238,189 1302,190 1366,190 1430,190 1495,190"/>
                <TextEquiv>
                    <Unicode>28. Frau Beate und ihr Sohn</Unicode>
                </TextEquiv>
            </TextLine>
            <TextLine id="r1l3" custom="readingOrder {index:2;}">
                <Coords points="378,246 1311,245 1513,225 1513,187 378,188"/>
                <Baseline points="393,211 448,212 503,213 559,213 614,214 669,214 725,214 780,214 835,214 891,214 946,214 1001,214 1057,214 1112,214 1167,214 1223,214 1278,214 1333,214 1389,214 1444,214 1500,215"/>
                <TextEquiv>
                    <Unicode>ann</Unicode>
                </TextEquiv>
            </TextLine>
            <TextLine id="r1l4" custom="readingOrder {index:3;}">
                <Coords points="75,651 104,646 122,628 177,629 197,647 266,633 267,561 215,552 189,554 166,568 146,551 140,556 126,551 111,553 97,567 76,564"/>
                <Baseline points="89,620 116,619 143,620 170,620 197,621 224,621 252,621"/>
                <TextEquiv>
                    <Unicode>bewahr.)</Unicode>
                </TextEquiv>
            </TextLine>
            <TextLine id="r1l5" custom="readingOrder {index:4;}">
                <Coords points="116,694 171,688 228,711 339,696 375,713 434,698 491,716 494,643 466,636 410,654 382,632 225,645 119,628"/>
                <Baseline points="130,674 156,677 183,679 210,681 237,683 263,684 290,685 317,687 344,688 370,689 397,690 424,691 451,691 478,693"/>
                <TextEquiv>
                    <Unicode>Presse, Wien</Unicode>
                </TextEquiv>
            </TextLine>
            <TextLine id="r1l6" custom="readingOrder {index:5;}">
                <Coords points="1685,923 2867,909 2814,857 1685,833"/>
                <Baseline points="1699,910 1756,908 1814,906 1871,905 1929,904 1987,903 2044,902 2102,902 2160,902 2217,902 2275,902 2333,903 2390,903 2448,903 2506,903 2563,903 2621,903 2679,902 2736,902 2794,901 2852,899"/>
                <TextEquiv>
                    <Unicode>geht sie in den Tod, nun wieder ganz Mutter, ihr Kind</Unicode>
                </TextEquiv>
            </TextLine>
            <TextLine id="r1l7" custom="readingOrder {index:6;}">
                <Coords points="520,933 814,902 1623,919 1681,867 520,873"/>
                <Baseline points="535,913 591,911 648,910 704,909 761,908 818,908 874,907 931,907 987,907 1044,907 1101,907 1157,908 1214,908 1270,909 1327,909 1384,909 1440,910 1497,910 1553,910 1610,910 1667,910"/>
                <TextEquiv>
                    <Unicode>sie mit einem auflas, der niemals wieder pflücken wird:</Unicode>
                </TextEquiv>
            </TextLine>
            <TextLine id="r1l8" custom="readingOrder {index:7;}">
                <Coords points="88,962 102,962 119,978 128,972 139,982 202,985 254,944 291,955 294,894 250,898 216,881 204,887 196,880 92,875"/>
                <Baseline points="104,949 132,948 161,949 190,951 218,952 247,954 276,957"/>
                <TextEquiv>
                    <Unicode>htt.</Unicode>
                </TextEquiv>
            </TextLine>
            <TextLine id="r1l9" custom="readingOrder {index:8;}">
                <Coords points="1694,966 2867,970 2867,918 1694,923"/>
                <Baseline points="1710,956 1767,957 1824,958 1881,958 1938,958 1995,958 2052,958 2109,958 2166,958 2223,957 2281,957 2338,956 2395,956 2452,955 2509,955 2566,954 2623,954 2680,954 2737,954 2794,954 2852,954"/>
                <TextEquiv>
                    <Unicode>bergend, mit sich nehmend, auf Armen tragend, im</Unicode>
                </TextEquiv>
            </TextLine>
            <TextLine id="r1l10" custom="readingOrder {index:9;}">
                <Coords points="525,963 1577,978 1675,917 525,932"/>
                <Baseline points="541,961 599,959 658,959 717,958 776,957 835,957 894,957 953,957 1012,957 1071,957 1129,957 1188,957 1247,957 1306,957 1365,957 1424,957 1483,956 1542,956 1601,956 1660,955"/>
                <TextEquiv>
                    <Unicode>und hat nicht Tod noch Leben je ganz begriffen.“</Unicode>
                </TextEquiv>
            </TextLine>
            <TextLine id="r1l11" custom="readingOrder {index:10;}">
                <Coords points="1700,1028 1876,1002 2373,1028 2431,994 2474,1029 2685,1017 2685,968 2547,945 1700,961"/>
                <Baseline points="1716,997 1763,999 1811,999 1859,1001 1906,1001 1954,1002 2002,1002 2049,1002 2097,1002 2145,1002 2193,1002 2240,1002 2288,1001 2336,1001 2383,1001 2431,1001 2479,1001 2526,1001 2574,1001 2622,1001 2670,1001"/>
                <TextEquiv>
                    <Unicode>Sterben vor der Gefahr des Lebens beschützend</Unicode>
                </TextEquiv>
            </TextLine>
            <TextLine id="r1l12" custom="readingOrder {index:11;}">
                <Coords points="528,1014 1666,1020 1695,948 1580,980 528,965"/>
                <Baseline points="544,1007 600,1006 657,1004 714,1003 771,1002 828,1001 884,1001 941,1000 998,1000 1055,1000 1112,1000 1168,1000 1225,1001 1282,1001 1339,1002 1396,1002 1452,1003 1509,1004 1566,1004 1623,1005 1680,1006"/>
                <TextEquiv>
                    <Unicode>Es ist eine echt Schnitzlersche Betrachtung, die sich</Unicode>
                </TextEquiv>
            </TextLine>
            <TextLine id="r1l13" custom="readingOrder {index:12;}">
                <Coords points="523,1054 1698,1061 1698,1011 1563,1003 523,1008"/>
                <Baseline points="537,1055 594,1053 651,1052 708,1051 766,1050 823,1050 880,1050 938,1050 995,1051 1052,1051 1110,1051 1167,1052 1224,1052 1281,1053 1339,1053 1396,1053 1453,1053 1511,1052 1568,1052 1625,1050 1683,1049"/>
                <TextEquiv>
                    <Unicode>uns hier erschließt, wie es auch durchaus der Atmosphäre</Unicode>
                </TextEquiv>
            </TextLine>
            <TextLine id="r1l14" custom="readingOrder {index:13;}">
                <Coords points="89,1076 115,1082 144,1060 179,1078 231,1073 251,1085 274,1065 364,1086 384,1072 430,1076 431,1007 405,1009 388,994 374,1006 322,1005 247,983 172,991 143,979 122,990 91,978"/>
                <Baseline points="104,1050 130,1051 156,1051 182,1052 208,1052 234,1053 260,1053 286,1054 312,1054 338,1054 364,1055 390,1055 416,1055"/>
                <TextEquiv>
                    <Unicode>Schnitzlers.</Unicode>
                </TextEquiv>
            </TextLine>
            <TextLine id="r1l15" custom="readingOrder {index:14;}">
                <Coords points="1760,1064 2849,1086 2869,1000 1759,1029"/>
                <Baseline points="1775,1061 1831,1063 1888,1065 1945,1066 2002,1067 2058,1067 2115,1067 2172,1067 2229,1067 2286,1066 2342,1066 2399,1065 2456,1065 2513,1064 2570,1063 2626,1063 2683,1062 2740,1062 2797,1063 2854,1063"/>
                <TextEquiv>
                    <Unicode>Und wieder muß man der Gestalt des Dichters</Unicode>
                </TextEquiv>
            </TextLine>
            <TextLine id="r1l16" custom="readingOrder {index:15;}">
                <Coords points="518,1103 1685,1105 1650,1056 518,1060"/>
                <Baseline points="531,1103 588,1102 645,1101 702,1101 759,1100 816,1100 873,1099 930,1099 987,1099 1044,1099 1101,1099 1158,1100 1215,1100 1272,1100 1329,1100 1386,1100 1443,1100 1500,1101 1557,1101 1614,1100 1671,1100"/>
                <TextEquiv>
                    <Unicode>früherer Gestalten des Dichters angemessen sch#it, daß</Unicode>
                </TextEquiv>
            </TextLine>
            <TextLine id="r1l17" custom="readingOrder {index:16;}">
                <Coords points="1696,1127 2863,1120 2817,1066 2644,1057 1696,1063"/>
                <Baseline points="1712,1113 1768,1113 1825,1113 1882,1113 1939,1113 1996,1113 2053,1113 2110,1113 2167,1113 2224,1112 2281,1112 2337,1112 2394,1112 2451,1112 2508,1111 2565,1111 2622,1111 2679,1110 2736,1110 2793,1110 2850,1110"/>
                <TextEquiv>
                    <Unicode>Aschenbach aus dem neuen Buche von Thomas Mann</Unicode>
                </TextEquiv>
            </TextLine>
            <TextLine id="r1l18" custom="readingOrder {index:17;}">
                <Coords points="97,1121 245,1123 271,1106 323,1135 424,1123 453,1146 510,1140 510,1059 444,1054 418,1077 369,1062 331,1077 273,1065 253,1083 230,1071 204,1083 149,1060 126,1083 97,1083"/>
                <Baseline points="111,1115 136,1114 162,1114 187,1114 213,1115 239,1115 264,1115 290,1115 315,1116 341,1116 367,1116 392,1115 418,1115 443,1114 469,1113 495,1111"/>
                <TextEquiv>
                    <Unicode>Novelle von Arthur</Unicode>
                </TextEquiv>
            </TextLine>
            <TextLine id="r1l19" custom="readingOrder {index:18;}">
                <Coords points="513,1159 1689,1143 1689,1111 1570,1097 513,1104"/>
                <Baseline points="527,1147 584,1147 641,1146 699,1146 756,1146 813,1147 871,1147 928,1147 985,1147 1043,1147 1100,1147 1157,1147 1215,1148 1272,1148 1329,1148 1387,1148 1444,1148 1501,1147 1559,1147 1616,1147 1674,1147"/>
                <TextEquiv>
                    <Unicode>Beate, aus den Schrecknissen eines so nahe reffenden</Unicode>
                </TextEquiv>
            </TextLine>
            <TextLine id="r1l20" custom="readingOrder {index:19;}">
                <Coords points="91,1172 120,1172 135,1160 169,1171 221,1168 233,1179 256,1168 273,1176 293,1164 320,1170 319,1118 267,1110 253,1124 169,1116 143,1125 91,1126"/>
                <Baseline points="107,1157 135,1155 163,1154 191,1154 220,1155 248,1155 276,1154 305,1153"/>
                <TextEquiv>
                    <Unicode>g. Berlin.)</Unicode>
                </TextEquiv>
            </TextLine>
            <TextLine id="r1l21" custom="readingOrder {index:20;}">
                <Coords points="1696,1163 2678,1175 2834,1168 2866,1116 1696,1125"/>
                <Baseline points="1711,1165 1768,1164 1825,1163 1882,1162 1939,1161 1996,1161 2053,1160 2110,1159 2167,1159 2224,1158 2281,1158 2338,1157 2395,1157 2452,1157 2509,1157 2566,1156 2623,1156 2680,1156 2737,1156 2794,1156 2852,1156"/>
                <TextEquiv>
                    <Unicode>gedenken, der stirbt, während der Knabe Tadzio vor seinen</Unicode>
                </TextEquiv>
            </TextLine>
            <TextLine id="r1l22" custom="readingOrder {index:21;}">
                <Coords points="515,1211 1685,1210 1685,1152 515,1159"/>
                <Baseline points="529,1192 586,1192 643,1192 700,1192 757,1192 814,1192 871,1193 929,1193 986,1193 1043,1193 1100,1193 1157,1194 1214,1194 1271,1194 1329,1194 1386,1194 1443,1194 1500,1193 1557,1193 1614,1193 1672,1192"/>
                <TextEquiv>
                    <Unicode>Todesfalles ins Leben zurücktaumelnd, von ihrem schlim¬</Unicode>
                </TextEquiv>
            </TextLine>
            <TextLine id="r1l23" custom="readingOrder {index:22;}">
                <Coords points="1695,1211 2758,1219 2868,1210 2867,1158 1694,1174"/>
                <Baseline points="1710,1210 1767,1209 1824,1209 1881,1208 1938,1208 1995,1207 2052,1207 2109,1207 2166,1206 2223,1206 2281,1206 2338,1206 2395,1205 2452,1205 2509,1205 2566,1204 2623,1204 2680,1203 2737,1203 2794,1202 2852,1202"/>
                <TextEquiv>
                    <Unicode>Augen in die reinigende Flut der Lagune schreitet, hinaus¬</Unicode>
                </TextEquiv>
            </TextLine>
            <TextLine id="r1l24" custom="readingOrder {index:23;}">
                <Coords points="92,1227 152,1204 225,1229 328,1214 464,1228 505,1219 504,1138 432,1144 398,1170 311,1154 233,1180 152,1160 91,1166"/>
                <Baseline points="105,1213 130,1212 156,1212 182,1211 207,1211 233,1211 259,1211 285,1211 310,1211 336,1211 362,1211 388,1210 413,1210 439,1210 465,1210 491,1209"/>
                <TextEquiv>
                    <Unicode>rs erinnert in mehr</Unicode>
                </TextEquiv>
            </TextLine>
            <TextLine id="r1l25" custom="readingOrder {index:24;}">
                <Coords points="511,1249 1684,1246 1684,1208 1557,1194 511,1203"/>
                <Baseline points="525,1242 582,1240 639,1240 696,1239 754,1239 811,1239 868,1239 926,1239 983,1240 1040,1240 1098,1241 1155,1241 1212,1242 1269,1242 1327,1243 1384,1243 1441,1243 1499,1242 1556,1241 1613,1240 1671,1239"/>
                <TextEquiv>
                    <Unicode>men Schicksale verstrickt wird, das zuerst die Maske</Unicode>
                </TextEquiv>
            </TextLine>
            <TextLine id="r1l26" custom="readingOrder {index:25;}">
                <Coords points="1691,1265 2861,1252 2821,1209 1691,1216"/>
                <Baseline points="1706,1256 1763,1255 1820,1255 1877,1254 1934,1254 1991,1253 2048,1253 2105,1253 2162,1253 2219,1252 2277,1252 2334,1252 2391,1252 2448,1252 2505,1252 2562,1252 2619,1252 2676,1252 2733,1251 2790,1251 2848,1251"/>
                <TextEquiv>
                    <Unicode>deutend, voranschwebend ins Verheißungsvoll=Ungeheure.</Unicode>
                </TextEquiv>
            </TextLine>
            <TextLine id="r1l27" custom="readingOrder {index:26;}">
                <Coords points="107,1270 173,1267 208,1284 260,1266 344,1265 390,1282 436,1264 509,1269 508,1217 447,1229 323,1210 300,1225 225,1226 167,1220 150,1203 133,1221 107,1221"/>
                <Baseline points="122,1263 148,1264 175,1264 201,1265 228,1265 254,1265 281,1265 308,1265 334,1264 361,1264 387,1263 414,1263 440,1262 467,1261 494,1260"/>
                <TextEquiv>
                    <Unicode>Buch von Thomas</Unicode>
                </TextEquiv>
            </TextLine>
            <TextLine id="r1l28" custom="readingOrder {index:27;}">
                <Coords points="522,1301 1599,1305 1689,1299 1689,1238 522,1249"/>
                <Baseline points="537,1292 593,1290 650,1290 707,1289 764,1288 821,1288 878,1288 934,1289 991,1289 1048,1290 1105,1290 1162,1291 1219,1291 1276,1292 1332,1292 1389,1292 1446,1292 1503,1292 1560,1292 1617,1291 1674,1290"/>
                <TextEquiv>
                    <Unicode>neuer Jugend und Liebe trägt und sich dabei selbst zum</Unicode>
                </TextEquiv>
            </TextLine>
            <TextLine id="r1l29" custom="readingOrder {index:28;}">
                <Coords points="1694,1312 2867,1301 2843,1249 1693,1266"/>
                <Baseline points="1709,1307 1766,1306 1823,1306 1880,1305 1937,1304 1994,1304 2051,1303 2109,1303 2166,1302 2223,1302 2280,1301 2337,1301 2394,1300 2451,1299 2509,1299 2566,1298 2623,1297 2680,1296 2737,1295 2794,1293 2852,1292"/>
                <TextEquiv>
                    <Unicode>Hier wie dort gibt es Schuld zu fühnen, und diese Schuld</Unicode>
                </TextEquiv>
            </TextLine>
            <TextLine id="r1l30" custom="readingOrder {index:29;}">
                <Coords points="107,1325 171,1324 185,1310 214,1327 335,1311 387,1340 436,1313 512,1319 511,1269 260,1266 208,1284 182,1269 107,1270"/>
                <Baseline points="122,1312 148,1312 175,1312 202,1312 228,1312 255,1311 282,1311 309,1310 335,1310 362,1310 389,1310 415,1309 442,1309 469,1310 496,1310"/>
                <TextEquiv>
                    <Unicode>sich gleich ihm eine</Unicode>
                </TextEquiv>
            </TextLine>
            <TextLine id="r1l31" custom="readingOrder {index:30;}">
                <Coords points="523,1349 1543,1352 1687,1340 1687,1299 523,1303"/>
                <Baseline points="537,1339 593,1337 650,1336 707,1335 764,1335 821,1334 878,1334 934,1334 991,1334 1048,1334 1105,1335 1162,1335 1219,1335 1276,1336 1332,1336 1389,1336 1446,1336 1503,1336 1560,1335 1617,1335 1674,1334"/>
                <TextEquiv>
                    <Unicode>zweitenmal als Tod und Verderben entlarvt. Ihre aus¬</Unicode>
                </TextEquiv>
            </TextLine>
            <TextLine id="r1l32" custom="readingOrder {index:31;}">
                <Coords points="1688,1359 2740,1361 2835,1354 2864,1302 1688,1313"/>
                <Baseline points="1703,1350 1760,1351 1817,1351 1875,1352 1932,1352 1990,1351 2047,1351 2104,1350 2162,1350 2219,1349 2277,1348 2334,1347 2391,1346 2449,1346 2506,1345 2564,1344 2621,1344 2678,1343 2736,1343 2793,1343 2851,1343"/>
                <TextEquiv>
                    <Unicode>bedrückt den Leser, macht ihn unfrei, daß er nicht immer</Unicode>
                </TextEquiv>
            </TextLine>
            <TextLine id="r1l33" custom="readingOrder {index:32;}">
                <Coords points="80,1360 361,1372 401,1351 430,1366 482,1363 508,1360 508,1313 80,1320"/>
                <Baseline points="95,1357 121,1356 148,1356 174,1356 201,1356 227,1357 254,1358 280,1358 307,1359 333,1359 360,1359 386,1359 413,1358 439,1356 466,1354 493,1350"/>
                <TextEquiv>
                    <Unicode>mender Prosa, nur</Unicode>
                </TextEquiv>
            </TextLine>
            <TextLine id="r1l34" custom="readingOrder {index:33;}">
                <Coords points="519,1393 1623,1399 1681,1390 1681,1347 519,1349"/>
                <Baseline points="535,1387 591,1385 648,1384 704,1383 761,1383 817,1382 874,1382 930,1382 987,1382 1043,1382 1100,1383 1157,1383 1213,1383 1270,1384 1326,1384 1383,1384 1439,1384 1496,1384 1552,1384 1609,1384 1666,1384"/>
                <TextEquiv>
                    <Unicode>schweifende Sehnsucht, ihr schuldiges Schwachwerden und</Unicode>
                </TextEquiv>
            </TextLine>
            <TextLine id="r1l35" custom="readingOrder {index:34;}">
                <Coords points="1690,1417 2828,1407 2865,1338 1689,1359"/>
                <Baseline points="1703,1401 1760,1400 1817,1400 1875,1399 1932,1398 1990,1397 2047,1397 2104,1397 2162,1396 2219,1396 2277,1396 2334,1395 2391,1395 2449,1395 2506,1395 2564,1395 2621,1394 2678,1394 2736,1394 2793,1394 2851,1393"/>
                <TextEquiv>
                    <Unicode>zu folgen vermag, hemmt ihn, legt sich ihm schwer auf die</Unicode>
                </TextEquiv>
            </TextLine>
            <TextLine id="r1l36" custom="readingOrder {index:35;}">
                <Coords points="90,1409 238,1418 252,1406 310,1423 347,1402 443,1412 512,1399 511,1365 471,1357 430,1366 398,1352 370,1370 292,1359 254,1369 237,1357 162,1373 150,1361 89,1365"/>
                <Baseline points="105,1403 131,1403 157,1403 183,1404 209,1404 235,1404 261,1405 287,1405 314,1405 340,1404 366,1404 392,1403 418,1401 444,1400 470,1397 497,1394"/>
                <TextEquiv>
                    <Unicode>Dialogstellen durch¬</Unicode>
                </TextEquiv>
            </TextLine>
            <TextLine id="r1l37" custom="readingOrder {index:36;}">
                <Coords points="514,1439 1690,1445 1672,1384 514,1387"/>
                <Baseline points="527,1431 584,1430 641,1430 699,1430 756,1430 813,1430 871,1430 928,1430 985,1430 1043,1430 1100,1430 1157,1430 1215,1430 1272,1431 1329,1431 1387,1431 1444,1430 1501,1430 1559,1430 1616,1430 1674,1430"/>
                <TextEquiv>
                    <Unicode>Unterliegen scheint so einem plötzlich aufflackernden Lebens¬</Unicode>
                </TextEquiv>
            </TextLine>
            <TextLine id="r1l38" custom="readingOrder {index:37;}">
                <Coords points="2765,1445 2786,1444 2795,1452 2809,1448 2812,1451 2818,1450 2823,1444 2829,1444 2837,1434 2854,1433 2852,1404 2829,1403 2826,1406 2809,1402 2803,1396 2763,1405"/>
                <Baseline points="2781,1443 2811,1440 2841,1439"/>
                <TextEquiv>
                    <Unicode>so</Unicode>
                </TextEquiv>
            </TextLine>
            <TextLine id="r1l39" custom="readingOrder {index:38;}">
                <Coords points="1685,1451 2780,1441 2742,1398 1685,1416"/>
                <Baseline points="1699,1446 1752,1446 1805,1445 1858,1445 1912,1445 1965,1444 2018,1444 2072,1443 2125,1443 2178,1443 2232,1442 2285,1442 2338,1441 2391,1441 2445,1441 2498,1441 2551,1440 2605,1440 2658,1440 2711,1440 2765,1440"/>
                <TextEquiv>
                    <Unicode>Brust. Hier wie dort ist der Wert des Buches nicht</Unicode>
                </TextEquiv>
            </TextLine>
            <TextLine id="r1l40" custom="readingOrder {index:39;}">
                <Coords points="90,1458 197,1466 217,1454 278,1459 295,1444 405,1458 428,1443 509,1462 508,1405 488,1399 390,1412 341,1401 309,1421 266,1407 89,1409"/>
                <Baseline points="103,1447 129,1448 155,1448 181,1449 207,1450 233,1450 259,1450 285,1450 311,1450 337,1450 363,1449 389,1448 415,1447 441,1446 467,1444 493,1442"/>
                <TextEquiv>
                    <Unicode>kt erzählt, sündhaft</Unicode>
                </TextEquiv>
            </TextLine>
            <TextLine id="r1l41" custom="readingOrder {index:40;}">
                <Coords points="512,1480 1691,1478 1653,1435 512,1436"/>
                <Baseline points="527,1478 584,1478 641,1478 699,1478 756,1478 814,1478 871,1478 928,1479 986,1479 1043,1479 1101,1479 1158,1479 1215,1479 1273,1480 1330,1480 1388,1480 1445,1479 1502,1479 1560,1479 1617,1479 1675,1478"/>
                <TextEquiv>
                    <Unicode>hunger zu entspringen; sie fällt dem Tode anheim, da sie</Unicode>
                </TextEquiv>
            </TextLine>
            <TextLine id="r1l42" custom="readingOrder {index:41;}">
                <Coords points="1700,1506 2855,1510 2872,1435 1699,1451"/>
                <Baseline points="1715,1495 1772,1494 1829,1492 1886,1492 1943,1491 2000,1490 2057,1490 2115,1489 2172,1489 2229,1489 2286,1489 2343,1489 2400,1489 2457,1488 2515,1488 2572,1488 2629,1488 2686,1487 2743,1486 2800,1486 2858,1485"/>
                <TextEquiv>
                    <Unicode>sehr in der gefahrvollen Handlung, in der gewagten</Unicode>
                </TextEquiv>
            </TextLine>
            <TextLine id="r1l43" custom="readingOrder {index:42;}">
                <Coords points="96,1510 287,1495 327,1509 347,1500 391,1523 425,1497 515,1511 515,1459 474,1447 336,1460 312,1442 240,1463 96,1455"/>
                <Baseline points="110,1494 136,1493 162,1492 188,1491 214,1490 240,1489 266,1489 292,1489 318,1488 344,1488 370,1489 396,1489 422,1489 448,1490 474,1491 500,1492"/>
                <TextEquiv>
                    <Unicode>enzen des künstlerisch</Unicode>
                </TextEquiv>
            </TextLine>
            <TextLine id="r1l44" custom="readingOrder {index:43;}">
                <Coords points="516,1522 1678,1530 1678,1489 1608,1480 517,1475"/>
                <Baseline points="531,1523 587,1523 644,1523 700,1523 757,1523 814,1524 870,1524 927,1525 983,1525 1040,1526 1097,1526 1153,1527 1210,1527 1266,1527 1323,1528 1380,1528 1436,1527 1493,1527 1549,1527 1606,1526 1663,1524"/>
                <TextEquiv>
                    <Unicode>ihm zu entfliehen trachtet. Als das Furchtbarste aber, das</Unicode>
                </TextEquiv>
            </TextLine>
            <TextLine id="r1l45" custom="readingOrder {index:44;}">
                <Coords points="1689,1555 2864,1531 2821,1491 2633,1483 1689,1500"/>
                <Baseline points="1703,1543 1760,1541 1817,1540 1874,1539 1932,1538 1989,1537 2046,1536 2104,1536 2161,1536 2218,1536 2276,1535 2333,1536 2390,1536 2447,1536 2505,1536 2562,1536 2619,1537 2677,1537 2734,1537 2791,1537 2849,1537"/>
                <TextEquiv>
                    <Unicode>Fabel begründet, die erschreckt und beängstigt, ohne doch</Unicode>
                </TextEquiv>
            </TextLine>
            <TextLine id="r1l46" custom="readingOrder {index:45;}">
                <Coords points="94,1549 158,1555 201,1541 230,1558 288,1550 305,1564 325,1544 354,1559 409,1539 510,1554 510,1516 464,1501 415,1498 383,1515 288,1495 270,1506 94,1505"/>
                <Baseline points="109,1540 134,1540 160,1540 186,1540 212,1540 238,1541 263,1541 289,1542 315,1542 341,1542 367,1542 392,1542 418,1542 444,1542 470,1541 496,1539"/>
                <TextEquiv>
                    <Unicode>eide Dichter, den</Unicode>
                </TextEquiv>
            </TextLine>
            <TextLine id="r1l47" custom="readingOrder {index:46;}">
                <Coords points="513,1577 1680,1588 1680,1527 513,1531"/>
                <Baseline points="527,1570 586,1570 646,1571 706,1571 766,1572 826,1572 886,1573 946,1573 1006,1574 1066,1574 1126,1574 1186,1575 1246,1575 1306,1575 1366,1575 1426,1575 1486,1575 1546,1575 1606,1575 1666,1574"/>
                <TextEquiv>
                    <Unicode>Beate zuerst kaum zu fassen vermag und das sie schließlich</Unicode>
                </TextEquiv>
            </TextLine>
            <TextLine id="r1l48" custom="readingOrder {index:47;}">
                <Coords points="1684,1611 2776,1595 2871,1571 2871,1534 1684,1554"/>
                <Baseline points="1699,1593 1756,1591 1814,1589 1872,1588 1930,1586 1988,1585 2046,1585 2103,1584 2161,1584 2219,1584 2277,1584 2335,1584 2393,1584 2451,1584 2508,1584 2566,1583 2624,1583 2682,1583 2740,1582 2798,1581 2856,1580"/>
                <TextEquiv>
                    <Unicode>zu bezwingen und zu überzeugen, sondern in der meister¬</Unicode>
                </TextEquiv>
            </TextLine>
            <TextLine id="r1l49" custom="readingOrder {index:48;}">
                <Coords points="92,1603 201,1594 227,1617 250,1599 279,1608 337,1590 360,1602 464,1598 516,1589 516,1557 421,1541 351,1561 331,1544 308,1561 288,1550 230,1559 201,1542 91,1545"/>
                <Baseline points="105,1587 131,1588 157,1588 184,1588 210,1588 237,1588 263,1587 290,1587 316,1587 343,1586 369,1586 396,1586 422,1586 449,1586 475,1587 502,1588"/>
                <TextEquiv>
                    <Unicode>en heimatlich nahen,</Unicode>
                </TextEquiv>
            </TextLine>
            <TextLine id="r1l50" custom="readingOrder {index:49;}">
                <Coords points="519,1634 1392,1617 1392,1583 1334,1574 520,1579"/>
                <Baseline points="533,1619 575,1619 617,1618 659,1618 701,1618 744,1618 786,1619 828,1619 870,1619 912,1620 955,1620 997,1620 1039,1621 1081,1621 1123,1621 1166,1621 1208,1621 1250,1621 1292,1621 1334,1620 1377,1620"/>
                <TextEquiv>
                    <Unicode>allzu leicht hinnimmt, erweist sich nicht</Unicode>
                </TextEquiv>
            </TextLine>
            <TextLine id="r1l51" custom="readingOrder {index:50;}">
                <Coords points="1381,1622 1398,1619 1416,1634 1447,1622 1465,1636 1508,1639 1580,1618 1604,1635 1638,1626 1687,1632 1687,1580 1621,1586 1603,1577 1586,1592 1554,1578 1499,1587 1485,1572 1470,1587 1430,1584 1412,1570 1381,1585"/>
                <Baseline points="1396,1621 1421,1622 1446,1622 1471,1621 1496,1621 1521,1621 1546,1620 1571,1620 1596,1620 1621,1620 1646,1620 1672,1621"/>
                <TextEquiv>
                    <Unicode>so sehr das</Unicode>
                </TextEquiv>
            </TextLine>
            <TextLine id="r1l52" custom="readingOrder {index:51;}">
                <Coords points="1690,1637 2846,1640 2863,1574 1690,1605"/>
                <Baseline points="1705,1634 1762,1634 1819,1634 1876,1634 1933,1634 1990,1633 2047,1633 2105,1632 2162,1632 2219,1631 2276,1631 2333,1630 2390,1629 2447,1629 2505,1628 2562,1628 2619,1628 2676,1628 2733,1627 2790,1628 2848,1628"/>
                <TextEquiv>
                    <Unicode>lichen Art des Vortrages. Wie in jeder richtigen Novelle</Unicode>
                </TextEquiv>
            </TextLine>
            <TextLine id="r1l53" custom="readingOrder {index:52;}">
                <Coords points="107,1646 220,1641 304,1658 321,1640 518,1641 517,1589 358,1602 329,1588 254,1598 231,1615 205,1595 107,1596"/>
                <Baseline points="122,1638 147,1638 172,1637 198,1637 223,1637 249,1637 274,1636 300,1636 325,1636 351,1636 376,1635 402,1635 427,1635 453,1634 478,1634 504,1634"/>
                <TextEquiv>
                    <Unicode>wohl gerade das</Unicode>
                </TextEquiv>
            </TextLine>
            <TextLine id="r1l54" custom="readingOrder {index:53;}">
                <Coords points="515,1673 1503,1689 1653,1680 1688,1628 515,1633"/>
                <Baseline points="529,1668 586,1667 643,1666 700,1665 757,1665 814,1665 871,1665 929,1665 986,1665 1043,1665 1100,1665 1157,1665 1214,1666 1271,1666 1329,1666 1386,1667 1443,1667 1500,1667 1557,1667 1614,1667 1672,1667"/>
                <TextEquiv>
                    <Unicode>Schrecknis des Todes, sondern das bedrohlichere Schreck¬</Unicode>
                </TextEquiv>
            </TextLine>
            <TextLine id="r1l55" custom="readingOrder {index:54;}">
                <Coords points="1688,1689 2783,1690 2866,1672 2866,1631 1688,1634"/>
                <Baseline points="1703,1681 1760,1681 1817,1681 1875,1680 1932,1680 1990,1680 2047,1679 2104,1679 2162,1678 2219,1678 2277,1677 2334,1677 2391,1676 2449,1676 2506,1676 2564,1675 2621,1675 2678,1674 2736,1674 2793,1674 2851,1673"/>
                <TextEquiv>
                    <Unicode>kommt der Dramatiker und der Erzähler gleichermaßen</Unicode>
                </TextEquiv>
            </TextLine>
            <TextLine id="r1l56" custom="readingOrder {index:55;}">
                <Coords points="94,1689 135,1686 178,1704 248,1688 276,1700 357,1684 406,1699 433,1685 508,1689 508,1640 491,1636 306,1640 288,1657 268,1642 95,1639"/>
                <Baseline points="110,1679 135,1679 161,1679 186,1679 212,1679 238,1680 263,1680 289,1681 314,1681 340,1682 366,1682 391,1683 417,1683 442,1683 468,1683 494,1683"/>
                <TextEquiv>
                    <Unicode>Forganges, der ganz</Unicode>
                </TextEquiv>
            </TextLine>
            <TextLine id="r1l57" custom="readingOrder {index:56;}">
                <Coords points="514,1725 1675,1733 1652,1673 514,1673"/>
                <Baseline points="528,1711 584,1712 641,1713 698,1714 754,1714 811,1714 868,1715 924,1715 981,1715 1038,1714 1095,1714 1151,1714 1208,1714 1265,1714 1321,1713 1378,1713 1435,1713 1491,1713 1548,1713 1605,1714 1662,1714"/>
                <TextEquiv>
                    <Unicode>nis des neu und erstaunlich sich ihr offenbarenden Lebens.</Unicode>
                </TextEquiv>
            </TextLine>
            <TextLine id="r1l58" custom="readingOrder {index:57;}">
                <Coords points="1682,1733 2867,1724 2849,1672 1682,1689"/>
                <Baseline points="1697,1732 1754,1731 1812,1729 1870,1728 1928,1727 1985,1726 2043,1726 2101,1725 2159,1725 2216,1725 2274,1724 2332,1724 2390,1724 2447,1724 2505,1723 2563,1723 2621,1723 2678,1723 2736,1722 2794,1722 2852,1721"/>
                <TextEquiv>
                    <Unicode>zum Wort, kein unnötiges Beiwerk, kein Gestrüpp hemmt</Unicode>
                </TextEquiv>
            </TextLine>
            <TextLine id="r1l59" custom="readingOrder {index:58;}">
                <Coords points="97,1746 143,1737 157,1748 195,1721 221,1741 345,1730 386,1747 403,1729 492,1734 515,1725 515,1684 431,1686 408,1703 356,1684 316,1699 208,1689 171,1705 139,1688 96,1689"/>
                <Baseline points="110,1729 136,1729 162,1730 188,1730 214,1729 240,1729 266,1729 292,1728 319,1727 345,1727 371,1726 397,1726 423,1725 449,1724 475,1724 502,1724"/>
                <TextEquiv>
                    <Unicode>nte, etwa in der</Unicode>
                </TextEquiv>
            </TextLine>
            <TextLine id="r1l60" custom="readingOrder {index:59;}">
                <Coords points="510,1777 1229,1781 1296,1744 1365,1782 1619,1771 1596,1719 510,1722"/>
                <Baseline points="525,1760 581,1760 638,1760 695,1761 752,1761 808,1761 865,1762 922,1762 979,1763 1036,1763 1092,1763 1149,1764 1206,1764 1263,1765 1320,1765 1376,1765 1433,1765 1490,1765 1547,1765 1604,1765"/>
                <TextEquiv>
                    <Unicode>Eine alternde Frau — Baronin Fortunata</Unicode>
                </TextEquiv>
            </TextLine>
            <TextLine id="r1l61" custom="readingOrder {index:60;}">
                <Coords points="1695,1793 2708,1790 2867,1772 2867,1725 1694,1747"/>
                <Baseline points="1709,1774 1766,1774 1823,1774 1880,1774 1937,1774 1994,1774 2051,1773 2109,1773 2166,1773 2223,1772 2280,1772 2337,1771 2394,1771 2451,1770 2509,1770 2566,1770 2623,1769 2680,1769 2737,1769 2794,1769 2852,1769"/>
                <TextEquiv>
                    <Unicode>das ruhige Hinströmen der Prosa. Mit den wenigen, wie</Unicode>
                </TextEquiv>
            </TextLine>
            <TextLine id="r1l62" custom="readingOrder {index:61;}">
                <Coords points="142,1781 177,1790 246,1772 336,1783 373,1771 437,1797 512,1785 511,1730 286,1740 269,1731 246,1743 196,1720 142,1735"/>
                <Baseline points="155,1772 181,1773 207,1773 233,1773 260,1773 286,1773 312,1773 339,1773 365,1773 391,1772 418,1772 444,1771 470,1771 497,1770"/>
                <TextEquiv>
                    <Unicode>um dann ganz</Unicode>
                </TextEquiv>
            </TextLine>
            <TextLine id="r1l63" custom="readingOrder {index:62;}">
                <Coords points="515,1819 1682,1830 1682,1764 515,1776"/>
                <Baseline points="528,1807 585,1808 642,1808 699,1808 756,1808 813,1808 870,1809 927,1809 984,1809 1041,1810 1098,1810 1155,1810 1212,1811 1269,1811 1326,1811 1383,1811 1440,1812 1497,1812 1554,1812 1611,1812 1668,1811"/>
                <TextEquiv>
                    <Unicode>eine Abenteurerin, droht Beatens Sohne, ihrem Hugo,</Unicode>
                </TextEquiv>
            </TextLine>
            <TextLine id="r1l64" custom="readingOrder {index:63;}">
                <Coords points="1696,1844 2828,1828 2868,1770 1695,1789"/>
                <Baseline points="1709,1825 1766,1824 1823,1823 1880,1822 1938,1821 1995,1820 2052,1819 2109,1819 2167,1818 2224,1818 2281,1817 2338,1817 2396,1817 2453,1817 2510,1817 2567,1817 2625,1817 2682,1817 2739,1817 2796,1817 2854,1817"/>
                <TextEquiv>
                    <Unicode>zufällig eingeschobenen Dialogstellen, oft nur mit einem</Unicode>
                </TextEquiv>
            </TextLine>
            <TextLine id="r1l65" custom="readingOrder {index:64;}">
                <Coords points="98,1827 214,1842 248,1827 338,1825 349,1837 390,1833 419,1856 442,1835 517,1813 516,1785 453,1792 394,1767 337,1782 247,1772 230,1790 140,1771 97,1787"/>
                <Baseline points="111,1822 137,1824 163,1825 189,1826 215,1826 241,1826 267,1825 293,1825 319,1824 345,1823 371,1822 397,1821 423,1820 449,1819 475,1819 501,1818"/>
                <TextEquiv>
                    <Unicode>sich auszulassen —.</Unicode>
                </TextEquiv>
            </TextLine>
            <TextLine id="r1l66" custom="readingOrder {index:65;}">
                <Coords points="515,1867 1508,1854 1558,1883 1688,1863 1688,1808 515,1823"/>
                <Baseline points="529,1860 586,1859 643,1858 700,1858 757,1857 815,1857 872,1857 929,1858 986,1858 1043,1859 1101,1859 1158,1860 1215,1860 1272,1860 1329,1860 1387,1860 1444,1860 1501,1860 1558,1859 1615,1858 1673,1856"/>
                <TextEquiv>
                    <Unicode>gefährlich zu werden, droht des unmündigen Knaben</Unicode>
                </TextEquiv>
            </TextLine>
            <TextLine id="r1l67" custom="readingOrder {index:66;}">
                <Coords points="1694,1884 2870,1869 2869,1814 1694,1841"/>
                <Baseline points="1709,1873 1766,1871 1823,1870 1881,1869 1938,1868 1995,1866 2053,1866 2110,1865 2167,1864 2225,1864 2282,1864 2339,1863 2397,1863 2454,1863 2511,1863 2569,1863 2626,1863 2683,1862 2741,1862 2798,1862 2856,1862"/>
                <TextEquiv>
                    <Unicode>einzigen farbigen, charakteristischen Wort wird der öster¬</Unicode>
                </TextEquiv>
            </TextLine>
            <TextLine id="r1l68" custom="readingOrder {index:67;}">
                <Coords points="103,1882 183,1875 242,1891 307,1861 377,1886 429,1867 452,1882 521,1866 521,1828 448,1830 414,1848 336,1826 316,1841 301,1829 272,1838 249,1827 229,1842 102,1830"/>
                <Baseline points="116,1870 142,1871 168,1872 194,1872 220,1872 246,1872 272,1872 298,1871 324,1871 350,1870 376,1869 402,1868 428,1868 454,1866 480,1866 506,1864"/>
                <TextEquiv>
                    <Unicode>kiffen, in den er¬</Unicode>
                </TextEquiv>
            </TextLine>
            <TextLine id="r1l69" custom="readingOrder {index:68;}">
                <Coords points="518,1902 1690,1920 1691,1868 518,1865"/>
                <Baseline points="532,1903 589,1904 646,1904 703,1904 760,1904 817,1904 874,1904 932,1904 989,1904 1046,1904 1103,1904 1160,1904 1217,1904 1274,1904 1332,1904 1389,1905 1446,1905 1503,1906 1560,1907 1617,1907 1675,1909"/>
                <TextEquiv>
                    <Unicode>erstes unsicher tastendes Liebeswerben sich zum</Unicode>
                </TextEquiv>
            </TextLine>
            <TextLine id="r1l70" custom="readingOrder {index:69;}">
                <Coords points="1697,1919 2870,1933 2823,1867 2618,1857 1696,1884"/>
                <Baseline points="1710,1920 1767,1919 1824,1918 1881,1917 1939,1916 1996,1915 2053,1914 2111,1913 2168,1913 2225,1912 2283,1912 2340,1912 2397,1912 2454,1911 2512,1911 2569,1911 2626,1911 2684,1911 2741,1910 2798,1910 2856,1910"/>
                <TextEquiv>
                    <Unicode>reichische Schauplatz der Begebenheit angedeutet, wie sich</Unicode>
                </TextEquiv>
            </TextLine>
            <TextLine id="r1l71" custom="readingOrder {index:70;}">
                <Coords points="94,1926 166,1920 206,1934 232,1908 252,1928 284,1931 408,1913 492,1930 510,1927 509,1872 362,1882 307,1862 270,1882 244,1868 134,1886 93,1877"/>
                <Baseline points="109,1916 134,1917 160,1918 186,1918 211,1919 237,1919 263,1919 288,1919 314,1919 340,1918 365,1918 391,1917 417,1917 442,1916 468,1916 494,1915"/>
                <TextEquiv>
                    <Unicode>erückt, mußte das</Unicode>
                </TextEquiv>
            </TextLine>
            <TextLine id="r1l72" custom="readingOrder {index:71;}">
                <Coords points="513,1962 1686,1962 1686,1910 513,1899"/>
                <Baseline points="527,1949 584,1949 641,1949 698,1949 755,1949 813,1949 870,1949 927,1949 984,1949 1041,1949 1099,1949 1156,1949 1213,1950 1270,1950 1327,1950 1385,1950 1442,1950 1499,1950 1556,1951 1613,1951 1671,1952"/>
                <TextEquiv>
                    <Unicode>Spiel zu nützen. Beate stellt die Fremde;</Unicode>
                </TextEquiv>
            </TextLine>
            <TextLine id="r1l73" custom="readingOrder {index:72;}">
                <Coords points="2196,1962 2268,1973 2305,1958 2323,1976 2522,1962 2548,1974 2632,1961 2632,1932 2597,1915 2481,1911 2455,1925 2421,1911 2351,1926 2195,1922"/>
                <Baseline points="2209,1959 2234,1959 2260,1959 2285,1959 2311,1959 2336,1959 2362,1959 2387,1959 2413,1958 2438,1958 2464,1958 2489,1957 2515,1957 2540,1957 2566,1956 2591,1956 2617,1956"/>
                <TextEquiv>
                    <Unicode>das Salzkammergut</Unicode>
                </TextEquiv>
            </TextLine>
            <TextLine id="r1l74" custom="readingOrder {index:73;}">
                <Coords points="2716,1971 2779,1973 2788,1964 2808,1964 2834,1984 2849,1981 2857,1972 2872,1972 2871,1911 2851,1908 2831,1920 2796,1918 2787,1927 2755,1915 2715,1922"/>
                <Baseline points="2730,1964 2755,1961 2781,1960 2806,1961 2832,1961 2858,1960"/>
                <TextEquiv>
                    <Unicode>ganz</Unicode>
                </TextEquiv>
            </TextLine>
            <TextLine id="r1l75" custom="readingOrder {index:74;}">
                <Coords points="1691,1982 1833,1968 1989,1969 2006,1986 2032,1968 2110,1976 2156,1964 2156,1926 2023,1916 1956,1932 1942,1918 1899,1939 1864,1922 1691,1927"/>
                <Baseline points="1705,1965 1730,1965 1756,1965 1782,1965 1808,1965 1833,1964 1859,1964 1885,1963 1911,1963 1936,1962 1962,1962 1988,1961 2014,1961 2039,1960 2065,1960 2091,1960 2117,1960 2143,1960"/>
                <TextEquiv>
                    <Unicode>die sanfte Landschaft —</Unicode>
                </TextEquiv>
            </TextLine>
            <TextLine id="r1l76" custom="readingOrder {index:75;}">
                <Coords points="100,1973 302,1960 346,1977 467,1968 490,1983 519,1977 519,1913 311,1929 224,1912 201,1926 100,1924"/>
                <Baseline points="113,1962 139,1963 165,1963 191,1963 217,1964 243,1964 269,1964 295,1965 321,1965 347,1965 373,1964 399,1964 425,1963 451,1962 477,1961 503,1959"/>
                <TextEquiv>
                    <Unicode>Gedachte schnellhin</Unicode>
                </TextEquiv>
            </TextLine>
            <TextLine id="r1l77" custom="readingOrder {index:76;}">
                <Coords points="507,2009 1076,2014 1160,1982 1247,2028 1683,2012 1683,1960 1634,1955 507,1960"/>
                <Baseline points="521,2002 578,2001 635,2000 693,2000 750,2000 807,1999 865,1999 922,1999 979,1999 1037,1999 1094,1999 1151,1999 1209,1999 1266,1999 1323,1999 1381,1999 1438,1998 1495,1998 1553,1998 1610,1998 1668,1998"/>
                <TextEquiv>
                    <Unicode>drohend, zum Kampf bereit: ganz und gar besorgte</Unicode>
                </TextEquiv>
            </TextLine>
            <TextLine id="r1l78" custom="readingOrder {index:77;}">
                <Coords points="1689,2022 2893,2039 2893,1970 2855,1956 1689,1982"/>
                <Baseline points="1703,2014 1761,2013 1820,2012 1879,2011 1938,2010 1997,2010 2055,2009 2114,2009 2173,2008 2232,2008 2291,2007 2349,2007 2408,2007 2467,2007 2526,2007 2585,2007 2643,2007 2702,2007 2761,2007 2820,2007 2879,2008"/>
                <TextEquiv>
                    <Unicode>unauffällig als handelnde Person in die Erzählung mengt,.</Unicode>
                </TextEquiv>
            </TextLine>
            <TextLine id="r1l79" custom="readingOrder {index:78;}">
                <Coords points="96,2030 179,2015 208,2026 220,2014 240,2026 460,2012 506,2026 505,1966 312,1973 274,1959 257,1974 95,1975"/>
                <Baseline points="111,2009 136,2011 161,2011 187,2012 212,2012 237,2012 263,2012 288,2012 313,2012 339,2011 364,2011 389,2010 415,2009 440,2009 465,2008 491,2007"/>
                <TextEquiv>
                    <Unicode>im Bilde wandeln,</Unicode>
                </TextEquiv>
            </TextLine>
            <TextLine id="r1l80" custom="readingOrder {index:79;}">
                <Coords points="508,2069 1684,2057 1684,2013 1490,1993 1253,2024 1172,1989 508,2003"/>
                <Baseline points="521,2050 578,2049 635,2047 693,2046 750,2045 808,2045 865,2045 922,2045 980,2046 1037,2046 1095,2047 1152,2047 1209,2048 1267,2049 1324,2049 1382,2049 1439,2049 1496,2049 1554,2048 1611,2047 1669,2045"/>
                <TextEquiv>
                    <Unicode>Mutter, die ihr Heiligstes verteidigt, zugleich empört und</Unicode>
                </TextEquiv>
            </TextLine>
            <TextLine id="r1l81" custom="readingOrder {index:80;}">
                <Coords points="1696,2069 2835,2072 2872,2019 1696,2023"/>
                <Baseline points="1712,2060 1769,2061 1826,2061 1883,2060 1940,2060 1998,2060 2055,2059 2112,2058 2169,2057 2226,2056 2284,2056 2341,2055 2398,2054 2455,2053 2512,2053 2570,2052 2627,2052 2684,2052 2741,2052 2798,2052 2856,2052"/>
                <TextEquiv>
                    <Unicode>der See zwischen Bäumen hervorschimmernd, die Badenden</Unicode>
                </TextEquiv>
            </TextLine>
            <TextLine id="r1l82" custom="readingOrder {index:81;}">
                <Coords points="126,2055 158,2069 288,2062 403,2078 446,2060 507,2065 507,2013 258,2016 218,2028 125,2015"/>
                <Baseline points="141,2060 166,2061 191,2061 216,2061 241,2061 267,2061 292,2061 317,2060 342,2060 367,2059 393,2058 418,2058 443,2058 468,2058 494,2057"/>
                <TextEquiv>
                    <Unicode>genommen hätte,</Unicode>
                </TextEquiv>
            </TextLine>
            <TextLine id="r1l83" custom="readingOrder {index:82;}">
                <Coords points="512,2112 1283,2094 1398,2123 1679,2103 1679,2060 512,2068"/>
                <Baseline points="527,2096 583,2095 640,2094 697,2094 754,2094 811,2094 868,2093 924,2094 981,2094 1038,2094 1095,2094 1152,2094 1209,2094 1266,2094 1322,2094 1379,2095 1436,2095 1493,2094 1550,2094 1607,2094 1664,2094"/>
                <TextEquiv>
                    <Unicode>auf das Tiefste in ihrer weiblichen Würde verletzt. Eine</Unicode>
                </TextEquiv>
            </TextLine>
            <TextLine id="r1l84" custom="readingOrder {index:83;}">
                <Coords points="1684,2105 2721,2118 2877,2096 2877,2067 1683,2058"/>
                <Baseline points="1699,2108 1757,2107 1815,2107 1873,2106 1931,2106 1989,2105 2047,2105 2106,2104 2164,2104 2222,2104 2280,2103 2338,2103 2396,2102 2454,2102 2513,2101 2571,2101 2629,2100 2687,2099 2745,2098 2803,2096 2862,2095"/>
                <TextEquiv>
                    <Unicode>erwartend, und dann von drohenden grauen Ufern um¬</Unicode>
                </TextEquiv>
            </TextLine>
            <TextLine id="r1l85" custom="readingOrder {index:84;}">
                <Coords points="116,2111 151,2123 171,2108 194,2119 235,2111 293,2134 327,2110 388,2104 518,2121 518,2060 388,2078 261,2061 157,2068 139,2050 116,2051"/>
                <Baseline points="132,2105 158,2106 185,2106 211,2107 238,2107 264,2107 291,2106 318,2106 344,2106 371,2106 397,2105 424,2105 450,2105 477,2105 504,2105"/>
                <TextEquiv>
                    <Unicode>Abstufungen und</Unicode>
                </TextEquiv>
            </TextLine>
            <TextLine id="r1l86" custom="readingOrder {index:85;}">
                <Coords points="510,2152 1697,2145 1660,2099 510,2091"/>
                <Baseline points="525,2142 582,2142 640,2142 698,2141 756,2141 814,2141 872,2141 929,2141 987,2140 1045,2140 1103,2140 1161,2140 1219,2140 1277,2140 1334,2140 1392,2140 1450,2141 1508,2141 1566,2141 1624,2141 1682,2142"/>
                <TextEquiv>
                    <Unicode>Welt trennt sie von der verruchten Frau, unbegreislich</Unicode>
                </TextEquiv>
            </TextLine>
            <TextLine id="r1l87" custom="readingOrder {index:86;}">
                <Coords points="1686,2156 2839,2166 2870,2105 1686,2113"/>
                <Baseline points="1700,2156 1757,2155 1815,2154 1873,2153 1931,2152 1988,2151 2046,2151 2104,2150 2162,2150 2219,2149 2277,2149 2335,2149 2393,2149 2450,2148 2508,2148 2566,2148 2624,2148 2681,2148 2739,2148 2797,2148 2855,2149"/>
                <TextEquiv>
                    <Unicode>mauert, die Beatens brechender Blick noch einmal mißt,</Unicode>
                </TextEquiv>
            </TextLine>
            <TextLine id="r1l88" custom="readingOrder {index:87;}">
                <Coords points="107,2157 156,2150 222,2167 315,2145 335,2165 361,2156 378,2168 398,2150 468,2161 517,2145 516,2114 476,2108 106,2119"/>
                <Baseline points="120,2151 145,2154 170,2156 196,2157 221,2157 247,2157 272,2156 297,2156 323,2154 348,2153 374,2152 399,2151 424,2151 450,2151 475,2152 501,2154"/>
                <TextEquiv>
                    <Unicode>zu lassen. Es wird</Unicode>
                </TextEquiv>
            </TextLine>
            <TextLine id="r1l89" custom="readingOrder {index:88;}">
                <Coords points="1683,2207 2735,2224 2870,2200 2870,2154 1683,2175"/>
                <Baseline points="1697,2201 1758,2201 1819,2200 1880,2199 1941,2199 2002,2198 2063,2198 2124,2197 2185,2197 2246,2196 2307,2196 2368,2196 2429,2195 2490,2195 2551,2196 2612,2196 2673,2196 2734,2197 2795,2198 2856,2199"/>
                <TextEquiv>
                    <Unicode>als die letzten Schatten der verlöschenden Welt. Rührend</Unicode>
                </TextEquiv>
            </TextLine>
            <TextLine id="r1l90" custom="readingOrder {index:89;}">
                <Coords points="88,2221 128,2206 183,2212 200,2194 212,2206 275,2191 330,2208 507,2201 506,2155 399,2150 376,2170 362,2156 333,2165 301,2139 229,2165 157,2151 88,2163"/>
                <Baseline points="103,2198 129,2199 155,2199 181,2200 207,2200 233,2200 259,2200 285,2199 311,2199 337,2199 363,2199 389,2198 415,2198 441,2198 467,2197 493,2197"/>
                <TextEquiv>
                    <Unicode>llisch rot und dies</Unicode>
                </TextEquiv>
            </TextLine>
            <TextLine id="r1l91" custom="readingOrder {index:90;}">
                <Coords points="523,2243 1678,2252 1679,2194 523,2191"/>
                <Baseline points="536,2236 592,2234 648,2233 705,2232 761,2232 818,2232 874,2232 931,2232 987,2233 1044,2233 1100,2234 1156,2235 1213,2235 1269,2236 1326,2236 1382,2236 1439,2236 1495,2235 1552,2235 1608,2234 1665,2232"/>
                <TextEquiv>
                    <Unicode>ihre sinnliche Neugieede.... Und dann fällt sie dieser</Unicode>
                </TextEquiv>
            </TextLine>
            <TextLine id="r1l92" custom="readingOrder {index:91;}">
                <Coords points="102,2242 151,2257 206,2248 249,2269 278,2246 385,2258 419,2232 442,2252 460,2243 489,2267 506,2264 506,2209 477,2203 330,2208 278,2191 246,2205 200,2196 183,2213 102,2207"/>
                <Baseline points="116,2244 141,2243 166,2243 191,2244 216,2244 241,2245 266,2246 291,2247 316,2247 341,2247 366,2247 391,2247 416,2246 441,2245 466,2243 491,2241"/>
                <TextEquiv>
                    <Unicode>der Schicksale, die</Unicode>
                </TextEquiv>
            </TextLine>
            <TextLine id="r1l93" custom="readingOrder {index:92;}">
                <Coords points="1681,2263 2276,2233 2837,2261 2877,2200 1681,2216"/>
                <Baseline points="1697,2251 1755,2250 1813,2250 1872,2250 1930,2249 1988,2249 2047,2249 2105,2248 2163,2248 2222,2248 2280,2247 2338,2247 2397,2247 2455,2246 2513,2246 2572,2245 2630,2245 2688,2245 2747,2244 2805,2243 2864,2243"/>
                <TextEquiv>
                    <Unicode>auch ist die Vision der von ihrem eigenen Ge¬</Unicode>
                </TextEquiv>
            </TextLine>
            <TextLine id="r1l94" custom="readingOrder {index:93;}">
                <Coords points="509,2286 1682,2287 1682,2252 1451,2234 509,2234"/>
                <Baseline points="523,2283 580,2282 637,2281 694,2280 752,2280 809,2280 866,2280 923,2280 981,2280 1038,2280 1095,2281 1152,2281 1210,2282 1267,2282 1324,2282 1381,2282 1439,2282 1496,2282 1553,2282 1610,2281 1668,2280"/>
                <TextEquiv>
                    <Unicode>Neugierde, diesem Sinnentaumel selbst zum Opfer, ver¬</Unicode>
                </TextEquiv>
            </TextLine>
            <TextLine id="r1l95" custom="readingOrder {index:94;}">
                <Coords points="90,2315 116,2318 144,2297 202,2305 219,2287 263,2306 335,2299 367,2319 433,2292 506,2305 505,2264 461,2245 444,2254 421,2234 386,2232 349,2256 276,2248 242,2264 204,2250 89,2249"/>
                <Baseline points="105,2297 130,2296 156,2294 182,2293 207,2292 233,2291 259,2290 285,2290 310,2289 336,2289 362,2289 388,2288 413,2289 439,2289 465,2289 491,2290"/>
                <TextEquiv>
                    <Unicode>gend, eindringlich,</Unicode>
                </TextEquiv>
            </TextLine>
            <TextLine id="r1l96" custom="readingOrder {index:95;}">
                <Coords points="1687,2316 2863,2294 2863,2259 2528,2235 1687,2252"/>
                <Baseline points="1701,2295 1758,2295 1815,2295 1873,2294 1930,2294 1988,2294 2045,2293 2103,2293 2160,2293 2218,2292 2275,2292 2332,2292 2390,2292 2447,2292 2505,2291 2562,2291 2620,2291 2677,2291 2735,2291 2792,2291 2850,2292"/>
                <TextEquiv>
                    <Unicode>wissen gemarterten Beate, die sich, von Stufe zu Stufe sinken,</Unicode>
                </TextEquiv>
            </TextLine>
            <TextLine id="r1l97" custom="readingOrder {index:96;}">
                <Coords points="522,2340 1686,2333 1685,2287 1590,2282 521,2294"/>
                <Baseline points="537,2332 593,2331 650,2330 707,2329 764,2329 820,2328 877,2327 934,2327 991,2326 1047,2326 1104,2326 1161,2325 1218,2325 1274,2325 1331,2325 1388,2325 1445,2325 1501,2325 1558,2325 1615,2325 1672,2325"/>
                <TextEquiv>
                    <Unicode>gibt sich einem Kameraden ihres Sohnes — wie furcht¬</Unicode>
                </TextEquiv>
            </TextLine>
            <TextLine id="r1l98" custom="readingOrder {index:97;}">
                <Coords points="1686,2341 2715,2354 2879,2341 2879,2304 1686,2315"/>
                <Baseline points="1701,2341 1759,2342 1817,2342 1875,2342 1933,2342 1991,2342 2049,2341 2108,2341 2166,2340 2224,2340 2282,2339 2340,2339 2398,2338 2456,2338 2515,2337 2573,2337 2631,2337 2689,2338 2747,2338 2805,2339 2864,2340"/>
                <TextEquiv>
                    <Unicode>aus einer Umarmung in die andere taumeln sieht: ein</Unicode>
                </TextEquiv>
            </TextLine>
            <TextLine id="r1l99" custom="readingOrder {index:98;}">
                <Coords points="107,2339 165,2349 182,2366 205,2347 249,2342 485,2351 514,2343 515,2303 428,2293 382,2309 368,2297 275,2302 232,2286 203,2303 108,2293"/>
                <Baseline points="122,2338 147,2338 172,2339 197,2339 222,2339 247,2339 272,2340 297,2340 323,2340 348,2341 373,2341 398,2342 423,2343 448,2343 473,2344 499,2345"/>
                <TextEquiv>
                    <Unicode>rüttelt uns nicht,</Unicode>
                </TextEquiv>
            </TextLine>
            <TextLine id="r1l100" custom="readingOrder {index:99;}">
                <Coords points="520,2382 1684,2394 1684,2339 1592,2333 520,2344"/>
                <Baseline points="534,2374 590,2376 647,2377 704,2379 761,2379 818,2379 874,2379 931,2379 988,2379 1045,2378 1102,2378 1158,2377 1215,2376 1272,2376 1329,2375 1386,2375 1442,2375 1499,2375 1556,2376 1613,2376 1670,2378"/>
                <TextEquiv>
                    <Unicode>bar — sinkt in seine ungeschickt zärtliche Umarmung</Unicode>
                </TextEquiv>
            </TextLine>
            <TextLine id="r1l101" custom="readingOrder {index:100;}">
                <Coords points="1693,2397 2872,2400 2871,2342 2767,2334 1693,2353"/>
                <Baseline points="1709,2388 1766,2389 1823,2390 1881,2390 1938,2390 1996,2390 2053,2390 2111,2390 2168,2389 2226,2389 2283,2388 2340,2387 2398,2387 2455,2386 2513,2385 2570,2385 2628,2384 2685,2383 2743,2383 2800,2383 2858,2383"/>
                <TextEquiv>
                    <Unicode>Selbstgespräch, an jenes meisterhaft belauschte des Leut¬</Unicode>
                </TextEquiv>
            </TextLine>
            <TextLine id="r1l102" custom="readingOrder {index:101;}">
                <Coords points="95,2400 286,2391 303,2405 340,2393 387,2407 439,2381 468,2398 517,2384 516,2340 401,2350 355,2335 334,2350 251,2342 193,2359 95,2334"/>
                <Baseline points="109,2387 135,2388 161,2389 187,2389 214,2389 240,2389 266,2389 292,2389 319,2388 345,2388 371,2388 397,2387 424,2387 450,2387 476,2387 503,2388"/>
                <TextEquiv>
                    <Unicode>lles gleitet kühl, in</Unicode>
                </TextEquiv>
            </TextLine>
            <TextLine id="r1l103" custom="readingOrder {index:102;}">
                <Coords points="526,2439 1418,2419 1687,2452 1687,2374 526,2381"/>
                <Baseline points="539,2427 595,2426 652,2426 709,2425 765,2424 822,2424 879,2424 935,2423 992,2423 1049,2423 1106,2423 1162,2423 1219,2423 1276,2423 1332,2423 1389,2423 1446,2422 1502,2422 1559,2422 1616,2422 1673,2422"/>
                <TextEquiv>
                    <Unicode>gerade an dem Abend, da Hugo sich in Fortunatens</Unicode>
                </TextEquiv>
            </TextLine>
            <TextLine id="r1l104" custom="readingOrder {index:103;}">
                <Coords points="89,2432 121,2447 234,2450 306,2432 404,2447 416,2435 456,2447 511,2435 511,2392 456,2395 442,2380 398,2412 343,2395 89,2395"/>
                <Baseline points="103,2430 129,2432 155,2433 181,2434 208,2435 234,2435 260,2435 286,2435 313,2434 339,2434 365,2434 391,2433 418,2433 444,2433 470,2433 497,2433"/>
                <TextEquiv>
                    <Unicode>kein Teil an ihm</Unicode>
                </TextEquiv>
            </TextLine>
            <TextLine id="r1l105" custom="readingOrder {index:104;}">
                <Coords points="1690,2435 2854,2450 2871,2401 1689,2395"/>
                <Baseline points="1703,2436 1760,2436 1818,2436 1876,2437 1933,2437 1991,2437 2049,2437 2106,2437 2164,2436 2222,2436 2280,2436 2337,2435 2395,2435 2453,2434 2510,2433 2568,2433 2626,2432 2683,2431 2741,2430 2799,2429 2857,2428"/>
                <TextEquiv>
                    <Unicode>nants Gustl gemahnend, ganz eigenartig in seiner Technik.</Unicode>
                </TextEquiv>
            </TextLine>
            <TextLine id="r1l106" custom="readingOrder {index:105;}">
                <Coords points="527,2479 1683,2467 1682,2435 1420,2419 527,2438"/>
                <Baseline points="543,2473 599,2473 655,2473 711,2472 767,2472 824,2472 880,2472 936,2472 992,2472 1048,2472 1105,2472 1161,2471 1217,2471 1273,2471 1329,2470 1386,2470 1442,2469 1498,2469 1554,2468 1610,2467 1667,2465"/>
                <TextEquiv>
                    <Unicode>Kammer stiehlt; doppelt sündig, ihrer geheiligten Mutter¬</Unicode>
                </TextEquiv>
            </TextLine>
            <TextLine id="r1l107" custom="readingOrder {index:106;}">
                <Coords points="97,2493 186,2481 209,2496 299,2484 368,2495 386,2478 492,2489 513,2483 513,2437 461,2449 435,2437 334,2446 316,2432 235,2446 97,2438"/>
                <Baseline points="110,2480 135,2480 161,2480 187,2481 213,2480 239,2480 265,2480 291,2480 316,2480 342,2479 368,2479 394,2479 420,2479 446,2480 472,2480 498,2481"/>
                <TextEquiv>
                    <Unicode>steht außerhalb des</Unicode>
                </TextEquiv>
            </TextLine>
            <TextLine id="r1l108" custom="readingOrder {index:107;}">
                <Coords points="1702,2488 2670,2500 2878,2469 2878,2423 1702,2442"/>
                <Baseline points="1716,2486 1773,2485 1830,2484 1888,2483 1945,2483 2003,2483 2060,2482 2118,2482 2175,2482 2233,2482 2290,2482 2347,2482 2405,2482 2462,2481 2520,2481 2577,2481 2635,2480 2692,2479 2750,2478 2807,2477 2865,2475"/>
                <TextEquiv>
                    <Unicode>Ergreisend auch die Szene, da der junge Beratoner</Unicode>
                </TextEquiv>
            </TextLine>
            <TextLine id="r1l109" custom="readingOrder {index:108;}">
                <Coords points="529,2525 1630,2536 1670,2472 529,2478"/>
                <Baseline points="543,2522 598,2520 654,2519 709,2518 765,2517 821,2516 876,2516 932,2515 988,2515 1043,2515 1099,2515 1155,2516 1210,2516 1266,2516 1322,2517 1377,2517 1433,2518 1489,2518 1544,2518 1600,2519 1656,2519"/>
                <TextEquiv>
                    <Unicode>schaft unwert, von qualvoller Seelenpein allsogleich ge¬</Unicode>
                </TextEquiv>
            </TextLine>
            <TextLine id="r1l110" custom="readingOrder {index:109;}">
                <Coords points="96,2525 171,2545 191,2530 223,2542 290,2527 394,2547 480,2530 521,2550 521,2486 388,2478 370,2495 298,2484 211,2498 145,2481 96,2493"/>
                <Baseline points="110,2524 136,2525 162,2525 189,2526 215,2527 242,2527 268,2527 294,2527 321,2527 347,2527 374,2527 400,2526 426,2526 453,2525 479,2524 506,2524"/>
                <TextEquiv>
                    <Unicode>Es hat die Feier¬</Unicode>
                </TextEquiv>
            </TextLine>
            <TextLine id="r1l111" custom="readingOrder {index:110;}">
                <Coords points="1696,2539 2796,2541 2871,2530 2871,2475 1695,2484"/>
                <Baseline points="1710,2532 1767,2532 1824,2532 1881,2532 1939,2532 1996,2531 2053,2531 2111,2531 2168,2530 2225,2530 2283,2530 2340,2530 2397,2530 2454,2529 2512,2529 2569,2529 2626,2529 2684,2529 2741,2529 2798,2529 2856,2529"/>
                <TextEquiv>
                    <Unicode>Beatens Gatten, den berühmten Tragöden, nachahmt.</Unicode>
                </TextEquiv>
            </TextLine>
            <TextLine id="r1l112" custom="readingOrder {index:111;}">
                <Coords points="528,2582 1680,2584 1660,2518 528,2516"/>
                <Baseline points="541,2568 597,2567 653,2566 709,2565 765,2564 822,2564 878,2564 934,2563 990,2563 1046,2563 1103,2563 1159,2564 1215,2564 1271,2564 1327,2564 1384,2564 1440,2565 1496,2565 1552,2565 1608,2565 1665,2565"/>
                <TextEquiv>
                    <Unicode>foltert, sich selbst verhaßt, von der verschuldeten Schmach</Unicode>
                </TextEquiv>
            </TextLine>
            <TextLine id="r1l113" custom="readingOrder {index:112;}">
                <Coords points="87,2583 142,2575 196,2590 220,2573 254,2590 286,2576 312,2588 404,2574 477,2583 511,2575 512,2532 87,2534"/>
                <Baseline points="102,2571 128,2571 154,2571 180,2571 207,2571 233,2571 259,2572 285,2573 312,2573 338,2574 364,2574 390,2574 417,2574 443,2573 469,2573 496,2571"/>
                <TextEquiv>
                    <Unicode>n der Künstler aus</Unicode>
                </TextEquiv>
            </TextLine>
            <TextLine id="r1l114" custom="readingOrder {index:113;}">
                <Coords points="1688,2598 2823,2586 2863,2531 1687,2532"/>
                <Baseline points="1701,2584 1758,2582 1815,2580 1873,2579 1930,2578 1987,2578 2045,2577 2102,2577 2159,2577 2217,2577 2274,2576 2331,2576 2389,2576 2446,2576 2503,2576 2561,2575 2618,2575 2675,2574 2733,2573 2790,2571 2848,2569"/>
                <TextEquiv>
                    <Unicode>„Klopfenden Herzens hörte Beate zuerst Hamlets Mono¬</Unicode>
                </TextEquiv>
            </TextLine>
            <TextLine id="r1l115" custom="readingOrder {index:114;}">
                <Coords points="527,2627 1683,2616 1634,2570 1501,2562 527,2580"/>
                <Baseline points="541,2617 597,2615 653,2614 710,2612 766,2611 823,2611 879,2610 935,2610 992,2610 1048,2610 1105,2610 1161,2611 1217,2611 1274,2611 1330,2611 1387,2611 1443,2611 1499,2610 1556,2610 1612,2608 1669,2607"/>
                <TextEquiv>
                    <Unicode>gezeichnet, daß sie meint, jeder müsse das Entsetzen ihr</Unicode>
                </TextEquiv>
            </TextLine>
            <TextLine id="r1l116" custom="readingOrder {index:115;}">
                <Coords points="91,2634 172,2622 198,2637 253,2640 273,2625 409,2636 429,2619 510,2636 510,2575 334,2590 299,2576 253,2590 221,2576 198,2591 137,2573 91,2582"/>
                <Baseline points="106,2619 132,2621 158,2621 184,2621 210,2621 236,2622 262,2621 288,2621 314,2621 340,2621 366,2620 392,2620 418,2620 444,2620 470,2620 496,2620"/>
                <TextEquiv>
                    <Unicode>Fest und Wunder ist.</Unicode>
                </TextEquiv>
            </TextLine>
            <TextLine id="r1l117" custom="readingOrder {index:116;}">
                <Coords points="1693,2627 2756,2642 2871,2589 1692,2595"/>
                <Baseline points="1706,2629 1763,2628 1821,2627 1878,2627 1936,2626 1993,2626 2051,2626 2108,2625 2166,2625 2223,2624 2281,2624 2338,2624 2396,2623 2453,2623 2511,2622 2568,2621 2626,2620 2683,2619 2741,2618 2798,2617 2856,2616"/>
                <TextEquiv>
                    <Unicode>log „Sein oder Nichtsein“ in Ferdinands heroischem Ton¬</Unicode>
                </TextEquiv>
            </TextLine>
            <TextLine id="r1l118" custom="readingOrder {index:117;}">
                <Coords points="527,2666 1535,2683 1683,2671 1683,2616 527,2623"/>
                <Baseline points="541,2660 597,2658 653,2656 709,2655 766,2654 822,2654 878,2654 935,2654 991,2654 1047,2654 1104,2655 1160,2655 1216,2656 1272,2656 1329,2657 1385,2657 1441,2657 1498,2656 1554,2655 1610,2654 1667,2652"/>
                <TextEquiv>
                    <Unicode>von der Stirne lesen. Und schon rühmt sich der unwürdige</Unicode>
                </TextEquiv>
            </TextLine>
            <TextLine id="r1l119" custom="readingOrder {index:118;}">
                <Coords points="134,2668 175,2680 302,2667 400,2687 435,2672 478,2680 515,2669 515,2622 255,2630 246,2621 200,2636 168,2622 134,2637"/>
                <Baseline points="149,2668 174,2668 199,2668 224,2668 249,2669 275,2669 300,2669 325,2669 350,2669 375,2668 401,2668 426,2667 451,2667 476,2666 502,2664"/>
                <TextEquiv>
                    <Unicode>ins Erstaunliche</Unicode>
                </TextEquiv>
            </TextLine>
            <TextLine id="r1l120" custom="readingOrder {index:119;}">
                <Coords points="1691,2682 2870,2661 2835,2624 1691,2627"/>
                <Baseline points="1705,2675 1762,2674 1820,2674 1877,2673 1935,2673 1992,2673 2050,2672 2107,2672 2165,2671 2222,2671 2280,2670 2338,2670 2395,2669 2453,2669 2510,2668 2568,2668 2625,2667 2683,2667 2740,2667 2798,2666 2856,2666"/>
                <TextEquiv>
                    <Unicode>fall durch die freie Sommerluft klingen, dann Verse aus</Unicode>
                </TextEquiv>
            </TextLine>
            <TextLine id="r1l121" custom="readingOrder {index:120;}">
                <Coords points="521,2720 1665,2725 1682,2670 521,2674"/>
                <Baseline points="534,2708 590,2707 647,2705 704,2704 760,2703 817,2703 874,2703 930,2702 987,2703 1044,2703 1101,2703 1157,2703 1214,2703 1271,2704 1327,2704 1384,2704 1441,2704 1497,2704 1554,2704 1611,2703 1668,2702"/>
                <TextEquiv>
                    <Unicode>Knabe, an den sie ihre Gunst verlor, einem neu einge¬</Unicode>
                </TextEquiv>
            </TextLine>
            <TextLine id="r1l122" custom="readingOrder {index:121;}">
                <Coords points="77,2735 134,2723 169,2735 204,2720 354,2728 394,2702 426,2734 478,2713 522,2727 521,2664 478,2681 76,2669"/>
                <Baseline points="91,2708 117,2709 143,2709 169,2709 195,2710 221,2710 247,2710 273,2710 299,2709 325,2709 351,2709 377,2709 403,2708 429,2708 455,2708 481,2707 507,2707"/>
                <TextEquiv>
                    <Unicode>de der Seele ent¬</Unicode>
                </TextEquiv>
            </TextLine>
            <TextLine id="r1l123" custom="readingOrder {index:122;}">
                <Coords points="1695,2729 2868,2730 2868,2669 1695,2680"/>
                <Baseline points="1710,2722 1767,2721 1824,2720 1881,2720 1938,2719 1995,2719 2052,2718 2109,2718 2166,2717 2223,2717 2281,2716 2338,2716 2395,2715 2452,2715 2509,2715 2566,2714 2623,2714 2680,2714 2737,2714 2794,2714 2852,2714"/>
                <TextEquiv>
                    <Unicode>dem Tasso, dann irgendwelche längst vergessene Worte</Unicode>
                </TextEquiv>
            </TextLine>
            <TextLine id="r1l124" custom="readingOrder {index:123;}">
                <Coords points="515,2755 1630,2759 1679,2753 1679,2713 515,2715"/>
                <Baseline points="531,2753 587,2751 644,2750 700,2748 757,2748 814,2747 870,2747 927,2746 984,2746 1040,2747 1097,2747 1154,2747 1210,2748 1267,2748 1324,2748 1380,2748 1437,2748 1494,2748 1550,2748 1607,2748 1664,2747"/>
                <TextEquiv>
                    <Unicode>troffenen Freunde seines ersten Liebesabenteuers, über¬</Unicode>
                </TextEquiv>
            </TextLine>
            <TextLine id="r1l125" custom="readingOrder {index:124;}">
                <Coords points="1696,2772 2866,2761 2865,2718 2707,2707 1696,2729"/>
                <Baseline points="1711,2767 1770,2766 1830,2766 1890,2765 1950,2765 2010,2765 2070,2765 2130,2764 2190,2764 2250,2764 2310,2764 2370,2764 2430,2764 2490,2764 2550,2764 2610,2763 2670,2762 2730,2762 2790,2761 2850,2760"/>
                <TextEquiv>
                    <Unicode>aus einem längst vergessenen Stück; hörte das Auf¬</Unicode>
                </TextEquiv>
            </TextLine>
            <TextLine id="r1l126" custom="readingOrder {index:125;}">
                <Coords points="517,2802 1687,2803 1661,2751 1545,2746 517,2758"/>
                <Baseline points="531,2798 588,2797 645,2796 702,2795 759,2795 816,2795 873,2794 930,2794 987,2794 1044,2794 1101,2794 1158,2794 1215,2795 1272,2795 1329,2795 1386,2795 1443,2795 1500,2795 1557,2795 1614,2795 1672,2794"/>
                <TextEquiv>
                    <Unicode>treibt wohl auch in der prahlerischen, ein wenig scham¬</Unicode>
                </TextEquiv>
            </TextLine>
            <TextLine id="r1l127" custom="readingOrder {index:126;}">
                <Coords points="71,2823 120,2812 149,2824 167,2810 239,2825 276,2808 291,2823 328,2812 357,2824 378,2804 476,2822 519,2811 520,2765 436,2767 413,2749 358,2775 245,2747 219,2767 190,2752 156,2764 72,2751"/>
                <Baseline points="87,2806 113,2806 139,2805 165,2805 191,2805 217,2806 243,2806 269,2806 295,2807 321,2807 347,2808 373,2808 399,2808 425,2809 451,2809 477,2809 504,2810"/>
                <TextEquiv>
                    <Unicode>ierzig Jahren, früh</Unicode>
                </TextEquiv>
            </TextLine>
            <TextLine id="r1l128" custom="readingOrder {index:127;}">
                <Coords points="1684,2830 2877,2813 2876,2753 1684,2769"/>
                <Baseline points="1697,2811 1755,2812 1813,2812 1871,2812 1930,2812 1988,2812 2046,2812 2104,2812 2163,2811 2221,2811 2279,2810 2337,2809 2396,2809 2454,2808 2512,2807 2570,2806 2629,2805 2687,2804 2745,2804 2803,2803 2862,2802"/>
                <TextEquiv>
                    <Unicode>dröhnen und Hinschmelzen jener heißgeliebten Stimme</Unicode>
                </TextEquiv>
            </TextLine>
            <TextLine id="r1l129" custom="readingOrder {index:128;}">
                <Coords points="517,2870 653,2840 1661,2858 1687,2803 517,2815"/>
                <Baseline points="531,2845 588,2845 645,2844 702,2844 759,2844 816,2843 873,2843 930,2843 987,2843 1044,2842 1102,2842 1159,2842 1216,2842 1273,2842 1330,2842 1387,2842 1444,2842 1501,2842 1558,2841 1615,2841 1673,2841"/>
                <TextEquiv>
                    <Unicode>losen Art ganz junger Menschen, und Frau Beate, die</Unicode>
                </TextEquiv>
            </TextLine>
            <TextLine id="r1l130" custom="readingOrder {index:129;}">
                <Coords points="87,2863 206,2852 289,2863 312,2849 330,2866 388,2852 517,2870 518,2812 382,2803 359,2823 307,2811 292,2826 275,2808 165,2811 148,2825 87,2817"/>
                <Baseline points="101,2854 126,2853 151,2853 176,2853 201,2853 226,2854 251,2854 276,2855 301,2855 326,2855 351,2855 376,2855 401,2855 426,2855 451,2854 476,2853 502,2851"/>
                <TextEquiv>
                    <Unicode>isucht voll, an ihren</Unicode>
                </TextEquiv>
            </TextLine>
            <TextLine id="r1l131" custom="readingOrder {index:130;}">
                <Coords points="1681,2868 2782,2867 2871,2811 1681,2819"/>
                <Baseline points="1695,2860 1753,2860 1811,2860 1869,2860 1927,2860 1985,2859 2043,2859 2101,2858 2159,2857 2217,2857 2276,2856 2334,2855 2392,2854 2450,2854 2508,2853 2566,2853 2624,2852 2682,2852 2740,2852 2798,2852 2857,2853"/>
                <TextEquiv>
                    <Unicode>und trank sie geschlossenen Auges wie ein Wunder in sich</Unicode>
                </TextEquiv>
            </TextLine>
            <TextLine id="r1l132" custom="readingOrder {index:131;}">
                <Coords points="529,2896 1687,2906 1687,2854 528,2859"/>
                <Baseline points="542,2894 598,2893 655,2892 711,2891 768,2891 824,2890 881,2890 937,2890 994,2890 1050,2890 1107,2890 1163,2891 1220,2891 1276,2891 1333,2891 1389,2891 1446,2891 1502,2890 1559,2890 1615,2889 1672,2888"/>
                <TextEquiv>
                    <Unicode>Lauscherin, muß erkennen, daß die Torheit einer zärt¬</Unicode>
                </TextEquiv>
            </TextLine>
            <TextLine id="r1l133" custom="readingOrder {index:132;}">
                <Coords points="77,2908 176,2916 248,2900 274,2918 355,2899 375,2916 479,2901 514,2918 513,2857 77,2859"/>
                <Baseline points="92,2898 117,2899 143,2899 168,2900 194,2901 219,2901 245,2901 270,2901 296,2901 321,2900 347,2900 372,2899 398,2898 423,2897 449,2896 474,2895 500,2893"/>
                <TextEquiv>
                    <Unicode>vischen dieser frohen</Unicode>
                </TextEquiv>
            </TextLine>
            <TextLine id="r1l134" custom="readingOrder {index:133;}">
                <Coords points="1691,2910 2870,2897 2869,2854 1691,2864"/>
                <Baseline points="1706,2910 1763,2909 1821,2908 1878,2908 1936,2907 1993,2906 2051,2905 2108,2905 2166,2904 2223,2903 2281,2902 2338,2902 2396,2901 2453,2900 2511,2900 2568,2899 2626,2899 2683,2898 2741,2898 2798,2898 2856,2898"/>
                <TextEquiv>
                    <Unicode>ein, bis es plötzlich, noch immer wie mit Ferdinands</Unicode>
                </TextEquiv>
            </TextLine>
            <TextLine id="r1l135" custom="readingOrder {index:134;}">
                <Coords points="528,2941 1683,2944 1683,2910 1565,2889 528,2898"/>
                <Baseline points="542,2937 598,2937 654,2937 711,2937 767,2937 824,2937 880,2936 936,2936 993,2936 1049,2936 1106,2936 1162,2936 1218,2936 1275,2936 1331,2936 1388,2936 1444,2937 1500,2937 1557,2937 1613,2938 1670,2939"/>
                <TextEquiv>
                    <Unicode>lichen Nacht nicht Traum geblieben ist, wie sie hoffte,</Unicode>
                </TextEquiv>
            </TextLine>
            <TextLine id="r1l136" custom="readingOrder {index:135;}">
                <Coords points="80,2957 413,2962 488,2957 525,2933 524,2893 503,2887 484,2908 417,2901 377,2916 356,2902 79,2908"/>
                <Baseline points="93,2950 119,2950 145,2950 171,2950 197,2950 223,2950 249,2949 275,2949 301,2948 327,2948 353,2947 379,2946 405,2945 431,2944 457,2943 483,2943 509,2942"/>
                <TextEquiv>
                    <Unicode>hinlebend. Ihr Gatte</Unicode>
                </TextEquiv>
            </TextLine>
            <TextLine id="r1l137" custom="readingOrder {index:136;}">
                <Coords points="1684,2958 2756,2967 2865,2942 2865,2905 1684,2929"/>
                <Baseline points="1697,2954 1754,2954 1812,2954 1869,2954 1927,2954 1985,2953 2042,2952 2100,2951 2158,2950 2215,2949 2273,2948 2331,2947 2388,2946 2446,2945 2504,2944 2561,2944 2619,2944 2677,2944 2734,2945 2792,2946 2850,2948"/>
                <TextEquiv>
                    <Unicode>Organ, aber jezt in seinem wohlbekannten Alltagston</Unicode>
                </TextEquiv>
            </TextLine>
            <TextLine id="r1l138" custom="readingOrder {index:137;}">
                <Coords points="534,2991 1684,2994 1684,2945 1548,2937 534,2942"/>
                <Baseline points="549,2985 605,2984 661,2984 717,2984 773,2984 829,2984 885,2984 941,2984 997,2984 1053,2984 1109,2984 1165,2984 1221,2983 1277,2983 1333,2983 1389,2983 1445,2982 1501,2982 1557,2982 1613,2981 1669,2981"/>
                <TextEquiv>
                    <Unicode>sondern ins Wirkliche, laut mit Worten und Namen</Unicode>
                </TextEquiv>
            </TextLine>
            <TextLine id="r1l139" custom="readingOrder {index:138;}">
                <Coords points="88,3006 169,3010 201,2992 288,3008 316,2995 348,3006 519,2997 518,2942 215,2963 87,2957"/>
                <Baseline points="103,2995 128,2996 153,2996 178,2996 203,2996 228,2996 253,2995 278,2994 304,2994 329,2993 354,2993 379,2991 404,2991 429,2990 454,2990 479,2989 505,2989"/>
                <TextEquiv>
                    <Unicode>kann es noch immer</Unicode>
                </TextEquiv>
            </TextLine>
            <TextLine id="r1l140" custom="readingOrder {index:139;}">
                <Coords points="1688,3023 2876,3005 2852,2942 1688,2960"/>
                <Baseline points="1703,3004 1760,3003 1818,3002 1876,3001 1934,3000 1992,3000 2050,2999 2107,2998 2165,2997 2223,2996 2281,2996 2339,2995 2397,2994 2455,2994 2512,2993 2570,2992 2628,2992 2686,2991 2744,2990 2802,2989 2860,2989"/>
                <TextEquiv>
                    <Unicode>hart an ihrem Ohr erklang: „Grüß Gott, Beate!“ Da</Unicode>
                </TextEquiv>
            </TextLine>
            <TextLine id="r1l141" custom="readingOrder {index:140;}">
                <Coords points="513,3041 1685,3045 1651,2988 513,2998"/>
                <Baseline points="527,3029 584,3029 641,3030 698,3030 756,3031 813,3031 870,3031 927,3031 985,3031 1042,3031 1099,3031 1156,3031 1214,3031 1271,3030 1328,3030 1385,3030 1443,3029 1500,3029 1557,3029 1614,3028 1672,3028"/>
                <TextEquiv>
                    <Unicode>Bezeichnete trat, daß es keine Rettung und kein Ent¬</Unicode>
                </TextEquiv>
            </TextLine>
            <TextLine id="r1l142" custom="readingOrder {index:141;}">
                <Coords points="78,3051 159,3066 194,3045 226,3057 275,3034 309,3055 396,3040 491,3052 523,3041 523,2998 78,3007"/>
                <Baseline points="94,3039 119,3040 145,3040 171,3040 197,3040 223,3040 249,3041 275,3041 301,3041 326,3041 352,3041 378,3041 404,3041 430,3041 456,3041 482,3041 508,3041"/>
                <TextEquiv>
                    <Unicode>mer tot sein soll,</Unicode>
                </TextEquiv>
            </TextLine>
            <TextLine id="r1l143" custom="readingOrder {index:142;}">
                <Coords points="1684,3052 2869,3040 2868,2997 2721,2987 1684,3003"/>
                <Baseline points="1698,3053 1755,3051 1813,3050 1871,3048 1929,3047 1987,3046 2045,3045 2102,3045 2160,3044 2218,3043 2276,3043 2334,3043 2392,3042 2450,3042 2507,3042 2565,3042 2623,3042 2681,3042 2739,3043 2797,3043 2855,3043"/>
                <TextEquiv>
                    <Unicode>riß sie, tief erschrocken, die Augen auf, sah hart vor sich</Unicode>
                </TextEquiv>
            </TextLine>
            <TextLine id="r1l144" custom="readingOrder {index:143;}">
                <Coords points="519,3083 1680,3091 1680,3050 1550,3025 519,3043"/>
                <Baseline points="533,3074 589,3076 646,3077 703,3077 759,3078 816,3078 873,3078 929,3078 986,3077 1043,3077 1100,3077 1156,3076 1213,3076 1270,3075 1326,3075 1383,3074 1440,3074 1496,3074 1553,3074 1610,3074 1667,3074"/>
                <TextEquiv>
                    <Unicode>rinnen mehr gibt vor den eigenen Anklagen,</Unicode>
                </TextEquiv>
            </TextLine>
            <TextLine id="r1l145" custom="readingOrder {index:144;}">
                <Coords points="78,3107 121,3092 202,3103 233,3088 476,3102 516,3087 516,3052 192,3045 164,3063 111,3049 77,3061"/>
                <Baseline points="92,3091 117,3089 143,3088 168,3087 194,3086 220,3085 245,3085 271,3084 297,3084 322,3083 348,3083 373,3083 399,3083 425,3083 450,3084 476,3084 502,3084"/>
                <TextEquiv>
                    <Unicode>o, als der königliche</Unicode>
                </TextEquiv>
            </TextLine>
            <TextLine id="r1l146" custom="readingOrder {index:145;}">
                <Coords points="1690,3103 2788,3102 2874,3096 2874,3058 1689,3054"/>
                <Baseline points="1704,3099 1761,3097 1819,3096 1877,3094 1935,3093 1993,3092 2051,3091 2108,3090 2166,3089 2224,3089 2282,3088 2340,3088 2398,3088 2456,3088 2513,3088 2571,3088 2629,3089 2687,3089 2745,3090 2803,3090 2861,3091"/>
                <TextEquiv>
                    <Unicode>ein frech verlegenes Gesicht, um dessen Lippen noch einen</Unicode>
                </TextEquiv>
            </TextLine>
            <TextLine id="r1l147" custom="readingOrder {index:146;}">
                <Coords points="528,3130 1680,3130 1623,3078 528,3084"/>
                <Baseline points="541,3122 597,3123 653,3124 709,3124 765,3125 822,3125 878,3125 934,3125 990,3125 1046,3125 1103,3125 1159,3125 1215,3124 1271,3124 1327,3123 1384,3123 1440,3122 1496,3122 1552,3122 1608,3121 1665,3121"/>
                <TextEquiv>
                    <Unicode>vor dem furchtbaren Erkennen der eigenen Schuld.</Unicode>
                </TextEquiv>
            </TextLine>
            <TextLine id="r1l148" custom="readingOrder {index:147;}">
                <Coords points="87,3145 113,3157 159,3136 185,3159 237,3133 283,3138 309,3158 330,3143 408,3157 439,3137 491,3148 514,3145 514,3090 87,3102"/>
                <Baseline points="102,3136 128,3136 155,3135 181,3134 208,3134 235,3134 261,3134 288,3134 314,3134 341,3134 368,3134 394,3134 421,3134 447,3133 474,3132 501,3131"/>
                <TextEquiv>
                    <Unicode>ost hat sterben sehen.</Unicode>
                </TextEquiv>
            </TextLine>
            <TextLine id="r1l149" custom="readingOrder {index:148;}">
                <Coords points="1696,3165 2831,3150 2868,3092 1695,3110"/>
                <Baseline points="1709,3143 1766,3143 1823,3143 1880,3143 1938,3142 1995,3142 2052,3141 2110,3140 2167,3139 2224,3138 2282,3137 2339,3136 2396,3135 2453,3135 2511,3134 2568,3134 2625,3133 2683,3133 2740,3133 2797,3134 2855,3135"/>
                <TextEquiv>
                    <Unicode>vergehenden Zug, der gespenstisch an Ferdinands Lächeln</Unicode>
                </TextEquiv>
            </TextLine>
            <TextLine id="r1l150" custom="readingOrder {index:149;}">
                <Coords points="523,3180 540,3182 557,3175 604,3179 621,3172 639,3183 653,3182 649,3107 632,3108 616,3126 593,3130 587,3136 572,3128 520,3131"/>
                <Baseline points="537,3173 562,3171 588,3169 613,3167 639,3169"/>
                <TextEquiv>
                    <Unicode>Nur</Unicode>
                </TextEquiv>
            </TextLine>
            <TextLine id="r1l151" custom="readingOrder {index:150;}">
                <Coords points="645,3183 1430,3162 1543,3191 1682,3179 1682,3138 644,3139"/>
                <Baseline points="659,3170 709,3170 759,3170 810,3170 860,3170 911,3171 961,3171 1011,3171 1062,3171 1112,3171 1163,3172 1213,3172 1263,3172 1314,3172 1364,3171 1415,3171 1465,3171 1515,3170 1566,3169 1616,3168 1667,3166"/>
                <TextEquiv>
                    <Unicode>einen Wunsch, kaum eingestanden, birgt noch</Unicode>
                </TextEquiv>
            </TextLine>
            <TextLine id="r1l152" custom="readingOrder {index:151;}">
                <Coords points="107,3197 179,3196 197,3181 364,3197 410,3173 515,3190 514,3143 462,3138 329,3142 312,3154 283,3137 240,3138 194,3158 150,3139 107,3156"/>
                <Baseline points="122,3180 147,3181 172,3182 197,3182 222,3183 247,3184 272,3184 297,3184 323,3184 348,3183 373,3183 398,3182 423,3181 448,3179 473,3177 499,3174"/>
                <TextEquiv>
                    <Unicode>es nicht zum Er¬</Unicode>
                </TextEquiv>
            </TextLine>
            <TextLine id="r1l153" custom="readingOrder {index:152;}">
                <Coords points="1694,3196 2882,3191 2881,3119 2595,3162 1694,3162"/>
                <Baseline points="1710,3194 1767,3192 1825,3190 1883,3188 1941,3187 1999,3186 2057,3185 2115,3184 2173,3184 2231,3183 2289,3183 2346,3182 2404,3182 2462,3182 2520,3182 2578,3182 2636,3181 2694,3181 2752,3181 2810,3181 2868,3180"/>
                <TextEquiv>
                    <Unicode>mahnte. ..“ Eine freche Maske quält die unglückliche</Unicode>
                </TextEquiv>
            </TextLine>
            <TextLine id="r1l154" custom="readingOrder {index:153;}">
                <Coords points="1578,3205 1598,3204 1613,3217 1634,3219 1654,3214 1657,3217 1686,3215 1682,3169 1665,3170 1652,3186 1639,3175 1616,3179 1610,3174 1596,3184 1590,3178 1576,3180"/>
                <Baseline points="1593,3211 1618,3208 1643,3207 1669,3205"/>
                <TextEquiv>
                    <Unicode>er¬</Unicode>
                </TextEquiv>
            </TextLine>
            <TextLine id="r1l155" custom="readingOrder {index:154;}">
                <Coords points="517,3216 1008,3233 1075,3199 1127,3236 1274,3208 1468,3242 1569,3214 1569,3185 1488,3170 517,3178"/>
                <Baseline points="533,3214 584,3214 635,3213 686,3213 737,3213 788,3213 839,3214 890,3214 941,3214 992,3215 1044,3215 1095,3215 1146,3215 1197,3215 1248,3215 1299,3215 1350,3215 1401,3215 1452,3214 1503,3213 1555,3211"/>
                <TextEquiv>
                    <Unicode>ihre tiefwunde Brust: Hugo darf nichts</Unicode>
                </TextEquiv>
            </TextLine>
            <TextLine id="r1l156" custom="readingOrder {index:155;}">
                <Coords points="84,3235 142,3230 200,3247 226,3232 275,3244 350,3230 382,3244 524,3224 524,3198 411,3172 350,3198 197,3180 134,3189 119,3175 84,3186"/>
                <Baseline points="98,3230 123,3228 149,3228 175,3227 200,3227 226,3227 252,3227 277,3228 303,3228 329,3229 354,3229 380,3229 406,3229 431,3229 457,3228 483,3227 509,3224"/>
                <TextEquiv>
                    <Unicode>n in blühender Zeit</Unicode>
                </TextEquiv>
            </TextLine>
            <TextLine id="r1l157" custom="readingOrder {index:156;}">
                <Coords points="1692,3252 2853,3242 2870,3199 1691,3197"/>
                <Baseline points="1705,3242 1762,3240 1820,3238 1877,3237 1935,3235 1992,3234 2050,3233 2107,3231 2165,3231 2222,3230 2280,3230 2338,3230 2395,3230 2453,3230 2510,3230 2568,3230 2625,3231 2683,3232 2740,3233 2798,3234 2856,3235"/>
                <TextEquiv>
                    <Unicode>Frau, sie selbst trägt eine Maske umgebunden, und alles,</Unicode>
                </TextEquiv>
            </TextLine>
            <TextLine id="r1l158" custom="readingOrder {index:157;}">
                <Coords points="520,3264 1678,3273 1678,3221 1603,3210 520,3217"/>
                <Baseline points="535,3264 591,3263 648,3263 704,3263 761,3262 817,3262 874,3261 930,3261 987,3261 1043,3260 1100,3260 1156,3259 1213,3259 1269,3259 1326,3258 1382,3258 1439,3257 1495,3257 1552,3257 1608,3256 1665,3256"/>
                <TextEquiv>
                    <Unicode>fahren, ihr Sohn darf nicht das Schreckliche mit sich</Unicode>
                </TextEquiv>
            </TextLine>
            <TextLine id="r1l159" custom="readingOrder {index:158;}">
                <Coords points="85,3284 148,3294 183,3276 264,3283 284,3300 321,3285 394,3295 446,3274 529,3269 528,3220 468,3239 84,3237"/>
                <Baseline points="99,3274 124,3275 150,3276 176,3277 202,3278 228,3278 254,3278 280,3277 306,3277 332,3276 358,3275 384,3274 410,3273 436,3272 462,3270 488,3269 514,3268"/>
                <TextEquiv>
                    <Unicode>icht, als drohe der¬</Unicode>
                </TextEquiv>
            </TextLine>
            <TextLine id="r1l160" custom="readingOrder {index:159;}">
                <Coords points="1693,3291 2872,3299 2871,3238 2730,3230 1693,3248"/>
                <Baseline points="1708,3285 1765,3284 1822,3284 1880,3282 1937,3282 1995,3281 2052,3280 2109,3279 2167,3278 2224,3277 2282,3277 2339,3276 2396,3276 2454,3276 2511,3276 2569,3276 2626,3276 2683,3277 2741,3278 2798,3279 2856,3281"/>
                <TextEquiv>
                    <Unicode>die Jugend und die Liebe, Leben und Sterben, alles</Unicode>
                </TextEquiv>
            </TextLine>
            <TextLine id="r1l161" custom="readingOrder {index:160;}">
                <Coords points="523,3308 1685,3316 1684,3273 1586,3259 523,3264"/>
                <Baseline points="539,3309 595,3310 652,3310 708,3310 765,3310 822,3309 878,3309 935,3309 991,3309 1048,3308 1105,3308 1161,3307 1218,3307 1274,3307 1331,3306 1388,3306 1444,3306 1501,3305 1557,3305 1614,3305 1671,3305"/>
                <TextEquiv>
                    <Unicode>hinaus ins Leben nehmen. Aber auch er weiß es schon;</Unicode>
                </TextEquiv>
            </TextLine>
            <TextLine id="r1l162" custom="readingOrder {index:161;}">
                <Coords points="81,3325 168,3322 205,3342 286,3316 315,3336 517,3330 517,3275 445,3275 393,3295 283,3278 254,3290 182,3276 147,3293 81,3287"/>
                <Baseline points="95,3320 120,3321 146,3321 171,3322 197,3323 222,3323 248,3324 273,3324 299,3324 324,3324 350,3324 375,3323 401,3323 426,3322 452,3321 477,3320 503,3318"/>
                <TextEquiv>
                    <Unicode>em selber gar nicht</Unicode>
                </TextEquiv>
            </TextLine>
            <TextLine id="r1l163" custom="readingOrder {index:162;}">
                <Coords points="1704,3338 2542,3340 2573,3311 2831,3340 2871,3293 1704,3298"/>
                <Baseline points="1718,3335 1775,3333 1832,3332 1889,3331 1946,3330 2003,3328 2060,3327 2117,3326 2174,3325 2231,3324 2288,3323 2345,3323 2402,3322 2459,3322 2516,3321 2573,3321 2630,3321 2687,3322 2744,3322 2801,3323 2858,3323"/>
                <TextEquiv>
                    <Unicode>wird ihr zur Maske, hinter der wir gleich Beaten eine</Unicode>
                </TextEquiv>
            </TextLine>
            <TextLine id="r1l164" custom="readingOrder {index:163;}">
                <Coords points="523,3361 1687,3361 1644,3306 523,3323"/>
                <Baseline points="537,3357 593,3358 650,3359 707,3359 764,3360 821,3360 877,3359 934,3359 991,3359 1048,3358 1105,3357 1161,3356 1218,3356 1275,3355 1332,3354 1389,3353 1445,3352 1502,3351 1559,3350 1616,3350 1673,3349"/>
                <TextEquiv>
                    <Unicode>Fortunata, die Feindin, hat es ihm ins Ohr gezischelt, die</Unicode>
                </TextEquiv>
            </TextLine>
            <TextLine id="r1l165" custom="readingOrder {index:164;}">
                <Coords points="81,3382 165,3373 194,3387 222,3369 286,3383 318,3369 367,3374 384,3391 520,3373 520,3329 309,3334 283,3320 219,3343 167,3321 81,3327"/>
                <Baseline points="96,3366 121,3368 147,3370 172,3371 198,3371 224,3371 249,3371 275,3371 301,3371 326,3370 352,3369 377,3369 403,3368 429,3367 454,3367 480,3366 506,3366"/>
                <TextEquiv>
                    <Unicode>rklich, und man faßt</Unicode>
                </TextEquiv>
            </TextLine>
            <TextLine id="r1l166" custom="readingOrder {index:165;}">
                <Coords points="1703,3386 2847,3387 2867,3321 1703,3340"/>
                <Baseline points="1718,3381 1774,3380 1831,3378 1888,3377 1944,3376 2001,3375 2058,3374 2114,3373 2171,3373 2228,3372 2285,3372 2341,3372 2398,3372 2455,3372 2511,3372 2568,3372 2625,3372 2681,3372 2738,3372 2795,3372 2852,3373"/>
                <TextEquiv>
                    <Unicode>Wahrheit suchen, die uns befreie. Aber alles bleibt ein</Unicode>
                </TextEquiv>
            </TextLine>
            <TextLine id="r1l167" custom="readingOrder {index:166;}">
                <Coords points="525,3410 1681,3408 1680,3359 1637,3353 525,3361"/>
                <Baseline points="541,3405 597,3405 653,3406 709,3406 766,3406 822,3406 878,3406 935,3405 991,3405 1047,3404 1104,3404 1160,3403 1216,3402 1272,3402 1329,3401 1385,3400 1441,3399 1498,3398 1554,3398 1610,3397 1667,3396"/>
                <TextEquiv>
                    <Unicode>Fremde, von der Beaten einst eine Welt trennte: nun</Unicode>
                </TextEquiv>
            </TextLine>
            <TextLine id="r1l168" custom="readingOrder {index:167;}">
                <Coords points="92,3426 182,3412 222,3430 275,3409 355,3430 410,3410 428,3427 520,3430 520,3372 454,3372 416,3390 318,3369 286,3383 217,3369 182,3389 162,3372 93,3383"/>
                <Baseline points="106,3413 132,3414 159,3414 185,3415 212,3415 239,3416 265,3416 292,3415 318,3415 345,3415 372,3415 398,3415 425,3415 451,3415 478,3415 505,3416"/>
                <TextEquiv>
                    <Unicode>und die Zeit geht</Unicode>
                </TextEquiv>
            </TextLine>
            <TextLine id="r1l169" custom="readingOrder {index:168;}">
                <Coords points="1703,3436 2737,3442 2858,3430 2858,3381 1703,3387"/>
                <Baseline points="1716,3429 1772,3427 1828,3425 1885,3424 1941,3423 1997,3422 2054,3421 2110,3420 2166,3420 2223,3420 2279,3420 2335,3420 2392,3420 2448,3420 2504,3420 2561,3420 2617,3421 2673,3421 2730,3421 2786,3421 2843,3421"/>
                <TextEquiv>
                    <Unicode>Geheimnis, alles bleibt ferne, wie durch einen Schleier</Unicode>
                </TextEquiv>
            </TextLine>
            <TextLine id="r1l170" custom="readingOrder {index:169;}">
                <Coords points="520,3461 1690,3461 1690,3398 520,3412"/>
                <Baseline points="535,3451 592,3451 649,3451 706,3451 763,3451 820,3451 877,3451 934,3451 991,3450 1048,3450 1106,3449 1163,3449 1220,3448 1277,3447 1334,3446 1391,3445 1448,3444 1505,3443 1562,3442 1619,3441 1677,3439"/>
                <TextEquiv>
                    <Unicode>ihresgleichen, eine Spießgesellin. Jetzt erst begreift Beate</Unicode>
                </TextEquiv>
            </TextLine>
            <TextLine id="r1l171" custom="readingOrder {index:170;}">
                <Coords points="101,3466 130,3462 173,3482 199,3464 234,3481 271,3466 346,3477 369,3460 387,3477 465,3464 514,3481 513,3420 427,3427 383,3410 349,3431 270,3412 222,3430 184,3413 100,3422"/>
                <Baseline points="116,3458 141,3461 166,3463 192,3464 217,3465 243,3465 268,3465 294,3464 319,3463 345,3462 370,3461 396,3460 421,3459 447,3459 472,3459 498,3460"/>
                <TextEquiv>
                    <Unicode>im gleichen Bette,</Unicode>
                </TextEquiv>
            </TextLine>
            <TextLine id="r1l172" custom="readingOrder {index:171;}">
                <Coords points="2436,3472 2485,3492 2508,3472 2586,3478 2618,3458 2670,3482 2742,3468 2855,3480 2855,3428 2832,3425 2690,3430 2673,3415 2647,3432 2554,3435 2520,3417 2505,3432 2436,3431"/>
                <Baseline points="2449,3470 2475,3469 2501,3469 2527,3468 2553,3468 2579,3469 2605,3469 2631,3470 2657,3470 2683,3471 2709,3471 2735,3471 2761,3471 2787,3471 2813,3470 2839,3468"/>
                <TextEquiv>
                    <Unicode>sondern eben nur</Unicode>
                </TextEquiv>
            </TextLine>
            <TextLine id="r1l173" custom="readingOrder {index:172;}">
                <Coords points="1691,3485 1795,3490 1870,3463 1954,3486 2313,3488 2434,3467 2433,3420 2404,3412 1691,3439"/>
                <Baseline points="1707,3477 1742,3476 1778,3474 1813,3473 1849,3472 1885,3471 1920,3471 1956,3470 1991,3470 2027,3470 2063,3469 2098,3469 2134,3469 2169,3469 2205,3469 2241,3469 2276,3469 2312,3469 2347,3469 2383,3468 2419,3468"/>
                <TextEquiv>
                    <Unicode>gesehen, nicht eigentliches Erlebnis,</Unicode>
                </TextEquiv>
            </TextLine>
            <TextLine id="r1l174" custom="readingOrder {index:173;}">
                <Coords points="525,3517 1554,3514 1692,3501 1692,3460 525,3468"/>
                <Baseline points="539,3503 596,3500 653,3498 710,3497 767,3496 824,3494 881,3494 938,3493 995,3493 1052,3493 1109,3492 1166,3492 1223,3492 1280,3492 1337,3492 1394,3492 1451,3491 1508,3491 1565,3490 1622,3489 1679,3487"/>
                <TextEquiv>
                    <Unicode>ganz klar, daß es kein Entrinnen gibt, nun erst sieht sie</Unicode>
                </TextEquiv>
            </TextLine>
            <TextLine id="r1l175" custom="readingOrder {index:174;}">
                <Coords points="78,3507 156,3530 182,3506 280,3523 306,3509 361,3532 398,3506 459,3517 525,3500 525,3468 499,3479 467,3465 387,3477 369,3460 346,3477 323,3465 300,3477 77,3466"/>
                <Baseline points="91,3506 117,3507 143,3508 169,3508 196,3509 222,3509 248,3510 274,3510 301,3510 327,3510 353,3509 379,3509 406,3508 432,3507 458,3507 484,3506 511,3505"/>
                <TextEquiv>
                    <Unicode>kilte, trinkt aus dem¬</Unicode>
                </TextEquiv>
            </TextLine>
            <TextLine id="r1l176" custom="readingOrder {index:175;}">
                <Coords points="524,3550 2861,3525 2218,3457 523,3509"/>
                <Baseline points="537,3548 652,3550 768,3551 883,3550 999,3549 1114,3547 1230,3545 1345,3542 1461,3538 1576,3535 1692,3531 1807,3528 1923,3524 2038,3521 2154,3519 2269,3517 2385,3516 2500,3516 2616,3517 2731,3519 2847,3522"/>
                <TextEquiv>
                    <Unicode>im Tode die endliche Befreiung, die Sühne, die große eine Aktstudie, ein künstlerischer Ausflug ins Erstaunliche,</Unicode>
                </TextEquiv>
            </TextLine>
            <TextLine id="r1l177" custom="readingOrder {index:176;}">
                <Coords points="76,3563 166,3552 290,3582 308,3564 351,3570 374,3553 411,3574 429,3562 495,3569 530,3549 530,3502 513,3499 380,3519 77,3505"/>
                <Baseline points="91,3554 117,3555 144,3555 170,3555 197,3556 223,3557 250,3558 276,3559 303,3560 329,3560 356,3560 382,3560 409,3560 435,3559 462,3558 488,3556 515,3553"/>
                <TextEquiv>
                    <Unicode>en berührte, pflückt</Unicode>
                </TextEquiv>
            </TextLine>
            <TextLine id="r1l178" custom="readingOrder {index:177;}">
                <Coords points="76,3636 1980,3612 2010,3525 74,3558"/>
                <Baseline points="90,3619 185,3613 280,3610 375,3606 471,3603 566,3601 661,3600 756,3598 852,3597 947,3597 1042,3596 1137,3595 1233,3594 1328,3593 1423,3591 1518,3589 1614,3586 1709,3582 1804,3578 1899,3572 1995,3565"/>
                <TextEquiv>
                    <Unicode>Erdbeeren, wo man Reinigung und Läuterung. Gemeinsam mit ihrem Sohne in die Gefahr.</Unicode>
                </TextEquiv>
            </TextLine>
            <TextEquiv>
                <Unicode>box 4/5
28. Frau Beate und ihr Sohn
ann
bewahr.)
Presse, Wien
geht sie in den Tod, nun wieder ganz Mutter, ihr Kind
sie mit einem auflas, der niemals wieder pflücken wird:
htt.
bergend, mit sich nehmend, auf Armen tragend, im
und hat nicht Tod noch Leben je ganz begriffen.“
Sterben vor der Gefahr des Lebens beschützend
Es ist eine echt Schnitzlersche Betrachtung, die sich
uns hier erschließt, wie es auch durchaus der Atmosphäre
Schnitzlers.
Und wieder muß man der Gestalt des Dichters
früherer Gestalten des Dichters angemessen sch#it, daß
Aschenbach aus dem neuen Buche von Thomas Mann
Novelle von Arthur
Beate, aus den Schrecknissen eines so nahe reffenden
g. Berlin.)
gedenken, der stirbt, während der Knabe Tadzio vor seinen
Todesfalles ins Leben zurücktaumelnd, von ihrem schlim¬
Augen in die reinigende Flut der Lagune schreitet, hinaus¬
rs erinnert in mehr
men Schicksale verstrickt wird, das zuerst die Maske
deutend, voranschwebend ins Verheißungsvoll=Ungeheure.
Buch von Thomas
neuer Jugend und Liebe trägt und sich dabei selbst zum
Hier wie dort gibt es Schuld zu fühnen, und diese Schuld
sich gleich ihm eine
zweitenmal als Tod und Verderben entlarvt. Ihre aus¬
bedrückt den Leser, macht ihn unfrei, daß er nicht immer
mender Prosa, nur
schweifende Sehnsucht, ihr schuldiges Schwachwerden und
zu folgen vermag, hemmt ihn, legt sich ihm schwer auf die
Dialogstellen durch¬
Unterliegen scheint so einem plötzlich aufflackernden Lebens¬
so
Brust. Hier wie dort ist der Wert des Buches nicht
kt erzählt, sündhaft
hunger zu entspringen; sie fällt dem Tode anheim, da sie
sehr in der gefahrvollen Handlung, in der gewagten
enzen des künstlerisch
ihm zu entfliehen trachtet. Als das Furchtbarste aber, das
Fabel begründet, die erschreckt und beängstigt, ohne doch
eide Dichter, den
Beate zuerst kaum zu fassen vermag und das sie schließlich
zu bezwingen und zu überzeugen, sondern in der meister¬
en heimatlich nahen,
allzu leicht hinnimmt, erweist sich nicht
so sehr das
lichen Art des Vortrages. Wie in jeder richtigen Novelle
wohl gerade das
Schrecknis des Todes, sondern das bedrohlichere Schreck¬
kommt der Dramatiker und der Erzähler gleichermaßen
Forganges, der ganz
nis des neu und erstaunlich sich ihr offenbarenden Lebens.
zum Wort, kein unnötiges Beiwerk, kein Gestrüpp hemmt
nte, etwa in der
Eine alternde Frau — Baronin Fortunata
das ruhige Hinströmen der Prosa. Mit den wenigen, wie
um dann ganz
eine Abenteurerin, droht Beatens Sohne, ihrem Hugo,
zufällig eingeschobenen Dialogstellen, oft nur mit einem
sich auszulassen —.
gefährlich zu werden, droht des unmündigen Knaben
einzigen farbigen, charakteristischen Wort wird der öster¬
kiffen, in den er¬
erstes unsicher tastendes Liebeswerben sich zum
reichische Schauplatz der Begebenheit angedeutet, wie sich
erückt, mußte das
Spiel zu nützen. Beate stellt die Fremde;
das Salzkammergut
ganz
die sanfte Landschaft —
Gedachte schnellhin
drohend, zum Kampf bereit: ganz und gar besorgte
unauffällig als handelnde Person in die Erzählung mengt,.
im Bilde wandeln,
Mutter, die ihr Heiligstes verteidigt, zugleich empört und
der See zwischen Bäumen hervorschimmernd, die Badenden
genommen hätte,
auf das Tiefste in ihrer weiblichen Würde verletzt. Eine
erwartend, und dann von drohenden grauen Ufern um¬
Abstufungen und
Welt trennt sie von der verruchten Frau, unbegreislich
mauert, die Beatens brechender Blick noch einmal mißt,
zu lassen. Es wird
als die letzten Schatten der verlöschenden Welt. Rührend
llisch rot und dies
ihre sinnliche Neugieede.... Und dann fällt sie dieser
der Schicksale, die
auch ist die Vision der von ihrem eigenen Ge¬
Neugierde, diesem Sinnentaumel selbst zum Opfer, ver¬
gend, eindringlich,
wissen gemarterten Beate, die sich, von Stufe zu Stufe sinken,
gibt sich einem Kameraden ihres Sohnes — wie furcht¬
aus einer Umarmung in die andere taumeln sieht: ein
rüttelt uns nicht,
bar — sinkt in seine ungeschickt zärtliche Umarmung
Selbstgespräch, an jenes meisterhaft belauschte des Leut¬
lles gleitet kühl, in
gerade an dem Abend, da Hugo sich in Fortunatens
kein Teil an ihm
nants Gustl gemahnend, ganz eigenartig in seiner Technik.
Kammer stiehlt; doppelt sündig, ihrer geheiligten Mutter¬
steht außerhalb des
Ergreisend auch die Szene, da der junge Beratoner
schaft unwert, von qualvoller Seelenpein allsogleich ge¬
Es hat die Feier¬
Beatens Gatten, den berühmten Tragöden, nachahmt.
foltert, sich selbst verhaßt, von der verschuldeten Schmach
n der Künstler aus
„Klopfenden Herzens hörte Beate zuerst Hamlets Mono¬
gezeichnet, daß sie meint, jeder müsse das Entsetzen ihr
Fest und Wunder ist.
log „Sein oder Nichtsein“ in Ferdinands heroischem Ton¬
von der Stirne lesen. Und schon rühmt sich der unwürdige
ins Erstaunliche
fall durch die freie Sommerluft klingen, dann Verse aus
Knabe, an den sie ihre Gunst verlor, einem neu einge¬
de der Seele ent¬
dem Tasso, dann irgendwelche längst vergessene Worte
troffenen Freunde seines ersten Liebesabenteuers, über¬
aus einem längst vergessenen Stück; hörte das Auf¬
treibt wohl auch in der prahlerischen, ein wenig scham¬
ierzig Jahren, früh
dröhnen und Hinschmelzen jener heißgeliebten Stimme
losen Art ganz junger Menschen, und Frau Beate, die
isucht voll, an ihren
und trank sie geschlossenen Auges wie ein Wunder in sich
Lauscherin, muß erkennen, daß die Torheit einer zärt¬
vischen dieser frohen
ein, bis es plötzlich, noch immer wie mit Ferdinands
lichen Nacht nicht Traum geblieben ist, wie sie hoffte,
hinlebend. Ihr Gatte
Organ, aber jezt in seinem wohlbekannten Alltagston
sondern ins Wirkliche, laut mit Worten und Namen
kann es noch immer
hart an ihrem Ohr erklang: „Grüß Gott, Beate!“ Da
Bezeichnete trat, daß es keine Rettung und kein Ent¬
mer tot sein soll,
riß sie, tief erschrocken, die Augen auf, sah hart vor sich
rinnen mehr gibt vor den eigenen Anklagen,
o, als der königliche
ein frech verlegenes Gesicht, um dessen Lippen noch einen
vor dem furchtbaren Erkennen der eigenen Schuld.
ost hat sterben sehen.
vergehenden Zug, der gespenstisch an Ferdinands Lächeln
Nur
einen Wunsch, kaum eingestanden, birgt noch
es nicht zum Er¬
mahnte. ..“ Eine freche Maske quält die unglückliche
er¬
ihre tiefwunde Brust: Hugo darf nichts
n in blühender Zeit
Frau, sie selbst trägt eine Maske umgebunden, und alles,
fahren, ihr Sohn darf nicht das Schreckliche mit sich
icht, als drohe der¬
die Jugend und die Liebe, Leben und Sterben, alles
hinaus ins Leben nehmen. Aber auch er weiß es schon;
em selber gar nicht
wird ihr zur Maske, hinter der wir gleich Beaten eine
Fortunata, die Feindin, hat es ihm ins Ohr gezischelt, die
rklich, und man faßt
Wahrheit suchen, die uns befreie. Aber alles bleibt ein
Fremde, von der Beaten einst eine Welt trennte: nun
und die Zeit geht
Geheimnis, alles bleibt ferne, wie durch einen Schleier
ihresgleichen, eine Spießgesellin. Jetzt erst begreift Beate
im gleichen Bette,
sondern eben nur
gesehen, nicht eigentliches Erlebnis,
ganz klar, daß es kein Entrinnen gibt, nun erst sieht sie
kilte, trinkt aus dem¬
im Tode die endliche Befreiung, die Sühne, die große eine Aktstudie, ein künstlerischer Ausflug ins Erstaunliche,
en berührte, pflückt
Erdbeeren, wo man Reinigung und Läuterung. Gemeinsam mit ihrem Sohne in die Gefahr.</Unicode>
            </TextEquiv>
        </TextRegion>
    </Page>
</PcGts>
