3296 4256
186 104 1510 173 28. Frau Beate und ihr Sohn
1667 92 2044 195 box 4/5
429 148 1506 206 en d un  een en ene den en en e en eien e eene erenacht den dede en en
268 493 688 573 Ausschnitt aus:
555 540 839 618 Berliner,4#
905 552 1356 662 Heg, Berlin
273 615 428 669 vom:
1120 766 2011 839 Leben verlieren. Sie gehen gemeinsam in den
1136 828 1245 889 Tob.
368 812 942 901 neue Bucher.
1179 850 2002 924 Nicht daß die Natur ihr Recht fordert von
1126 903 2017 964 Frau Beaten; nicht daß die Leidenschaft souverän
219 903 681 1007 Arthur Schnifler:
1124 945 1959 1008 die Gesellschaft und ihre Gesetze vergißt —
412 966 1095 1060 Frau Beate und ihr Sohn.
1128 985 2001 1053 das Merkwürdige dieses Schicksals. Aber daß
1124 1031 2002 1105 sich die reife, verständige, hochgesinnte Frau weg¬
266 1036 1108 1118 Kaum ein anderer wie Schnißler weiß
1129 1079 2010 1149 wirft an einen Buben, der ihr Sohn sein könnte,
219 1094 1103 1148 Wege des Labyrintk# so unheimlich klar zu be¬
1127 1121 1999 1177 das ist unerhört. Der ihr Sohn sein könnte....
211 1137 1099 1209 lichten. Schnitzler in einer von denen, die die
1126 1164 2010 1220 Hier, gerade hier hat die Brücke, die ins Dunkle
213 1180 1104 1234 menschliche Unterweit belauschen. Er hat un¬
1127 1202 2014 1279 führt, einen Stützpunkt: Mutter= und Weib¬
217 1224 1109 1281 begreiflich feine Gehörsorgane der Seele, und
1830 1246 2017 1302 So kühl
1128 1251 1809 1311 triebe fließen ruchlos zusammen ..
221 1271 1111 1349 sein Verstehen entschleiert die Geheimnisse der
1129 1293 2016 1355 und liebeentfremdet Frau Beate sich selbst schien,
1135 1336 2010 1406 in ihr dämmerten Dämonen der Sinne. Es hat
285 1340 1109 1414 Mit dem äußeren 1 mriß einer Novelle ist sein
1126 1380 2016 1448 Bedeutung, daß sie glücklich gewesen ist in der
222 1400 1089 1470 neuestes Werk. „Frau Beate und ihr
1138 1421 2014 1494 Ehe — gerade mit einem Schauspieler. Denn
217 1445 1104 1514 Sohn“ (Verlag S. Fischer, Berlin) ein Roman.
1132 1466 2003 1529 der war nicht ein einzelner Mann, er war
219 1482 1111 1553 der jede Entwicklungsphase der beiden Haupt¬
1136 1503 2019 1584 Hamlet und Cyrano und König Richard und der
232 1519 1107 1601 gestalten bis zu ihrem Tode aufschließt. Die Art,
1136 1555 2009 1615 und jener, ein Held oder ein Verbrecher, ein
230 1588 1120 1645 wie wir aus dem Gewordenen ins Werdende
1143 1597 2020 1662 Gesegneter oder ein Gezeichneter. Wie nun die
223 1619 1116 1677 zurückgeführt werden, ist deshalb so bewunderns¬
1139 1639 2007 1708 in fünfjähriger Witwenschaft gebändigte Natur
219 1659 1115 1716 wert, weil wir keinen Augenblick dabei das
1126 1684 2017 1743 die Schranken einreißt, wird der Sinn der Dich¬
228 1694 1109 1754 Gegenwartsgefühl verlieren, keine chronistische
1134 1736 2029 1803 tung deutlich: Wer kann wissen, was in ihm¬
222 1745 1118 1811 Plumpheit die Leidenschaft des Miterlebens
1134 1769 2019 1841 schlummert, was einmal in der Dunkelheit un¬
228 1791 1117 1854 unterbindet. Alles, was für Frau Beate und
1137 1825 1629 1887 versehens ihn anspringt?
224 1809 1120 1901 ihren Sohn einmal war, das wird in irgend¬
1193 1856 2016 1918 Daß das Drama mit dem Selbstmord von
227 1872 1116 1941 einem Augenblick wieder seiend. Besonders
1153 1897 2017 1967 Mutter und Sohn endigt, muß nach der Art der
219 1915 1119 1981 gilt das von Beatens begrabenem Eheleben. Sie
1150 1946 2011 2003 beiden für selbstverständlich gelten. Auch diese
233 1956 1122 2029 erzählt nicht von ihrem seit fünf Jehren
1145 1990 2021 2060 Menschen sind ja durch Vererbung und Erziehung
219 2006 1123 2077 toten Gatten, sie erlebt ihn aufs neue in
1146 2035 2016 2104 in ihrem tiefsten Gemüt abhängig von einer
228 2058 1122 2115 Treue und Untreue, in Liebe und Enttäuschung,
1148 2074 2024 2135 Kultur, die den alten Sühnetod verehrt. Aber
226 2093 1128 2153 erlebt ihn anter dem Drucke anderer erotischer
1140 2113 2012 2188 in kommenden Zeiten wird der Mensch fühlen und
223 2134 1118 2214 Erlebnisse. Und dieser Gewesene, der berühmt¬
1151 2164 2015 2235 erkennen, daß der freiwillige Tod kein Schuld¬
239 2174 1123 2247 Schauspieler, dessen bloßer Schatten die Gegen¬
1154 2207 2007 2276 vertilger, sondern selbst die schwerste Schuld ist.
240 2233 1125 2286 wart der Dichtung streift, er ist greifbarer als
1148 2251 2009 2326 Gut ist das Lebenerhaltende, böse das Leben¬
227 2278 1118 2341 zahllose breitspurige Helden der Schauspieler¬
1152 2301 2014 2358 vernichtende. Der Tod löst nicht, er vernichtet
232 2329 414 2384 romane.
1148 2339 2018 2392 bloß. Freilich waren alle unsere Tragiker bisher
290 2346 1129 2421 Frau Beate hat ihren Gatten geliebt, und
1149 2390 1994 2455 anderer Meinung. HIermann Kienzl.
245 2400 1129 2459 ähre Treue hängt dem Toten so an, daß in den
239 2434 1136 2516 fünf Jahren ihrer Witwenschaft der Gedanke an
242 2482 1131 2557 einen neuen Ehebund ihr unfaßlich war, jede
240 2525 1137 2605 Regung der Sinne endgültig erstickt schien, und
237 2568 1135 2633 alle ihre große Liebe aufging in Mütterlichkeit,
237 2612 1131 2674 in der innigsten Gemeinschaft mit ihrem Sohne.
235 2653 1129 2727 Der ist jetzt siebzehn Jahr alt. Eines Tages
245 2695 1132 2766 nimmt die Mutter mit Entsetzen wahr, daß er
245 2745 1139 2804 ährem Vertranen heimlich entronnen und in die
249 2783 1143 2858 Bande einer gefährlichen Halbweltdame geraten
242 2808 1147 2905 ist. Mit der Sicherheit einer gereiften, unantast¬
240 2880 1139 2933 baren Frav nimmt Veate den Kampf auf gegen
249 2904 1147 2981 die Verführerin ihres Kindes. Ehe sie siegen
246 2950 1129 3024 konnte, bricht das Unwahrscheinlichste über sie
240 2995 1137 3060 selbst herein. In einer Frühlingsnacht erliegt
246 3048 1136 3110 diese kluge und brave Frau dem heißen Sturm
251 3086 1147 3158 eines halbwüchsigen Jungen, eines Schul¬
247 3140 1142 3210 kameraden ihres Sohnes. Sie wird die heimliche
242 3174 1139 3245 Geliebte des Knaben, vergißt ihre Mutter¬
248 3213 1144 3283 pflichten, lebt in einem lodernden Wahn, aus
245 3262 1138 3339 dem sie mit Verzweifiung erwacht. Der unreise,
252 3307 1153 3370 renommistische Taugenichts gibt sie, die alternde
260 3346 1150 3414 Frau, der öffentlichen Schmach preis. Wie ein
263 3389 1147 3449 verendendes Tier liegt Beate auf der Erde, einen
262 3441 1143 3490 letzten Schlag erwartend. Auch der kommt. Ihr
249 3473 1150 3552 Sohn hat erfahren, was sein kindliches Gemüt
260 3516 1157 3582 nicht fassen kann. Mutter und Sohn scheinen
257 3566 1156 3643 einander verloren. Doch lieber wollen sie das
2481 53 2907 114 (Odellenangabe onne Sene..
2986 117 3178 215 575
2172 131 2588 205 Ausschnitt aus:
2509 222 2805 291 1- 6. 1915
2166 243 2335 299 vom:
2133 297 3223 369 Frau Beate und ihr Sohn. Novelle von Arthur
2034 350 3224 427 Schuitler (S. Fischer, Verlag Berlin). Diese noch junge und
2043 402 3220 453 schöne Fräll Bec Heinold ermnert zuweilen an jene Frau
2043 454 3223 517 Berta Garlan,4deren verwandtes Schicksal uns Schnitzler vor
2036 499 3230 557 Jahren in einer meisterlichen Novelle erzählt hat. Auch sie ist
2037 536 3219 598 Witwe und hält dem verstorbenen Gemahl die Gattentreue über
2036 575 3223 632 das Grab hinaus, trotz wacher Sinne und mancher von ver¬
2045 628 3221 688 worrener Sehnsucht gestörter Nächte. Und auch ihr wird das
2036 673 3218 730 erste erotische Erlebnis, das dann in ihr Leben tritt, zum Ver¬
2043 707 3228 775 hängnis — zu schwererem noch als der rebenstüchtigeren Frau
2053 753 3215 816 Garlan. Beate hat aus ihrer Ehe mit dem großen Schauspieler
2039 797 3219 850 Ferdinand Heinold einen Sohn, der ihr nun schon seit Jahren
2041 840 3226 900 bester und einziger Lebensinhalt ist. Nun aber scheint die Zeit
2035 879 3213 942 der bisherigen tiefinnigen, vertrauten Gemeinschaft vorbei. Der
2033 923 3222 991 Sohn ist ein reifer Jüngling geworden. Abenteuer, Frauen
2038 965 3225 1017 kreuzen seinen Weg, Geheimnisse stellen sich zwischen
2027 1011 2260 1067 ihn und
2258 1008 2587 1070 die Mutter.
2710 1011 3215 1082 derse'ben Sommerfrische
2033 1036 2483 1116 des Salzkammergutes
2572 1054 3215 1129 mit welch herrlich müheloser
2035 1102 3213 1173 Kunst ist diese Landschaft, diese Atmosphäre sichtbar und
2038 1150 3215 1221 fühlbar gemacht! — lebt eine Baronin stark zweifelhaften Ru¬
2038 1194 3208 1256 fes, eine frühere Schauspielerin, die aber nach wie vor ganz
2038 1235 3212 1310 ihrem Temperament, ihren rasch wechselnden Liebeswünschen lebt
2037 1279 3212 1347 und vor der Beate ihren Sohn am meisten behüten zu müssen
2034 1315 3206 1384 glaubt. Sie geht so weit, die Baronin selbst darum zu bitten,
2041 1371 3215 1431 sich Hugos Werbungen zu verschließen. Ohne daß sie es weiß
2033 1463 3220 1530 legt dieser Besuch den Keim zu tiefen Veränderungen in ihrem
2041 1515 3210 1558 Denken und Fühlen. Denn in dieser Baronin Fortunata tritt
2035 1552 3213 1618 Beate einer Welt entgegen, die sie bisher nur mit leisem Schauer
2041 1608 3210 1656 ahnte; der Welt ungehemmter, freier Sinnenlust. Frau Beate
2039 1650 3204 1702 tut nur einen ganz flüchtigen Einblick in diese Welt; doch ihre
2032 1683 3212 1739 Vorstellungen kehren nun halb unbewußt oft zu ihr zurück, ge¬
2035 1725 3213 1780 winnen immer mehr Nahrung durch die Vergegenwärtigung der
2035 1772 3210 1831 Situationen, in denen sie Hugo vermutet, wenn er — was nun immer
2038 1815 3205 1865 häusiger geschieht — des Nachts nicht zu Hause ist. Langsam
2041 1861 3212 1910 gerät Frau Beatens Blut in Aufruhr. Sie fühlt mit einem
2037 1900 3212 1954 Male wieder, daß sie noch jung ist, sie bemerkt deutlicher als
2033 1944 3213 1997 sonst das zarte und das dreistere Begehren der Männer, mit
2037 1989 3214 2045 denen dieses Sommerleben sie zusammengeführt. Und da ist
2036 2027 3214 2089 ein Knabe, ein nur etwas älterer Schulkamerad ihres Sohnes,
2032 2078 3215 2128 der im Hause wohnt, den sie eines Abends vor der Türe ihres
2039 2127 3209 2176 Schlafzimmers findet und dessen jugendliches Werben sie un¬
2032 2176 3216 2229 vermutet überfällt, sie berauscht und — besiegt. Sie wird seine
2035 2209 3212 2260 Geliebte. Ihr bislang so klates, sicheres Leben wird nun wirr,
2022 2235 3222 2307 trub und haltlos. Hier bei der Schilderung dieser seelischen
2039 2300 3221 2356 Krise, die, nach rückwärts und vorwärts greifend, Ver¬
2048 2351 3216 2405 gangenheit und Zukunft aufwühlt, erkennt man wieder,
2033 2386 3217 2438 daß das Schrifttum der Gegenwart zurzeit keinen hell¬
2306 2434 3226 2493 keinen, sensitiveren Psychologen heutiger
2039 2430 2252 2487 sichtigeren,
2047 2471 3225 2530 Weiblichkeit besitzt, als Schnitzlir. Wie wundervoll wahr
2040 2519 3223 2582 und überzeugend ist nur die Wandlung gezeigt, die nun mit
2030 2570 3222 2619 einem Male das Andenken an ihren Mann völlig umgestaltet.
2034 2603 3218 2650 Wie der schwärmerisch verehrte Menschengestalter, in dem Beate
2031 2647 3222 2706 immer neue, immer andere Männer lieben zu können wähnte,
2039 2700 3219 2756 plötzlich zum Komödianten wird, der seine eigene Erbärmlichkeit
2037 2738 3217 2806 hinter immer neuen, immer anderen Masken versteckte. .. Veate
2038 2781 3221 2830 wird ihres unerwarteten und fast ungewollten Liebesglückes nicht
2038 2827 3222 2878 froh. Es ist ihr, als hätte sie sich durch die Hingabe an den
2042 2866 3214 2926 Schulkameraden ihres Sohnes an diesem vergangen. Und als
2038 2914 3225 2967 sie eines Tages zuhören muß, wie ihr unreifer Galan, zwar
2033 2957 3213 3006 ohne ihren Namen zu nennen, doch in roher, häßlicher Weise sich
2040 2999 3219 3056 seines leichten Sieges rühmt, fühlt sie sich so beschmutzt und erniedrigt,
2043 3051 3223 3099 daß es ihr unmöglich erscheint, weiterzuleben. Und nun trifft sie ein
2045 3086 3211 3148 weiterer, noch heftigerer Schlag: Hugo hat in trunkener Gesell¬
2033 3128 3224 3179 schaft auf brutale Weise von ihrem Tun erfahren und auch in
2038 3180 3218 3240 ihm bricht alles zusammen. Denn er ist zwar reif genug, um
2033 3221 3231 3290 ein Weib, das seine Sinne reizt, lieben zu können. Doch nicht
2036 3283 3214 3324 reif genug, um auch in der eigenen Mutter das Weib zu
2042 3308 3213 3367 sehen und zu begreisen. Mich dünkt, hier liegt — ein wenig
2047 3339 3231 3405 aus dem Mittelpunkt gerückt — der eigentliche tragische Konflikt
2035 3397 3220 3460 des Buches. Es ist ein alltäglicher, dennoch selten aufgegriffener
2042 3434 3222 3499 Konflikt. Die ganze Frage der sexuellen Aufklärung müßte einmal
2035 3480 3220 3544 von hier aus beleuchtet werden: von der Unfähigkeit aller
2038 3519 3226 3583 Kinder und Halbwüchsigen, die Eltern unbeschadet der ihnen
2046 3563 3228 3637 gezollten Verehrung als Geschlechtswesen verstehen zu können.
2039 3608 3233 3661 Frau Beate zieht dann auf einer nächtlichen Kahnfahrt ihren
2061 3656 3224 3714 Sohn mit sich in den Tod. Dieser Abschluß läßt die zwingende
2046 3693 3231 3762 Notwendigkeit vermissen. Sonst aber ist auch diese Novelle so
2045 3747 3219 3798 überreich an tief ergreifenden Menschlichkeiten, so jeuchtend in
2037 3788 3220 3837 der Kraft und dem Adel ihres Gefühls und in der künstlerischen
2042 3836 3229 3902 Vollendung ihrer Form, wie es heute in deutscher Spkache nur
2045 3877 2828 3950 noch Novellen von Arthur Schnitzler sind.
2898 3873 3179 3954 Erpét Goth.
