3436 4256
295 175 479 267 28.
524 185 923 257 Frau Beat
1013 186 1142 260 un
1198 181 1608 260 ihr Sohn
1742 181 2129 273 box 4/5
481 205 1596 305 # 4 4 u e een den eee e e e eeenennenennnnnen
962 895 1091 991 924
1582 903 1882 1028 Krad Alsuner.
953 1033 2473 1108 germanischen Kasse in hassender Sinnlichkeit kauft, der Talmiamerikaner,
961 1096 2486 1154 der mitten in allen Erfolgen dennoch immer an sich zweifelt, weil er findet,
959 1156 2486 1215 daß er im Grunde ein ganz alltäglicher Mensch sei. (Dies ist übrigens
961 1217 2492 1294 zum Teil mehr summarisch ausgesprochen als eigentlich gestaltet.)
968 1275 2487 1351 Schließlich Allan selbst: ganz Bnergie, ganz phrasenlos, ganz nur Wille,
963 1319 1489 1408 Arbeit, Leistung, Ziel.
984 1387 2475 1464 Dieser Koman unterscheidet sich von den Jules Derneschen Utopien da¬
961 1452 2486 1527 durch, daß vieles, was hier als wirklich dargestellt ist, demnächst Wirk¬
951 1504 2482 1578 lichkeit werden wird: überhaupt haben wir uns infolge der ungeheuren
950 1567 2488 1641 Entwicklung der letzten Jahre daran gewöhnt, keine Utopie utopisch
959 1626 2475 1684 zu finden; aber Rellermann ist präziser, akkurater noch als Derne, er
952 1684 2486 1766 wirkt minder märchenhaft und durchaus, bei aller Kraft der Phantasie,
956 1755 2487 1828 realistisch. Und: Jules Derne gibt Figuren, Rellermann eine Anzahl
955 1789 1223 1863 Menschen.
983 1831 2466 1945 Die Leistung Allans ist Selbstzweck. Es wird in diesem Buch vor¬
948 1905 2465 1976 ausgesetzt, daß zwischen Amerika ein Luftschiff binnen 36 Stunden ver¬
953 1981 2472 2047 kehre; es erscheint uns letztlich belanglos, ob nun Jüge unter See binnen
946 2036 2490 2092 24 Stunden verkehren. Das Tunnelbuch ist ein Toblied auf die Leistung
955 2101 2478 2150 an sich. Es ist damit durchaus ein Buch seiner Zeit; aber eines fehlt
947 2159 2482 2242 ihm, was eben der Zeit auch fehlt: es ist nur Vordergrund, es fehlt
945 2208 2486 2281 der Sinn hinter der Arbeit. Uur einmal ist von Keligion die Rede;
947 2275 2478 2341 wie Allans Freund Zobby, der bei der Explosion im Tunnel ein Greis
959 2320 2471 2393 geworden ist, zu Allan sagt, er solle an sein Seelenheil denken: ein
960 2389 2481 2447 halber Idiot spricht dies. Es fehlt jeder Hauch eines Metaphysischen
956 2445 2478 2500 über diesem durch und durch physischen Buche. Das muß vielleicht so
961 2499 2481 2586 sein, aber das ist seine Grenze. Es ist in diesem Sinne doch nur über¬
959 2578 2483 2644 lebensgroßes Abbild der zivilisatorischen Bnergien der Epoche, das ist
947 2630 2478 2705 viel; aber ihm fehlt das Letzte: es ist gar nicht Geist und gar nicht
956 2674 1200 2748 Deutung.
980 2727 2471 2822 Dieses metaphysische deutende Ticht ist über Walter Harlans Koman
960 2800 2469 2885 „Die Sünde an den Kindern““; auch er ist ein Lobgesang auf Bnergie,
944 2869 2466 2937 Schaffen, Leisten, aber alles ist in einen großen kosmischen Zusammen¬
960 2920 2468 3001 hang gestellt, er singt den Willen zur Fruchtbarkeit: Allfrucht wird in
959 2969 1460 3051 jedem Augenblick süß.
988 3041 2475 3123 Der Mathematiker Friedrich Stoß, Professor an der Fürstenschule
939 3105 2464 3178 zu Meißen, weigert sich, seinen Sohn konfirmieren zu lassen, und ver¬
954 3154 2471 3230 liert dadurch sein Amt. Er wird Privatgelehrter; durch ntbehrung,
943 3210 2474 3275 Anstrengung, Aufregung entkräftet, stirbt er früh. Dies ist, heraus¬
970 3297 2480 3365 * Mit dem Untertitel: Eines Schulmeisters Leben, Sterben und Fahrt in das All¬
942 3349 1777 3406 herz. Egon Fleischel & Co., Berlin (II 6.—).
