3484 4224
661 163 1009 232 u Beate
1007 170 1624 244 und ihr Sohn
1689 171 2150 268 box 4/5
301 164 1635 284 28. Fraai
1143 944 1776 1014 Die Erotik als Schicksal
2268 941 2641 1015 Karl Rosner
1164 1090 2631 1158 Witwe. Seit dem Tode ihres Mannes, des gefeierten Schauspielers
1161 1148 2631 1187 Heinold, lebt sie zurückgezogen und unberührt von den Versuchungen
1161 1192 2639 1236 des Lebens allein der hingebenden Erziehung ihres Sohnes Hugo, der
1164 1237 2628 1281 an der Schwelle der Jünglingsjahre steht. Er, den sie zärtlich als ihr
1152 1280 2630 1335 Bestes liebt, soll den Verstrickungen des Lebens nicht verfallen. Im
1167 1321 2636 1373 Salzkammergut, in der kleinen Villa am See verbringen sie den
1167 1363 2639 1415 Sommer, und hier glaubt Frau Beate zu bemerken, daß die Baronin
1164 1405 2640 1455 Fortunata, eine nicht mehr ganz junge Frau von reichlich umschatteter
1164 1454 2641 1507 Vergangenheit, den Sohn als Spiel gegen die Langeweile ihrer Tage
1167 1510 2641 1563 an sich zu ziehen sucht, daß Hugo seine junge Leidenschaft auf heimlichen
1159 1548 2622 1601 Gängen zu der Baronin mit dem Pierrotgesichtchen trägt. Zorn und
1162 1588 2636 1636 unklare Eifersucht sind in ihrem beunruhigten und verwirrten Herzen.
1156 1628 2623 1680 Regt sich in Hugo so früh das leidenschaftliche Blut seines toten Vaters?
1147 1673 2629 1728 Oder spricht da ihr eigenes Blut in ihm? Hier rührt sie an den Tiefen
1150 1719 2639 1770 unter der scheinbaren Klarheit ihres Frauentums und weiß: daß ihr
1160 1765 2634 1808 Mann nur darum als Einziger ihr ganzes Leben erfüllt hatte, „weil in
1159 1804 2635 1850 den tiefen Nächten, da ihr sein Antlitz verdämmerte, er ihr immer wieder
1156 1854 2621 1909 einen anderen, einen neuen bedeutete, — weil sie in seinen Armen des
1155 1894 2633 1940 königlichen Richard Geliebte war und Cyranos und Hamlets und all der
1153 1949 2629 1996 andern, die er spielte: die Geliebte von Helden und Bösewichtern, Ge¬
1159 1985 2639 2031 segneten und Gezeichneten, spiegelklaren und rätselvollen Menschen“. Ja,
1154 2028 2629 2076 sie hat selbst „halb unbewußt, nur darum schon als junges Mädchen den
1160 2077 2628 2131 großen Schauspieler sich zum Gatten gewünscht, weil eine Verbindung mit
1153 2115 2641 2171 ihm ihr die einzige Möglichkeit bot, den ehrbaren Lebensweg zu gehen,
1163 2158 2632 2216 der ihr nach ihrer bürgerlichen Erziehung vorgezeichnet schien, und doch
1156 2204 2624 2248 zugleich das abenteuerlich=wilde Dasein zu führen, nach dem sie in ver¬
1165 2248 1828 2313 borgenen Träumen sich sehnte“.
1292 2277 2623 2346 In einen Schlaf versenkt hatten all diese Triebe ihrer Erotik seit
1166 2334 2627 2381 ihres Mannes Tod geruht. Nun sind sie aufgewacht, und jedes Erlebnis,
1154 2381 2634 2429 jede Begegnung macht sie flackern. Aus jeder Männerstimme tönt Frau
1167 2433 2634 2480 Beaten jetzt werbendes Wünschen entgegen, und jeder Männerblick scheint
1167 2465 2634 2513 ihr nach ihrem Körper zu greifen, scheint ihr erfüllt zu sein von heimlichen
1165 2511 2630 2566 Vertraulichkeiten. Sie aber gibt sich widerstandslos, duldend und im
1153 2564 2623 2615 Verborgenen sich danach sehnend dem neuen Zustande hin. Gleichwie
1153 2596 2631 2644 im Traume geht sie durch die Sommertage, in denen Flammen das graue
1155 2644 2633 2685 Kleid verzehren, das sie durch Jahre trug. Dann kommt die Stunde, in
1158 2684 2634 2735 der ein Mann — ein Knabe—nach ihr greift und sie sich ohne viel Besinnen
1153 2735 2630 2794 dem dummen Buben gibt. So wird der Fritzel, Hugos Freund, der um
1153 2773 2625 2816 ein Jahr kaum älter ist als dieser, Beatens Geliebter und teilt ihre Nächte,
1165 2821 2633 2876 macht sie dulden und vergessen, daß Hugo zu der gleichen Stunde bei
1155 2866 2628 2921 Fortunata ist. Immer mehr verliert sie den Boden, auf dem sie bisher
1162 2908 2629 2970 stand. Das Bild ihres toten Mannes verblaßt und schwindet, und nur
1161 2955 2625 2993 die Vielen bleiben, denen sie sich in ihrer Ehe als Geliebte gab, der könig¬
1163 2995 2604 3043 liche Richard, Cyrano und Hamlet, die Helden und die Bösewichter. —
1153 3053 2625 3099 Der glatt gescheitelte Doktor Bertram hat sie im abendlichen Park an sich
1161 3081 2622 3142 gerissen und geküßt — ihr Sträuben war wie ein Gewähren — sie kann
1160 3123 2627 3176 sich denken, daß sie den trüben und schwermütigen Direktor Welponer,
1154 3183 2633 3231 der sie liebt, heiraten — und sich mit einem Jüngeren trösten werde. In
1154 3226 2624 3277 einer Überreizung ihrer Sinne, die alle Umwelt mit Symbolen der Ero¬
1151 3262 2639 3321 tik füllt, lebt sie hin, bis dann in einer Fiebernacht der Verrat des Fritzl
1167 3361 1289 3449 164
