3248 4256
1675 37 3253 158 eenngeneeneenenengeheenegenacen Mreger und von
371 87 1630 162 Man muß es verfolgen, wie das ähnliche Problem sich in so ver¬
1622 104 3264 206 Gewollte, Formelhafte. Man kann sich organischere Ausdrucksformen von A. R. Meyers (ei
322 134 1629 199 schiedenen Männern wie Schnitzler und Thomas Mann spiegelt.
1627 155 2923 232 Gedanken, Gefühlen, Erlebnissen kaum vorstellen. Sie läßt uns den
2913 172 3264 260 in Afrika“, zu de
308 183 1628 265 Schnitzler, der weiche Wiener, macht eine Frau zur Heldin der Novelle,
1624 196 3240 287 Roalisten bewundern, der selbst in der Schilderung der letzten Leidenschaft Zeichnungen gab,
314 218 1624 311 Thomas Mann, der dekadente Lübecker, einen Künstler. Schnitzler, der
1622 249 3257 342 die Erdbeeren nicht zu erwähnen vergißt, deren Genuß vielleicht den TodAvoll virtuosen Rein
318 283 1618 359 Arzt, gibt ein Erlebnis aus der bürgerlichen Gesellschaft, Thomas Mann
2919 300 3263 361 Lebenständelnden,
1624 293 2916 381 des Künstlers herbeiführt, und der über das Ganze solch einen wunder¬
313 332 1620 405 das Ende eines Künstlerlebens. Schnitzler erzählt die Geschichte ruhig,
2912 338 3231 403 Formenkunststück 1
1621 342 2916 440 vollen Schleier, gewebt aus den Ahndungen der letzten Dinge vom Leben
2917 355 3262 442 „Via Crucis. D
306 380 1623 465 sachlich, ohne Scheu und ohne Ventuschung, Thomas Mann sucht gewisser¬
1627 396 2167 475 und Sterben zu breiten weiß.
2253 399 2883 491 Karl Georg Wendziner.
2911 415 3261 496 zugleich, urwüchsig
317 423 1631 488 maßen eine Entschuldigung, will einen Schleier vorziehen, indem er nur
2905 471 3237 519 und Zinzendorf.
2073 461 2473 556 Sozialpolitik.
304 475 1638 559 den Künstler diese letzten Dinge des Erotischen durchleben läßt. Arthur
2905 483 3262 555 Würfter unterm K
2910 539 3258 595 scheint im Verlag
306 530 1627 614 Schnitzler, der Realist, läßt seine Geschichte an einem See in der Nähe
1671 531 2913 619 Prof. Dr. J. Jastrow, Was ist Arbeiterschutz? (Verlag
2907 576 3258 628 Buch kostet eine M
303 589 1621 655 von Ischl, dem geliebten Sommeraufenthalt aller Wiener, sich abspielen,
1623 560 2318 653 von Dr. Walther Rothschild=Berlin.)
2299 597 2376 649 —
2355 596 2920 669 Das schwierige Problem des
302 629 1636 708 Thomas Mann, der Stilist, versetzt seinen Helden in die Märchenstadt
1621 629 2913 708 Arbeiterschutzes behandelt der Berliner Nationalökonom Hastrow in
3003 647 3263 722 Königlic
1622 680 2932 750 einer knappen, übersichtlichen Skizze. Nach einem Ueberblick über die
305 671 1633 757 Venedig. Er, der große Epiker, wirkt durch die Klarheit, Helligkeit, Ruhe
3136 698 3264 768 52M
1611 706 2915 792 historische Entwicklung des Begriffes „Arbeiterschutz“ gelangt Jastrow zu
301 729 1615 803 des Wortes, der Erzählung, Arthur Schnitzler, der große Dichter, hält
1614 759 2922 825 folgender Definition: „Materiell handelt es sich bei ihm um das Arbeits¬
301 774 2916 829 uns durch die Stimmung, die über der Dichtung liegt, im Bane. Bei verhältnis, formell um einen Vertrag. In dieser formalen Beziehung
308 821 2922 898 Schnitzler endlich fühlen wir: dieses Erlebnis gehört der Vergangenheit gebört der Arbeiterschutz in dieselbe Kategorie mit allen Gesetzesaus¬
310 874 1614 950 an, es war; bei Thomas Mann: es liegt in der Zukunft, und es wird nie
1623 874 2921 960 nahmen von freiem Vertragsrecht, in denen aus irgend einem Grunde
1620 924 2905 997 der Gesetzgeber einen Kontrahenten für schutzbedürftig hält und ihn durch
309 920 1617 1003 sein. Von zwei Polen nähern sich zwei Dichter dem gleichen Problem,
1615 968 2906 1028 Einengung des freien Vertragsrechtes zu schützen sucht, d. h., der Arbeiter¬
305 973 1618 1069 jeder erfaßt es auf seine Weise, und beide schenken sie uns große, einzige
1622 1008 2927 1088 schutz ist ein Spezialfall aus dem weiten Gebiete des Vertragsschutzes
312 1019 562 1081 Kunstwerke.
1610 1058 2921 1140 überhaupt.“ Diese einzelnen Thesen werden im folgenden weiter aus¬
316 1066 1614 1141 ## Arthur Schnitzlers Novelle „Frau Beate und ihr
1616 1088 2070 1159 geführt und bewiesen.
309 1126 1620 1195 Sohn“ (Verlag S. Fischer, Berlin) erzählt von zweimal zwei Menschen.
1663 1120 2926 1214 Bibliographie der Sozialivissenschaften. Herausgeber: Prof.
307 1167 1627 1254 Von dieser Mutter und ihrem Sohne, die jahrelang allein in stiller
1615 1183 2926 1249 Dr. Georg Maß. (Verlag von Julius Springer=Berlin.) — Wir
306 1205 1623 1304 Mutter= und Sohnesliebe im Andenken des perstorbenen Vaters zusammen¬
1610 1231 2921 1301 leben im papierenen Zeitalter. Wem ist es bei der literarischen Hochflut
1602 1256 2912 1332 noch möglich, sich über jede Einzelerscheinung und ihren Wert zu
304 1267 2923 1326 leben, bis zwei fremde Menschen ihren Weg kreuzen: eine ältere Frau und orientieren! Einem einzelnen sicherlich nicht. Es war dater ein Er¬
299 1311 2926 1424 ein halber Knabe. Solange Hugo als Kind neben der Mutter lebt:, feideruls der Zeit, Sammelstellen zu errichten, die den Roystoff ordneu.
291 1361 1625 1447 blieben alle Versuchungen des Lebens ihr fern, gleichsam als spiegele sich
1616 1399 2927 1465 ##r die Wirtschaftswissenschaft sucht die Bibliographie für Sozialwissen¬
297 1416 1618 1502 in ihr die Reinheit ihres Kindes. Da sie aber plötzlich erkennt, daß dieser
1619 1429 2917 1494 schaften, die die Unterstützung des Reichsamts des Innern genießt, diesen
294 1455 1621 1548 Knabe ein Mann geworden ist mit all seinen Leidenschaften und heißen
1614 1488 2944 1556 Zweck zu erfüllen. Die Bibliographie erscheint halbmonatlich im Umfang
297 1513 1614 1589 Wünschen, erwacht auch in der Mutter die schlummernde Sehnsucht des
1611 1522 2915 1578 von etwa 24 Bogen mit eingehendem Register und scheint nach dem vor¬
1607 1562 2908 1614 liegenden Heft eine recht gute Uebersicht über die wichtigeren Neu¬
297 1561 1621 1639 Blutes. Es ist unendlich fein, wie die innerlich so jung gebliebene Frau
1605 1607 2060 1681 erscheinungen zu geben.
299 1611 1613 1700 sich all der Liebesstunden mit ihrem Gatten plötzlich wieder erinnert und
301 1662 1622 1745 wie dieses Gedenken ihr das Blut wilder durch die Adern treibt. Wie
1969 1673 2560 1762 Münchener Romane.
303 1705 1621 1806 sie den Gatten, den großen Schauspieler, in allen seinen Rollen vor sich
1644 1740 2903 1806 Rebert Heymann nennt seine „Ulie“ einen Münchener Roman.
303 1757 1601 1834 sicht, wie sie träumt, nicht nur die Geliebte dieses einen Mannes gewesen
1605 1773 2916 1877 Ich protestiere gegen diese Bezeichnung. Das unerträgliche Buch, dessen
298 1818 1609 1888 zu sein, sondern sich zahllosen, allen den von ihm dargestellten Menschen
1604 1836 2908 1896 Druck und Papier schon den unzweideutigen Duft der Kolportage trägt,
301 1867 2909 1906 hingegeben zu haben, wie Wirklichkeit und Traum sich in eins schlingen spricht zwar von Münchner Straßen und Plätzen und nennt Munchner
295 1921 1616 2000 und draußen vor der Tür schon der unbewußt=bemußte Räuber ihres
1602 1914 2907 1979 Menischen (beim richtigen Namen!), spricht vom Pfandleiher Mundi, der
1592 1961 2909 2009 in einem gewissen Stadtteil weiteste Kreise nicht nur zieht, sondern auch
291 1966 1618 2053 Leibes steht. Hugo, der Primaner wird der Geliebte einer älteren Frau,
1598 2005 2902 2055 an sich zieht. spricht von Kathi Kobus, von Wedekind, nennt Schwarz¬
301 2008 1602 2082 Frau Beate gleitet in die Arme uines fast gleichaltrigen Freundes ihres
1606 2041 2910 2103 gerber (Weißgerber), Vallier (Balls), läßt im „Simplizissimus“ und im
296 2058 1595 2138 Sohnes. So stehen sich, ohne von einander zu wissen, die Liebenden
1605 2081 2909 2134 „bunten Vogel“ zechen, erzählt vom Café Luitpold, von der Tonhalle —
289 2106 1603 2178 gegenüber: in beidett Fällen eine alternde Frau und ein den Knaben¬
1606 2103 2800 2170 und ist doch alles eher. als ein Münchener Roman. Denn all
1594 2155 2905 2204 Menschen und Dinge könnten (wären sie so, wie Heymanu sie schildert)
291 2155 1602 2240 jahren kaum entwachsener Jüngling. Die Ungleichheit der Jahre wird der
1602 2184 2919 2263 auch in mancher anderen Stadt leben und vor sich gehen. Aber — das
286 2207 1600 2280 Anfang des Verhängnisses: Fritz, der Geliebte Frau Beates, brüstet sich
1605 2237 2923 2305 ist noch nicht der einzige Grund, weswegen sich Heymanns Roman als
292 2249 1593 2326 seiner Eroberung. Hugo erfährt von der Tat seiner Mutter. Es gibt für
1607 2282 2912 2343 eine ungenießbare und — letzten Endes — stumpfe Sensationsschwarte
296 2302 1601 2380 ihn kein Weiterleben mehr. Und auch sie ist am Ende dieses Lebens und
1599 2315 2910 2367 kennzeichnet. Das ganze Ding ist salopp mit dem Stist eines ehrgeizigen
1597 2349 2842 2413 Reporters geschrieben. Im Anfang verzapft der Autor nur Bilder ..
297 2340 1595 2432 ihres Lebens überhaupt in dem Augenblick, in dem ihr Sohn als ihr
1597 2378 2898 2459 oft nicht recht geschmackvolle Bilder. Nebeneinandergeklebt. Ohne auch
289 2408 1603 2479 Kind wieder zu ihr zurückkehrt. Das reine Verhältnis zwischen Mutter
1601 2435 2902 2487 nur eines Kinofilms Ent#icklung zu zeigen. Was später kommt, sind
292 2462 1600 2529 und Sohn ist vernichtet. Das Gewitter scheint vorüber, draußen auf dem
1594 2477 2902 2538 undelikat erzählte Liebesabenteuer, Liebesspielereien der Heldin. Un¬
301 2499 1593 2576 See wollen sich diese durch die Bande des Blutes so eng verbundenen
1593 2512 2907 2590 delikat deshalb, weil alles so maßlos durchsichtig ist. Man weiß genau,
1594 2553 2908 2613 wer die Heldin ist und wer in jedem Falle ... (und wenn man es nicht
287 2541 1598 2627 Menschen aussprechen über das Geschehene. Noch aber lodert in ihnen die
1596 2593 2903 2653 weiß, geinst man Vermutung) Pfui Deibel! Wenn sich derartige
294 2598 1599 2668 Flamme der letzten Nächte. Ihre Sinne verschwimmen, die Gegenwart
1590 2632 2917 2697 Indiskretionen unter dem Deckmantel der Kunst breitlüsteln dann muß
286 2656 1594 2726 verliert sich vor ihnen, Traumgesichte steigen vor ihnen auf — Mutter und
1601 2671 2902 2737 man dreinschlagen aber kräftig! Mehr ist über das Werk, das Herr
283 2681 1590 2774 Sohn liegen sich in heißen, wilden Küssen in den Armen. Sie erwachen
1592 2716 2906 2766 [Hans Bondy in Berlin W. verlegt hat, nicht zu sagen. Psycho¬
290 2742 1419 2820 aus dem Rausch und finden den Tod in den Wellen des Sees.
1585 2750 2909 2817 logisch interessant ist es aber, daß gerade Robert Heymann, der Provinz¬
1588 2787 2909 2832 zeitungen gemeiniglich zu einem potwendigen Följetooon=Romgne zu
342 2798 1598 2875 Atemlos liest man das Buch zu Ende. Man kennt diese Menschen schon
1590 2825 2902 2889 verhelfen pflegt, daß gerade Heymann soust zu Legitimität und Wohl¬
287 2861 1595 2930 aus früheren Schnitzlerschen Dichtungen. Neu aber ist die Gruppierung,
1598 2855 2903 2933 erzogenheit perurteilt, derartige Unsauberkeiten drucken ließ. Mau denkt
280 2887 1596 2971 ist die krasse Zuende=Führung. Scheinbar kunstlos ist diese Novelle auf¬
1593 2909 2910 2973 unwillkürlich an den Kleinstadtphilister, der einmal in die Metropole
275 2944 1589 3021 gebaut: wenige Menschen, sie alle mit wenigen scharfen Strichen umrissen,
1594 2949 2892 3036 kommt und nun recht feste durchgehen will ... weil's halt boch so
1587 2986 1822 3053 scheene is.
280 3006 1591 3066 und nur Frau Beate, die Mutter und die Geliebte, in voller Plastik. Die
1645 3041 2898 3110 Frau Franziska, Gräfin v. Reventlow, möge mir verzeihen, daß
284 3050 1589 3123 äußere Handlung gleicht der inneren, kein harter Ton, kein technisches
1586 3070 2890 3137 ich von Ihrem entzückenden Werken Herrn Dames Aufzeich¬
284 3098 1588 3157 Kunststück, allen aus letzten menschlichen Dingen beworbrechend und an
1594 3125 2904 3200 nungen" (bei Albert Langen in München) im Anschluß an den
281 3138 1588 3204 sich einen Widerschein vom Menschlichen — Allzumenschlichen tragend. Die
1589 3163 2893 3214 Schundroman „Ulie“ zu reden wage. Nur der Münchener Boden gidt
280 3180 1597 3258 Gestalten, wie aus weiter Ferne gesehen und doch von einer letzten Liebe
1584 3201 2895 3260 beiden Büchern etwas gemeinsames. Denn wenn Heymann groß, brutal,
1585 3241 2893 3314 deutlich und plump ist, geben sich die kapriziösen Aufzeichnungen, in denen
279 3232 1583 3320 des Dichters überflossen. Die Tragödie der Mutter als sorgende Hüterin
1587 3280 2895 3350 Herr Damer seiner Verwunderung über den merkwürdigen Stadtteil
284 3285 1589 3370 des Sohnes. Die Tragödie der Mutter als einsame, von dem Sohne ver¬
1584 3319 2894 3393 „Wahnmoching“ niedergelegt hat, fein=ironisch, unausdringlich=karikatistisch,
271 3343 1589 3410 lassene Frau. Die Tragödie der Mutter als Geliebte. Eine feine, stille
1581 3360 2889 3428 lächelnd. Frau v. Reventlow hat das getan, was wiele vor ihr versuchten,
276 3382 1587 3465 Dichtung von den Menschen auf den einsamen Wegen hai uns Schnitzler
1586 3400 2890 3462 was erst vor wenigen Mongten das belanglose Buch des eleganten
1582 3442 2890 3509 O. A. H. Schmitz anstrebte: Sie schenkte der deutschen Lesewelt eine
278 3440 1583 3526 geschenkt, und eine wundervolle, in ihrem Leben und Leiden tiefst mensch¬
1574 3463 2888 3553 dichterische Schilderung Schrabings. Herr Dauer kommt in den „sonder¬
274 3491 1209 3556 liche Frauengestalt, die wir nicht vergessen können.
1580 3517 2882 3590 baren Stadtteil“ hinter dem großen Tore. Straßen zeigen sich ihm wie
332 3541 1591 3611 Thomas Mann erzählt uns in seiner Novelle „Der Tod in
1586 3566 2880 3618 anderswo auch. Aber die Menschen, die Menschen tragen alle ihr eigenes
276 3574 1587 3658 Venedig“ (Verlag S. Fischer, Berlin) von dem großen Rausch des
1588 3600 2886 3667 Gesicht. Und das fooppiert Herrn Dame. Er begreift die Leute in ihrem
277 3628 1588 3713 Künstlers vor seinem Tode. Wir erfahren nur wenig von seinem Sein
1577 3636 2895 3706 sonderbaren Gebahren nicht, in ihrer aufs Geistig=Kulturelle gerichleten
1571 3684 2885 3749 Eigentümlichkeit, in ihrem kindlichen, scohnaiven Aufgehen in Ziele der
276 3679 2836 3739 vor seiner Reise nach Venedig, nichts von den toten Erlebnissen seines Schönheit. Er: der tabellos erzogene junge Mann aus guter Familie. —
288 3732 2887 3845 Herzens. Aber in diesem einen Geschehen findet alles seinen letzten Aus¬] Dieser Roman ist eines der köstlichen Bücher, die in dem letzten Vierter¬
358 3785 1987 3862 ck. Mit Absicht führt uns der Dichter nach Venedig, in diese alte jahre erschienen sind.
2434 3800 2844 3882 Richard Rieß.
