3436 4256
166 393 3349 532 tae TOUS LES VENDREbIs Knuuauumuaunaluundaauuune GRINGOIRE a
2421 525 2693 603 Lisen :
2690 630 3233 730 dessous de
2515 635 2693 726 Les
2426 700 3319 862 TEspionnage anglals
2665 843 3082 936 (de 1914 à 1918)
2415 910 3324 1022 par Robert BOUCARD
2463 991 3266 1072 SENSATIONNEL ! PASSIONNANT !
3110 1026 3314 1084 12 francs
2408 1066 3327 1144 1.26 ADTLONS DR FRANCR. 20, urenue Rapp
2784 1253 3048 1324 JEAN
180 1203 2439 1384 trangers modernes
2548 1289 3291 1401 MAROUES-RIVIERE
758 1392 1682 1498 de lAcadémie Française
184 1405 762 1500 tei PREVOST,
2633 1409 3199 1511 A LOMBRE
725 1478 2494 1576 teur infaillible, dans ce conteur magis- Iter aux lecteurs de Gringoire: celui de
193 1488 728 1573 ui, de Rabelais à Molie¬
2513 1500 3346 1594 DES MONASTERES
744 1531 2489 1614 tral on pressentait le plus large don de [I’Autrichien Arthur Schnitzler. Un conte
185 1559 739 1622 à Balzac, à Maupassant,
735 1599 2495 1670 romancer. Les romans que j'ai eu l’hon- Ide lui paraissait ici récemment. Schnit¬
197 1593 740 1672 r notre territoire toute
2632 1591 3202 1694 THIBETAINS
1614 1640 2490 1710 zler est fort goüté dans son pays d’ori¬
737 1645 1621 1707 neur de publier dans la g Revue de
183 1659 744 1725 lecteur français pouvait
2610 1670 3215 1760 Préface de Maurice MAGRE
1592 1678 2484 1760 ligine et, je crois, dans toute l’Europe cen¬
735 1693 1615 1756 France 9 — la Passe dangereuse et l’En¬
189 1704 732 1769 e: & Ce n’est point ainsi
1610 1743 2510 1818 strale. Je ne Lai lu, jusan'à présent,que.
730 1745 1614 1804 voüté — ont égalé chez nous la réputa¬
194 1750 741 1822 ture. ) Tandis que s’im¬
2559 1750 3291 1832 Toutes ees eerenones ritneles soit
1611 1778 2495 1867 dans d’honorahles versions françaises,
727 1803 1615 1866 Ition de Maugham à celle des grands en¬
191 1791 745 1865 nous et s’incorporaient
2571 1815 3278 1864 infiniment curieuses. Elles précisent
1598 1821 2490 1914 moins brillantes que celles dont bénéfi¬
2576 1849 3283 1902 singulièrement notre connaissance ec¬
729 1842 1610 1903 chanteurs de nos ámes, ceux qui, sans re¬
183 1845 741 1917 Felittérature un Shakes¬
2577 1880 3284 1954 terteure de la religion thibétains.
730 1895 1606 1957 courir à d’autres moyens que de regar¬
1605 1885 2494 1956 cièrent Valle Inclanet Somerset Man¬
209 1904 744 1961 e,un Tolstol. On peut, je
2631 1927 3240 1990 Faure-Biouet.- Prin: 13 fr
1613 1938 2494 2006 gham. La dernière duvre (je crois) tra¬
726 1939 1618 2012 der les paysages, d’étudier les meurs et
188 1942 739 2022 conque de citer un exem¬
1589 1975 2489 2046 Fdufte dans notre langue est un romawin¬
728 1983 1616 2041 d’observer les ámes, nous ont fait voir
2493 1977 3365 2048 EDrTrIONs VICTOR ATTINGER
1594 2018 2490 2110 Ctitulé: Mudame Béate et son fils. II est
726 2034 1614 2086 Pet comprendre des réalités qui n’étaient
195 2024 741 2104 nerset Maugham (on pro¬
1611 2088 2161 2145 loin d’étre indifférent.
730 2085 1611 2148 point en nous . L’Angleterre nous a donné
194 2090 740 2153 est le plus récent et le
1632 2104 2504 2190 Beau sujet. Une veuve, jeune encore et
730 2131 1618 2203 depuis cinquante ans plusieurs roman¬
206 2134 752 2201 cette absorption, immé¬
1615 2173 2491 2240 mère d’un grand fils, s'alarme de voir
731 2173 1619 2247 ciers que nous apprécions justement. Je
198 2187 748 2246 ve, des grands écrivains
1616 2225 2500 2296 celui-ci, encore étudiant, capté, au cours
733 2228 1614 2307 ne crois pas qu'ilyen ait un plus incor¬
184 2218 742 2297 ranger par le vrai public
2626 2218 3193 2327 —Laltry“
1605 2257 2505 2339 de vacances passées par tout ce petit
735 2280 1615 2335 poré à la France que l’auteur de Pluie.
200 2279 758 2341 de toute coterie, de tout
775 2329 1623 2384 Sur Somerset Maugham, je recomman¬
1602 2316 2502 2387 monde au bord d’un lac tyrolien, par
183 2332 757 2391 e, de tout snobisme. Le
2587 2163 3271 2416 FTaRz
1609 2366 2493 2440 une ancienne chanteuse devenue baron¬
741 2369 1622 2439 de vivement la lecture, dans le numéro
183 2382 749 2447 eMaugham traduit, ex¬
2595 2387 3271 2490 LAffaire Roussakov
1618 2421 2498 2483 ne. Mais voici que la mère elle-méme,
735 2422 1608 2489 précédent de la Revue de France (1“ oc¬
185 2426 736 2490 Hluit en notre langue par
1597 2477 2497 2528 peut-étre grisée par le reient d’amour
737 2469 1613 2546 tobre). d’un artiele tres remarquable de
186 2468 748 2539 et fut publié dans la Re¬
2591 2489 3259 2592 T·U.R. S. S. d’aujourd’hui
1607 2514 2495 2574 ique l'adolescent traine après lui, tombe
734 2516 1194 2590 Fernand Vandérem.
194 2517 744 2596 en 1923. II est juste de
2859 2558 3010 2625 par
1605 2560 2493 2627 #àsen tour dans les bras d’un camarade
193 2574 747 2641 Frais précurseurs furent
742 2565 870 2654 M
2713 2590 3146 2684 Panaft ISTRATI
1606 2604 2498 2677 de celui-ci. Vainement elle s’est flattée
193 2613 755 2686 bisset et Horace de Car¬
777 2603 1618 2693 Un sentiment de justice me pousse
1616 2655 2496 2730 de cacher sa liaison. Le fils la découvre,
188 2660 750 2732 ce chef-d’cuvre, Pluie, at¬
735 2652 1612 2735 à citer iei le nom d’un autre au¬
1611 2701 2495 2783 let sa mère et lui, pareillement désespé¬
191 2715 745 2774 ete et le périodique. Le
741 2716 1614 2779 teur étranger, également très bien tra¬
2591 2705 3067 2799 Dans le mäme numéro:
1609 2748 2501 2831 rés, se noient volontairement dans le
188 2760 742 2831 diat, malgré la bouderie
738 2768 1619 2838 duit en français au cours des dernières
1617 2802 2211 2872 Hlac, par une nuit obscure.
2594 2784 3250 2887 LA MORT DE SILBERMANN‘
186 2811 748 2875 uelques importateurs de
736 2817 1612 2872 années, admiré hautement par la cri¬
1641 2827 2510 2925 Cette scène dernière, pour laquelle
191 2856 742 2925 tes, Maugham avait lu et
743 2865 1619 2932 tique libre, goüté par les délicats, mais
2629 2870 3223 2972 Jacques de LACRETELLE
1616 2902 2508 2963 Itout le roman est fait, a de la grandeur,
194 2902 740 2970 urs français du dix-neu¬
740 2917 1617 2985 que le public ne connait pas encore com¬
1605 2939 2505 3021 justement par contraste avec l’allure me¬
187 2945 745 3020 gtième siècles: il ne leur
728 2949 1616 3022 me il le devrait. Je veux parler du ro¬
2648 2946 3218 3033 LES CHANTIERS
1617 2986 2517 3064 surée du récit. Elle vaut, à elle seule,
189 3011 751 3068 üt de ferme composition
737 3005 1617 3082 mancier espagnol Valle Inclan, juste¬
2641 3012 3227 3102 DE MICHEL-ANGE
1607 3037 2511 3111 qu’on lise le livre, parfois un peu gauche
191 3056 745 3123 ses compatriotes, et aussi
737 3047 1617 3133 ment mis à la première place parmi les
2879 3068 2980 3129 par
1612 3093 2508 3148 Iet embarrassé dans la description du
196 3089 743 3176 e récit, de ne pas musar¬
740 3112 1613 3181 conteurs dans son pays. Jetiens la Sona¬
2673 3087 3188 3182 Guy de POURTALES
1610 3134 2498 3200 Imilien et le maniement des personnages
195 3148 745 3209 e ne pas étre long ni en¬
740 3156 1617 3228 Ite de printemps, la Sonate d’été, la So¬
1607 3181 2503 3248 secondaires. Néanmoins, cette descrip¬
2613 3166 3250 3264 UN DE BAUMUGNES
196 3184 758 3259 temps ou la longueur et
738 3205 1611 3268 nate d’automne et la Sonate Chiver, pu¬
2870 3241 2997 3293 par
1607 3225 2499 3300 tion méme d’un groupe germanique en
195 3243 742 3313 apôtres. Mais quelle sa¬
741 3258 1618 3309 bliés en français sous le titre commun
2753 3256 3072 3350 Jean GIONO
1608 3275 2500 3345 vacances, mais germanique d’Autriche,
187 3291 753 3366 ien britannique dans sa
741 3301 1617 3370 Les Saisons amoureuses du marquis de
1618 3326 2502 3393 a beaucoup de vraisemblance et un char¬
2644 3314 3249 3394 Conditions del'’Abonnement
195 3339 741 3405 les caractères, quel sens
751 3353 1612 3408 Bragadin, comme de parfaits chefs-d’eu¬
2645 3368 3231 3446 France: un AN 48., sIX NoIs 26.
1608 3369 2496 3441 mant appareil bourgeois et romantique:
174 3388 744 3460 Quelle nostalgie du g loin¬
744 3394 1612 3458 vre. Je conjure le lecteur de lire ces ad¬
2770 3405 3088 3456 Le numéro 6.5
1617 3415 2509 3501 Lexcursions et beuveries honnétes, amours
2652 3406 3230 3504 Etranger: Demand:z la notice sptelale 2 ia
182 3432 760 3503 nullement artificiel, im¬
742 3436 1626 3503 mirables récits, d’une perversité si hau¬
1612 3471 1997 3545 et Delikatessen.
2653 3479 3251 3558 nrr. 2, Rue de Grenelle, Paris (6o
201 3488 755 3540 nobique, mais inclus par
742 3492 1627 3554 taine qu'elle ne choque plus la pudeur
1653 3501 2498 3589 Combien cette Allemagne-la, que le vi¬
206 3533 744 3594 la nature mème du con¬
746 3535 1627 3606 courante, d’un sens aristocratique que
1615 3572 2507 3636 rus prussien n’a pas corrodé, conserve
192 3570 750 3643 britannique aussi! En¬
740 3587 1625 3658 je n'ai jamais trouvé nulle part à ce de¬
1612 3623 2501 3682 d’attrait, méme pour nous, gens de Fran¬
186 3626 748 3701 avorable qui ne fait ja¬
747 3645 1615 3710 gré. Mème dans Barbey d’Aurevilly, au¬
1616 3666 2509 3735 ce! Et combien il faut regretter que les
197 3680 759 3739 n véritable artiste avait,
743 3683 1619 3745 Iquel ressemble l’auteur des Sonates.
2500 3623 3349 3777 (La Joie au Foyer!.
1618 3712 2506 3780 politiciens soient aveuglés par la politi¬
210 3726 760 3798 voyages, retenu les yeus
742 3729 1622 3791 Mais que Valle Inclan est plus majes¬
1621 3761 2505 3840 que théorique, au point de n’avoir pas
2538 3765 2730 3853 e
195 3758 761 3844 ir les horizons du Pacifi¬
744 3777 1624 3848 tueux, plus impertinent, plus g sei¬
2859 3768 3244 3862 väniTABLEs
1614 3810 2507 3881 compris qu'il valait mienx autrichiani¬
217 3817 751 3877 Malaisie enchanteresse
752 3818 1628 3896 gneur 9 et — nvec tout ccla — plus
1616 3862 2493 3917 ser le plus d’Allemagne possible que de
203 3861 753 3940 iautant qn'à Loti, le sor¬
754 3875 959 3959 S
2820 3828 3291 3962 Carilions
2570 3876 2755 3974 68
1070 3874 1309 3974 —
1612 3904 2505 3979 prépärer, par des dosages à la Diafoirus,
210 3916 764 3975 Français le plus séden¬
200 3956 2490 4034 lit PArchipel aug sirénes | Voici enfin un nom de romancier la prussification de toute l’Autriche !
2764 3951 3362 4053 Westminster
1956 3986 2459 4082 Marcel PREVOST.
193 3996 1647 4092 malais. Dans cet observa- Ijetranger qu'il n’est pas besoin de présen¬
2830 4035 3266 4109 MOUVENENTS DE PRECISION
195 4044 2509 4151 VA
2901 4088 3188 4148 B limbree gong.
2836 4100 3253 4175 Luxueuses ebenisteries
