3392 4256
641 208 787 279 Be
1161 206 1560 283 ihr Sohn
1039 230 1092 282 I1
253 209 1559 328 28. FI. AL e ene ene e ectetecheae
923 861 1611 947 er Gebrauch des Klatschens und
909 942 1607 997 chens, Trampelns und Scharrens
830 986 1614 1056 müßte grundsätzlich von wissenschaft¬
833 1036 1607 1112 lichen Kongressen verbannt werden.
831 1076 1610 1143 Wissenschaftliche Problemerörterun¬
835 1137 1610 1196 gen sind keine Vorstellungen vor
836 1177 1607 1244 einem unvorgebildeten und also zum
834 1233 1607 1300 Urteil unberufenen Publikum. Man
831 1284 1616 1347 will die nicht teilnahmeberechtigte
831 1324 1606 1387 „Hörerschaft“ nicht ausschließen, und
826 1377 1607 1436 das ist gut. Aber man darf ihr
834 1415 1601 1496 nicht die Möglichkeit gewähren,
828 1477 1616 1551 einen wissenschaftlichen Kongreß her¬
828 1520 1168 1588 abzuwürdigen.
891 1550 1604 1645 Aus all diesen Gründen, meine
839 1618 1613 1692 ich, sollte ein künftiger Kongreß dieser
839 1672 1608 1732 Art wesentlich anders gestaltet wer¬
831 1716 1607 1779 den. Gelingt es, das Übermaß der
839 1772 1604 1830 Vorträge zu beschneiden, unzweck¬
837 1824 1609 1887 mäßige Themen auszuschalten, die
833 1877 1616 1936 gesellschaftliche und die wissenschaft¬
832 1928 1614 1978 liche Form der Debatten auf der
833 1974 1608 2030 Höhe zu halten, so wird man auch
833 2013 1597 2086 dem Ziel einer „Verständigung“
836 2068 1610 2132 näherkommen, von dem dieser
841 2108 1618 2172 Kongreß gelegentlich eher abführte.
894 2173 1610 2228 Die bedeutsamen geistigen Werte,
828 2206 1618 2273 welche trotz alledem auf dem Kongreß
835 2272 1618 2331 umgesetzt wurden, werden aus dem
839 2314 1602 2386 in Buchform erscheinenden Kongreß¬
832 2357 1310 2442 bericht ersichtlich sein.
1234 2390 1603 2480 W. Schufnang
834 2499 1279 2578 Zwei Novellen
866 2550 1612 2619 Dieses Jahr hat uns zwei Bücher
836 2589 1620 2672 2gebracht, die durch die berühmten
847 2658 1609 2717 Namen der Verfasser, durch ihre
838 2702 1613 2771 sorgsame, wohlabgeschlossene Durch¬
836 2755 1611 2802 arbeitung und zuletzt durch ihre un¬
831 2799 1610 2852 gewöhnlichen und düster lockenden
844 2854 1618 2909 Themen die Aufmerksamkeit heraus¬
841 2901 1625 2965 fordern. Beide enden mit dem Tode
842 2950 1625 3015 in dem Augenblick, da ein wildes
843 3004 1614 3064 Begehren, hier aus Inzest= da aus
841 3047 1612 3110 Knabenliebe, überhand nimmt, beide
832 3094 1613 3162 führen langsam und mit größter
842 3145 1613 3216 Sorgfalt den Leser in die dunkeln
838 3198 1616 3260 Pfade hinein, an deren Ende Un¬
843 3237 1619 3312 sühnbares steht. Aber fast sind da¬
839 3287 1609 3359 mit die Gemeinsamkeiten erschöpft.
837 3339 1608 3415 Das Buch des Norddeutschen, Tho¬
1696 204 2091 309 box 4/5
1628 872 2411 960 mas Manns, ist in allem Künst¬
1625 945 2404 999 lerischen von dem des Österreichers,
1628 1003 2404 1058 Artur Schnitzlers, durch einen
1628 1043 2414 1112 ganzen#m geirennt. Dort ein
1631 1093 2400 1148 Schriftsteller, der das furchtbare Er¬
1626 1145 2408 1193 lebnis mit Anstrengung in eine be¬
1632 1189 2404 1248 tonte Entfernung von sich bringt, der
1634 1237 2413 1289 mühsam seelische Vorbedingungen
1630 1286 2413 1337 sammelt und dem Leser einprägt,
1631 1325 2411 1386 damit kein Anstoß möglich sei, der
1630 1380 2409 1440 Wort an Wort, Satzteil an Satzteil
1623 1438 2413 1498 reiht, alles gewählt aus kluger Über¬
1631 1480 2405 1536 legung und hingesetzt nach einem
1630 1531 2405 1583 eignen Sinnwillen, ein der Aufgabe
1631 1579 2416 1640 sich allzu Bewußter, unvertraut mit
1624 1626 2409 1692 den Stimmen ungezügelter Triebt,
1634 1675 2408 1741 die er ängstlich und mühsam über¬
1624 1729 2400 1783 prüft. Hier ein Einfühler empfind¬
1628 1777 2407 1844 lichster Zartheit, heimisch im Bereich
1624 1822 2409 1890 des Sinnlichen, Unintellektuellen,
1632 1873 2415 1941 ein Plauderer wie es scheint, der
1624 1919 2409 1986 aber in der glatten Hülle dieser
1624 1970 2406 2033 Wienerischen Sprache alles, auch das
1633 2024 2407 2086 letzte seelische Triebelement fast un¬
1630 2064 2406 2127 vermerkt enthüllt, das zu dem grau¬
1625 2131 2405 2179 sigen Ende mitwirkt, ein ruhig
1626 2177 2418 2223 selbstbewußter, dem vollen Strom des
1630 2213 2416 2282 Seelengestaltens vertrauender Mei¬
1629 2265 2407 2325 ster, Schnitzlers überlegener Kunst
1636 2317 2416 2377 kointe es gelingen, restlos begreiflich,
1632 2356 2418 2424 nnerlichst erfaßbar zu machen, was
1629 2410 2405 2480 Sitte und ererbtes Fühlen streng
1624 2459 2417 2524 verwehrt, unsere Teilnahme ganz
1635 2512 2423 2575 hineinzuziehen in die Irrso dieser
1634 2559 2402 2622 seelisch wundersam reichen und
1643 2614 2414 2669 furchtbar unbegreiflichen Erlebnisse;
1631 2657 2410 2721 vor Manns Werk habe ich mich ge¬
1630 2705 2416 2767 fragt, warum er eigentlich einen sol¬
1633 2758 2408 2809 chen Aufwand von literarischer Vor¬
1640 2802 2404 2860 sicht und matter szenischer Absicht¬
1637 2861 2417 2920 lichkeit verbraucht, denn nirgends
1639 2901 2414 2955 blickt aus diesem späten Aufleuchten
1638 2953 2412 3012 männlicher Hinneigung zum schönen
1633 3006 2408 3059 Knaben das grausig=Furchtbare der
1634 3045 2410 3111 sich entfesselnden Leidenschaft, immer
1635 3098 2419 3157 bleibt dem Begehren ein Stück etwas
1633 3145 2413 3212 unehrlicher und keineswegs allzu
1635 3189 2419 3261 tiefer Reflexion beigemischt, ständig
1632 3248 2412 3310 stößt es unerlöst, ungelenk an die
1640 3288 2412 3350 Schranke des Herkommens, und all
1625 3342 2423 3425 diesem sehr künstlich gegebenen Wie¬
2222 3436 2363 3501 305
