3436 4256
455 334 3370 462 4 Mn VENDREbI 4 Ocroskr 1920 Kddauuliiiualluaiauluiaduutte TOUS LES VENDRED
495 448 1376 545 Un epenement iitteraire
490 551 1386 725 PAVILLON
646 698 1180 836 HAUT
485 826 1395 913 Les nouveaux recits illustres de guerre navale
610 887 1247 964 de Paul CHACK
1138 935 1376 1013 15 francs
480 948 700 1015 est paru
466 1006 1372 1076 116 MDTIORS DE FRANCR, 20, avenne Rapr
628 1171 1121 1251 Ie nouveau
1389 1122 3379 1328 Conteurs étrange
708 1232 1051 1332 livre
797 1315 970 1398 Ee
2137 1330 3095 1424 par Marcel PREVOST,
3080 1334 3392 1437 de I'Ac
542 1404 1244 1501 ALAIN GERBAULT
1607 1424 3075 1509 un le public liseur, en]traditionnelle qui, de Rabelais à Molie¬
3057 1417 3385 1512 teur infaillib
1634 1473 2206 1543 France, soit par nature,
2201 1485 3072 1553 re, à Voltaire, à Balzac, à Maupassant,
3064 1487 3385 1553 tral on press
1625 1520 2197 1597 résistant aux littératures
2201 1534 3076 1598 a fait périr sur notre territoire toute
3077 1538 3383 1606 romancer. Le
1625 1569 2205 1647 étrangères, c’est une de
2208 1590 3072 1640 ceuvre dont le lecteur français pouvait
3064 1593 3384 1654 neur de pub
1424 1579 1647 1686 2e
720 1529 1046 1688 Sur
1626 1626 2198 1693 ces opinions bien vulga¬
2199 1634 3071 1696 dire avec Alceste: & Ce n’est point ainsi
3078 1636 3380 1705 France 9 —
1626 1665 2202 1734 risées, qu’on lit dans les
2196 1682 3078 1743 que parle la nature. ) Tandis que s’im¬
3064 1681 3388 1748 vodté — ont
548 1560 1255 1799 la route
1321 1698 2199 1806 chroniques courantes une centaine de
2197 1726 3082 1794 plantaient chez nous et s’incorporaient
3061 1722 3386 1801 tion de Maug
1324 1761 1627 1834 fois par an.
2202 1777 3076 1846 vraiment à notre littérature un Shakes¬
3058 1777 3390 1846 chanteurs de
1352 1792 1954 1883 Or rien n’est moins juste.
2197 1811 3076 1893 peare, un Gethe, un Tolstol. On peut, je
3063 1833 3391 1893 courir à d’au
536 1756 1267 1907 du retour
1352 1853 2194 1938 Comme tous les pays porrvus d’une
2193 1873 3079 1947 crois, défier quiconque de citer un exem¬
3062 1872 3394 1946 der les paysa
1324 1907 2196 1978 importante littérature indigène, la Fran¬
677 1895 1095 1982 JOURNAL DE BORD
2191 1915 2609 1993 ple du contraire.
3060 1927 3392 1995 d’observer les
1320 1961 2202 2030 cen’est pas terre d’importation nécessai¬
678 1962 1096 2043 DE TAHITI AU HAVRE
2233 1945 3381 2036 Le cas de Somerset Maugham (on pro-Det comprendr
1319 2010 2190 2075 re, ou privilégiée, pour la littérature des
2197 2009 3065 2086 nonce Maume) est le plus récent et le
3067 2012 3387 2088 point en nous
1316 2060 2201 2131 autres pays: mais nous nous sommes en¬
2193 2063 3068 2132 plus probant de cette absorption, immé¬
3069 2075 3396 2140 depuis eingu
1148 2079 1233 2176 vere
1318 2102 2200 2172 goués tour à tour, à travers l’histoire, de
2202 2122 3069 2180 diate et définitive, des grands écrivains
3064 2118 3388 2184 ciers que nou
699 2129 1052 2228 IMMENSE
537 2123 704 2203 granet
1325 2154 2200 2225 ceque pensaient ou écrivaient nos voisins
1069 2132 1237 2215 nusere
2204 2157 3082 2228 réalistes de l’étranger par le vrai public
3058 2164 3390 2230 pe crois pas
1322 2199 2197 2268 lointains ou proches. L’Espagne, l’Italie,
2191 2201 3080 2275 français — hors de toute coterie, de tout
3062 2206 3390 2277 peré à la Fra
719 2203 1026 2292 SUCCEs
1316 2237 2198 2316 I’Angleterre, l'Allemagne, la Russie, ont
2200 2260 3079 2321 trust de réclame, de tout snobisme. Le
3091 2253 3393 2321 Sur Somers
1323 2302 2194 2370 vu leurs philosophes et leurs romanciers
2190 2291 3069 2377 premier récit de Maugnam traduit, ex¬
3055 2289 3379 2379 de vivement
1311 2347 2189 2415 gouverner la mode littéraire de Paris.
2196 2356 3067 2426 cellemment traduit en notre langue par
3060 2358 3395 2420 précédent de
1319 2372 2197 2466 Nous les avons traduits d’excellente fa¬
2186 2402 3395 2477 Mme E. Blanchet fut publié dans la Re-tohre). d'un
429 2381 1178 2489 Les EDITIONS DE FRANCE
1321 2445 2189 2511 gon — bien mienx qu’on ne nous tra¬
2187 2441 3389 2529 vue de Frange en 1923. II est juste de Fernand Van
1315 2493 2196 2551 duit: liser-vous quelquefois les traduc¬
637 2473 1134 2564 donnent aujourdhui en
2181 2488 3067 2566 dire que les vrais précurseurs furent
637 2535 1120 2594 une nouvelle édition,
1324 2544 2199 2604 tions d’auteurs français en allemand ou
2186 2541 3061 2613 Francis de Croisset et Horace de Car¬
528 2540 648 2634 MA
3084 2544 3390 2633 Un sentim
631 2568 1103 2645 — revue et corrigée —
1305 2580 2191 2663 en anglais? La critique les a loués,
2187 2590 3069 2662 buccia, par qui ce chef-d’cuvre, Pluie, at¬
3052 2597 3380 2680 à eiter iei
1321 2640 2199 2701 encensés, avec un air de dire aux cama¬
2194 2639 3065 2700 teignit l’interprête et le périodique. Le
3058 2655 3389 2717 teur étranger
658 2643 1101 2743 Le Bois
1317 2688 2199 2740 rades: & Hein? Qu’en pensez-vous ?2
2184 2682 3069 2752 succes fut immédiat, malgré la bouderie
3057 2706 3389 2770 duit en frang
1317 2735 2192 2803 Ce n’est pas vous qui feriez pareils
2197 2738 3071 2795 intéressée de quelques importateurs de
794 2728 950 2809 du
3054 2751 3397 2824 années, admi
1312 2768 2187 2850 chefs-d’euvre? , Heureusement, la sa¬
2177 2786 3387 2866 galimatias. Certes, Maugham avait lu ettique libre, go
1304 2837 2200 2901 gesse française a débrouillé, le temps ai¬
2184 2843 3394 2909 goüté les conteurs français du dix-neu-que le public
1315 2887 2186 2941 dant, tout ce fatras, séparé le sain du
506 2770 1251 2957 TEMPLIER PENDU
2192 2888 3387 2963 vième et du vingtième siècles: i1 ne leur jme il le deire
1308 2928 2194 2990 gäté, le sincère du cchiqué ,, le dura¬
2182 2924 3053 2995 devait qu'un goüt de ferme composition
3055 2948 3386 3014 mancier espa
1312 2978 2183 3031 ble du caduc. Mais pour ce filtrage, une
2185 2985 3059 3036 assez rare chez ses compatriotes, et aussi
617 2953 1136 3053 Ie CHEF-D’EUVRE de
3045 2982 3383 3060 ment mis à la
1314 3019 2185 3089 certaine durée est indispensable. Quand
2191 3026 3054 3094 T’art de serrer le récit, de ne pas musar¬
3043 3033 3396 3108 conteurs dans
611 3036 1151 3138 Henri BERAUD
1302 3056 2191 3143 il s’agit d’auteurs étrangers, chez nous
2181 3069 3055 3139 der en route, de ne pas étre long ni en¬
3055 3090 3393 3162 te de printem
1313 3130 2191 3185 aussi bien que hors de chez nous, on a
2181 3112 3059 3189 nuyenx en un temps ou la longueur et
3047 3122 3400 3208 nate dautomn
614 3129 1125 3212 premier roman du cyele
1307 3162 2193 3234 toujours tendance à préférer les auteurs
2184 3162 3052 3236 T’ennui ont des apôtres. Mais quelle sa¬
3052 3173 3401 3256 bliés en frang
492 3203 1252 3296 SABOLAS EN FRANGE
1307 3202 2185 3278 ertrémes, tellement on a peur de retar¬
2181 3220 3056 3282 veur d’ironie bien britannique dans sa
3047 3230 3397 3293 Les Saisons as
1308 3255 2186 3331 der. Par exemple, ce qu'une Américaine
2181 3258 3056 3343 façon d’observer les caractères, quel sens
581 3263 1168 3342 la grande épopée paysanne
3056 3283 3402 3352 Bragadin, com
1308 3303 2180 3382 sur-lettrée prend pour la littérature
570 3317 1165 3379 dont le second ouvrage:
2181 3317 3055 3376 du o départ o, quelle nostalgie du c loin¬
3053 3327 3398 3398 vre. Je conjur
1312 3362 2190 3425 française contemporaine est un bien co¬
2183 3362 3050 3426 tain 9, tout cela nullement artificiel, im¬
501 3354 1246 3451 Les Lurons de Sabolas
3050 3379 3392 3443 mirables récit#
1308 3413 2186 3481 mique assemblage d’excrétions éditoria¬
2176 3406 3054 3483 provisé, voulu, snobique, mais inclus par
3053 3426 3395 3487 taine qu'elle
619 3421 1109 3503 paraitra prochainement
1305 3455 2190 3511 les. Et nous, mon Dien, nous Français,
2183 3467 3050 3521 atavisme dans la nature mème du con¬
3048 3481 3393 3542 courante, d’un
557 3476 1313 3567 aux EDITIONS DE FRANCE
1317 3506 2178 3569 nous n’échappons pas toujours, dans nos
2188 3507 3055 3580 teur et combien britannique aussi! En¬
3050 3521 3377 3586 je n'ai jamais
1301 3546 2187 3628 choix d’euvres étrangères, à linfluence
2187 3553 3051 3619 fin, le hasard favorable qui ne fait ja¬
3041 3558 3393 3637 gré. Mème dan
1303 3588 2184 3659 de P’extrémisme. Toutefois, le filtrage
2187 3606 3054 3669 mais défaut à un véritable artiste avait,
3051 3612 3393 3683 quel ressemble
502 3620 1204 3720 GROS CAPITAUX
1318 3652 2182 3723 s’accomplit peut-étre plus vite ici qu’ail¬
2190 3654 3053 3708 au cours de ses voyages, retenu les yeux
3046 3660 3392 3734 Mais que Val
528 3685 1201 3755 àprêter sur toutes garanties
1314 3697 2181 3761 leurs parce qu'un des attributs essen¬
2189 3690 3056 3759 de Maugham sur les horizons du Pacifi¬
3048 3711 3386 3790 tueux, plus
549 3738 1204 3782 Immeubles. Ouvertures de crédits pr construire
1319 3742 2186 3819 tiels de notre génie national est le sens
2188 3746 3055 3807 que, sur cette Malaisie enchanteresse
546 3729 1194 3831 Val. de Bourso. Tires inallen. Auespropeieise
3055 3762 3383 3832 gneur 9 et —
1308 3785 1758 3861 et le goüt du réel.
2183 3798 3054 3865 dont, gräce à Jui autant qu’à Loti, le sor¬
597 3798 1159 3860 GREDIT DE FRANGE
3053 3808 3379 3893 S#  G Ar a
530 3825 1196 3890 St, vie Furbige, Parie. Archites 5601
2182 3843 3056 3908 tilege hante le Français le plus séden¬
1340 3818 2190 3906 Périodiquement, nous assistons à des
539 3872 1190 3935 Rena payer d’avancs. Discrétion abselue.
1309 3882 2191 3959 offensives contre ce sens et ce goüt. In¬
2180 3887 3050 3955 taire, lorsqu 1 lit PArchipel aug sirènes
3106 3872 3389 3956 Voici anfin
1307 3930 3398 4005 failliblement, il se restaure, et la loi est) ou le Sortilege malais. Dans cet ##era-étranger qulil
1305 4002 3407 4081 M W
431 3998 1281 4103 MALLRS POUR AUTOS
847 4077 1013 4152 S
1864 4069 2113 4152 — ——
2599 4074 2710 4142 —
1725 4068 1844 4157 —
2208 4087 2307 4155 *
