3484 4128
303 82 1613 152 28. Frau Beate und ihr Sohn
517 122 1627 166 uunnnumnemnn
796 344 1305 428 (Quellenangahé ohle Gewähr.)
500 390 1682 476 ona
517 509 1593 623 S.#-. etnesen
535 648 1480 743 Arthur Schnitzler: Fru Beate og hen¬
618 727 1485 792 des Sen. Oversat af Otto Rung. 152 S
609 765 1052 835 Erslev & Hasselbalch.
602 815 1485 905 Vender man sig fra Hr. Ripperda, en For¬
552 873 1485 949 atter udenfor Lauget, til Arthur Schnitzler,
565 918 1520 988 der jo netop er et saa ndpreget arlistist Talent,
586 961 1512 1038 faar man et sterkt Indtryk af, hvorledes Kun¬
582 1008 1510 1075 sten ikke er alt. Thi Beretningen om den halv¬
582 1062 1520 1135 vorne Hugos Passion for den letferdige Skuc¬
584 1104 1521 1167 spillerinde og om Moderens Forelskelse i Hugos
575 1144 1511 1230 jevnaldreude Ven er saamend meget godt gjort, men
573 1206 1503 1277 den lader En ikke desmindre ganste kold, og
570 1256 1513 1328 man drager neermest et Lettelsens Suk, da Fru
574 1289 1491 1364 Beate og hendes Son tilsidst lader Livet i Bol¬
574 1335 708 1395 gerne
803 1347 1507 1413 Den osterrigste Forfatters Bog er
570 1385 1204 1454 fuld af kedsommelige Fristelser,
1246 1399 1508 1465 g for Otto
571 1430 1500 1508 Rung, der har ladet sig friste til at overseette
563 1471 1508 1545 den, har den aabenbart endda havt een mere,
566 1521 1415 1612 end=Flertallet af Leeserne vil faa Oje paa.
1203 1568 1470 1649 Kirchh. L.
762 2024 1256 2090 (Quelienangahe-ohne Gewähr.)
453 2051 1601 2175 ecer
1077 2188 1638 2271 SS
465 2201 760 2270 vom: 4 7
495 2350 1445 2438 Arthur Scheitzler: Fru Beate og hen¬
568 2419 1443 2482 des Son. Oversat af Otto Rung. 152 S
571 2452 1021 2525 Erslev & Hasselbalch.
569 2516 1450 2591 Vender man sig fra Hr. Ripperda, en For¬
505 2560 1437 2634 fatter udenfor Lauget, til Arthur Schnitzler,
507 2611 1440 2682 der jo netop er et saa udpraeget arlistisk Talent,
516 2654 1439 2728 faar man et steerkt Indtryk af, hvorledes Kun¬
499 2704 1436 2777 sten ikke er alt. Thi Beretningen om den halv¬
499 2753 1433 2807 vorne Hugos Passion for den letsierdige Skue¬
500 2800 1442 2872 spillerinde og om Moderens Forelskelse i Hugos
493 2844 1433 2920 jevnaldreude Ven er saameend meget godt gjort, men
503 2890 1438 2963 den lader En ikke desmindre ganste kold, og
496 2939 1447 3016 man drager neermest et Lettelsens Suk, da Fru
486 2985 1427 3040 Beate og hendes Son tilsidst lader Livet i Bol¬
485 3030 636 3090 gerne
720 3029 1430 3097 .Den ssterrigste Forfatters Bog er
493 3088 1437 3158 fuld af kedsommelige Fristelser, og for Otto
495 3121 1439 3197 Rung, der har ladet sig friste til at overseette
487 3149 1431 3255 den, har den aabenbart endda havt een mere,
493 3216 1337 3285 end Flertallet af Leeserne vil faa Oje paa.
1129 3272 1379 3335 Kirchh. L.
1765 58 2151 147 box 4/5
2223 836 2678 917 (Quellenangabe ohne Gewähr.)
2007 881 3036 982 doschn,
2803 959 2951 1062 2
2017 1008 2431 1100 15 T 49/3 -
2454 1005 2803 1122 Sp#kus
2197 1159 2704 1220 Arthur Schnitzler:
2163 1203 2753 1280 Frn Beate og hendes Son.
2217 1262 2676 1338 (Erslev og Hasselbalch).
2081 1316 2837 1390 Det er Historien om „den farlige Alder“
2045 1385 2851 1440 om igen. Om den unge Enke med den
2051 1425 2844 1472 omtrent voksne Son, der allerede er ude i
2075 1468 2844 1536 det ferste Elskovseventyr. Om hendes
2050 1514 2852 1589 Kamp for at holde ham tilbage og hendes
2048 1562 2852 1637 lige saa haablose Forsog paa at bekeempe
2049 1615 2864 1680 sine Tilbsjeligheder overfor Sonnens unge
2057 1672 2907 1740 Ven. Tilsidst ser hun kun Fordarvelse,
2050 1715 2852 1784 hvorhen hun vender sine smukke Ljne, og i
2048 1767 2866 1831 denne Haabloshed drukner Fru Beate sig
2054 1810 2432 1872 med samt sin Son.
2077 1863 2700 1936 Og der er ingen, som greeder.
2188 2388 2867 2476 Beatrice,“ a novel. and öther
2128 2463 2864 2530 stories, by Artbur, Schnitzler (Werner
2126 2516 2324 2585 Laurie).
2134 2520 2875 2594 Arthur Schnitzier, the celebrated Vien¬
2104 2571 2867 2634 nese dramalist, comes out in averyidif.
2107 2606 2870 2678 ferent light as the author of the newly
2101 2640 2874 2708 translated novel," Beatrice,“ from ihe
2294 2682 2837 2738 wittv author of the" Anatol
2126 2703 2397 2755 ironic and u
2364 2705 2874 2764 Anatol.“ his work best
2101 2738 2334 2784 dialogues.
2119 2751 2884 2814 kno#n in England is sharp, crisp, and
2113 2794 2872 2853 c#eel#rice is a sensitive-one
2110 2824 2878 2896 might easily say sentimental—study of
2103 2846 2877 2925 Ia woman in early middle age sching
2095 2897 2883 2959 Vout to rescue her son from an adven¬
2101 2928 2873 2999 turess, and herself being caught up
2115 2957 2884 3036 again in the toils of love. Schnitzler is
2120 2992 2878 3053 far too clever a man to write anvthing
2124 3027 2885 3094 that has not at least observation and
2123 3069 2858 3139 intelligence about it. But“ Beatrice,“
2126 3110 2878 3161 written as far back as 1911, really only
2119 3142 2880 3198 escapes by littie from being common¬
2114 3197 2273 3273 Flace.
2146 3198 2878 3272 Itis a short novel, and the volume is
2120 3242 2884 3325 filled out with half a dozen good 'short
2115 3303 2287 3368 stories.
2355 3288 2804 3381 „e4
