3436 4256
1191 172 1601 248 ihr Sohn
1021 172 1174 249 und
612 165 824 251 au Be
1729 165 2123 262 box 4/5
528 173 585 252 V1
278 172 469 269 28.
474 236 1599 291 4 Ka    e letetet ene
2568 921 2693 1025 925
1617 925 2268 1024 über dinige Ronaneuns Toreien
1171 1042 2704 1113 gelöst, die Handlung. Aber es ist nicht der Inhalt: dieser Stoß ist
210 1077 688 1161 ,der Talmiamerikaner,
1185 1119 2698 1196 ein schöpferischer Philosoph, und es ist die unvergleichliche Kunst
214 1141 687 1214 zweifelt, weil er findet,
1174 1178 2693 1237 des Dichters, ihn uns als einen Philosophen glaubhaft hinzustellen;
224 1209 699 1276 sei. (Dies ist übrigens
1167 1238 2698 1303 und auf die einzig mögliche Weise: wir erleben sein philosophisches
230 1262 699 1336 eigentlich gestaltet.)
1176 1283 2688 1359 Denken mit. Dies ist nun die entscheidende Kraft dieses Buhes:
221 1319 699 1404 senlos, ganz nur Wille,
1176 1371 2695 1432 alle Gedanken, die dieser Philosoph und Schulmeister denkt, werden
1181 1410 2697 1479 nicht abstrakt vorgetragen, sondern der Dichter und der Gedichtete
246 1418 678 1515 erneschen Ucopien da¬
1169 1459 2689 1537 vermögen die Goethesche Kunst, plastisch zu denken. Beinen Augen¬
268 1493 687 1571 ist, demnächst Wirk¬
1174 1532 2696 1601 blick läßt das Denken von diesem vielwandernden Magister. Durch
268 1554 680 1626 olge der ungeheuren
1170 1591 2699 1658 das ganze Buch rankt sich vielzweigig sein System, im Gespräch mit
280 1610 667 1692 ine Utopie utopisch
1176 1645 2697 1708 sich, auf Schulausflügen mit seiner Klasse, im privaten Ronfirmations¬
351 1670 654 1744 h als Derne, e
1182 1705 2696 1774 unterricht, den er seinem Sohn erteilt, in Gesprächen und Disputen mit
476 1730 681 1808 hantasie,
1170 1778 2701 1843 seinem Freund, dem Domprediger Prälatus. Allenthalben in dem Buche
485 1798 534 1867 e
614 1795 695 1862 ahl
1174 1819 2710 1882 blühen die Formelworte dieser pantheistischen Philosophie der Krafe
1170 1878 2696 1934 und Fruchtbarkeit, aber nicht wild und wuchernd, sondern verwurzelt
480 1905 577 1982 uch
1166 1938 2695 2007 und verwachsen zu Wald und Garten eines großen Spstems: „Es muß
1175 2000 2691 2057 doch eine Art Bienenstereometrie auch im Gestein stecken, ein plan¬
1178 2062 2703 2114 mäßig bildender Wille, der gerade Linien ziehen kann, der Ebenen glätten
1170 2124 2685 2190 kann“; „die ganze Welt muß ich anschauen als einen zielstrebigen All¬
1173 2173 2689 2233 Willen, der sich entfalter in All-Gestalt und Buntheit, in Stoff und
1175 2243 2705 2306 Wieder=Geist“; „ich bete zum Willen“; „der Heilige Geist ist Gottes
1166 2309 2703 2371 Botschafter in unserm Geiste“. Vor dem Disziplinargericht erklärt
1175 2348 2696 2411 Stoß: „Alle naturwissenschaftlichen Fragereihen münden in religiöse
1174 2404 2689 2489 Fragereihen, Gott ist allgegenwärtig auch in einer rechten Physik¬
1178 2471 2700 2553 stunde“: eine optimistische, energetisch=physikalische Philosophie schafft
1169 2530 2689 2586 Stoß, „Kraftigel“ lehrt er, „Büschel von tätigen oder doch möglichen
1173 2586 2694 2668 Wirkungsrichtungen, die man auf einen gemeinsamen Dunkt begrifflich
1169 2660 2702 2720 beziehen muß“. Jede Energie ist „eine Summe von Kraftigeln“, jedes
1167 2704 2151 2783 Ding aber ist „eine Gruppe von Energien“.
1207 2748 2690 2821 Es wird also in diesem Buche viel unterrichtet, doziert, disputiert,
256 2796 308 2863 er
1177 2820 2696 2885 aber der Ahpthmus des Denkens ist eingefangen, immer steigt das
266 2864 306 2919 b
1173 2881 2689 2946 Denken aus dem Mittelpunkt der Menschen, nicht nur bei Stoß, auch
1169 2962 2694 3008 bei Prälatus, beim Kultusminister von Watzdorf, bei den Schulräten
1177 2997 2691 3060 Regenbrecht und Doß, bei Lippmann, dem Dorsitzenden des Disziplinar¬
1171 3056 2702 3129 gerichts, bei Fabricius, dem juristischen Beisitzer, beim Tizentiaten Buse,
233 3056 698 3160 an der Fürstenschule
1179 3123 2702 3181 dem christlichen Keligionslehrer: all ihre Reden, Kolloquia, Briefe
196 3150 694 3225 eren zu lassen, und ver¬
1170 3172 2698 3237 über gedankliche Dinge, beleuchten vor allem auch ihr eigenes Subjekt:
190 3199 703 3278 ter; durch Butbehrung,
1168 3235 2703 3282 indem sie denken, werden sie Gestalt. Und aus all diesen Gewölken
405 3261 718 3333 s ist, heraus¬
194 3257 395 3333 früh. Die
1166 3305 2688 3369 philosophischer, physikalischer, liberal- und positiv=rheologischer, ju¬
196 3351 713 3420 rben und Fahrt in das All¬
1160 3351 2708 3430 ristischer, pädagogischer, ästhetischer Geistigkeit fällt nun ein Aegen von
