3532 4224
294 182 488 271 28.
524 199 719 268 Frau
723 192 1619 285 Beate und ihr Sohn
1688 205 2136 303 box 4/5
482 241 1611 314 4 1 (. — 4. — —  .  a   DCaaa
1069 884 2349 998 606 Anrnen SCHNITZLER, FRAU BEATE UND IIIR SOHN.
1061 979 2594 1077 ligt rollen af en, som blifvit orättvist misstänkt och som ocksä är ve¬
1070 1044 2589 1111 modigt-ironiskt van att betraktas som en fara och ett gift pä det ero¬
1066 1114 2590 1171 tiska omrädet. Hon afhandlar spörsmälet dämpadt och ljumt, världsdams¬
1067 1154 2610 1221 mässigt, och förklarar, att hon aldrig haft nägon känslobetonad tanke
1076 1190 2605 1294 pä Ilugo säsom man, liksom troligen icke heller han fäst nägot afscende
1076 1275 2596 1337 vid henne. Hon ger till sist Beate löfte och handslag pä att aldrig ens
1072 1313 2614 1389 försöksvis dra Hugo till sin person. Nödtorftigt lugnad och en smula
1079 1367 2608 1445 skamsen öfver sitt bryska uppträdande lämnar Beate baronessans villa.
1169 1437 2601 1509 Men Beate just framkallade eller päskyndade hvad hon velat radi¬
1070 1482 2597 1555 kalt förebygga: Hugo och baronessan drifvas tillsammans med ödes¬
1078 1530 2624 1612 bestämd makt. Samtidigt inträffa nägra yttre händelser, som ställa detta
1085 1597 2607 1668 hufvudmotiv nägot i bakgrunden: Hugo fär besök af en äldre skolkamrat,
1077 1640 2611 1722 en nybakad civis academicus, som plötsligt yppar en häftig svärmisk
1072 1713 2620 1785 passion för Beate. För första gängen sedan sin makes död känner hon
1088 1754 2623 1838 erotisk frestelse pä allvar, en trängtan att ge sig hän och än en tid, innan
1088 1812 2622 1896 det blir för sent, vara kvinna fullt ut. Hennes värdighet och plikt som
1089 1881 2604 1947 mor, hennes själfkänsla, allt dylikt blir till tomma invändningar af feg¬
1087 1922 2611 2006 het och bleknande temperament. Det som hon ännu i gär, säker pä sig själf,
1083 1976 2633 2065 ansett omöjligt och orimligt, sker nu under trycket afen inre nödvändighet.
1091 2030 2614 2112 Likt en sömngängerska, stelt lidelsefull och utan tankar, med ens lik¬
1090 2088 2615 2162 som förvandlad till ett annat väsen, öfverlämnar hon sig ät Fritz, om¬
1095 2158 1972 2227 slutes af hans brännande yuglingskärlek.
1175 2164 2619 2272 Snart nog kommer uppraknandet med sin klarsyn och beska änger.
1084 2266 2615 2334 Full af blygsel och häpnad finner sig Beate ställd au niveau med baro¬
1085 2304 2621 2406 nessan och genom sitt eget handlingssätt, oförklarligt för henne själf,
1101 2355 2638 2451 beröfvad all moralisk rütt att spela försyn för sin son eller öfva kritik
1093 2425 2216 2495 mot lättsinniga kvinnor. Hon är ju själf en af dem.
1194 2467 2639 2547 Ofvertygelsen om künslans relativa äkthet och friskhet mildrar i nägon
1106 2528 2635 2621 män Fenm: äckel ät felsteget. Men sä upptäcker hon, att mannen är
1096 2581 2636 2675 en groft ovärdig. Mot sin vilja kommer hon att lyssna till ett samspräk
1110 2644 2631 2744 mellan Fritz och en annan ung man och hör honom pä en gäng skryta
1106 2703 2638 2780 öfver sitt förhällande till Beate och häna hennes ömhetskänslor, släpa
1110 2755 2638 2832 hennes namn i smutsen, blotta en mängd hemliga drag ur deras samlif.
1097 2815 2640 2883 Hon blir ocksä öfvertygad om att hau äger en annan kvinna jämte henne
1178 2860 2559 2946 och innerst i sitt väsen erfar hon kränkning och skam till döds.
1193 2914 2630 3000 Frän denna stund synes henne tillvaren hjälplöst besudlad, brusten
1112 2969 2637 3049 och tom pä mening. Det är karaktäristiskt för denna äkta Schnitzler¬
1106 3029 2644 3129 figur att hon ej kan skönja nägon väg ut ur simpelheten, nägon inre
1114 3084 2633 3194 drift till upprättelse och försoning. Samma kväll har Hugo hos baro¬
1110 3146 2647 3217 nessan och hennes anhang upplefvat srära desillusioner für egen del
1174 3213 2648 3282 - berättelsen är mycket oklar i denna punkt — och dessutom blifvit
1112 3251 2641 3339 med raffinerad grymhet underrättad om moderns nesliga kärleksför¬
1121 3321 2647 3401 bindelse. I hans stela och ödsliga blick ligger den likgiltiga förtvifian
1110 3362 2649 3487 hos en människa, som för alltid mistat ungdom och troskraft, lifsmöjlig¬
2983 2152 3024 2242 1
2990 2290 3370 2364 af de mest veder
2982 2345 3371 2415 minst mängordig
2991 2398 3376 2477 säga oss alltmera
2982 2457 3376 2526 att offra nägot
3001 2511 3374 2588 slutenhet i hans
3090 2562 3382 2645 Vissa detalje
3004 2624 3366 2694 kunskap, renad
3005 2677 3360 2753 en kunskap om
2999 2731 3380 2812 det erotiska sinn
3261 2787 3382 2863 eligic
2992 2794 3062 2855 el
3299 2839 3381 2914 zle
3301 3125 3370 3189 ara
3309 3178 3378 3240 t u
3251 3226 3385 3298 igt va
2998 3292 3097 3358 allt
3125 3280 3382 3356 äro krafte
2998 3340 3373 3422 vändt. Sannolik
