3392 4256
958 200 1576 274 und ihr Sohn
668 210 806 279 Be
249 193 437 314 28.
428 198 2080 308 Frau1. box 4/5
2502 802 2635 895 921
1561 853 2209 924 Über einige Romane und Novellen
1111 930 2642 1009 erst, und während etwa für die Menschen im „Weiten Land“ das
151 944 795 1036 en sind. In Summa: jemand,
1123 997 2642 1060 Leidenschaftlich, nur ein Reiz und ein Sport ist, empfinden wir hier
156 1012 798 1085 pen trachtet, spricht über eine
1123 1062 2643 1125 das Leidenschaftliche mit Macht heraufbrechen. Die Frau stürzt vor dem
156 1072 800 1167 den sind und von denen er
1118 1114 2648 1187 plötzlichen Andrang der gestauten Welle. Die ihren Sohn vor der Ver¬
1128 1181 2648 1254 führerin bewahren wollte, erliegt der heißen Werbung, mit der ein
1126 1219 2644 1305 junger Freund ihres Sohnes sie überfällt. Und nun gelingt es Schnitzler,
155 1244 792 1321 de sein soll, ist vielleicht noch
1123 1292 2643 1356 diese wie eine in Brand gesteckte Sommerscheune lichterloh flammende
161 1305 794 1391 ber ganz allgemein sind die
1127 1343 2652 1422 Frau dennoch in ihrem tiefsten Wesen als rein zu zeigen. Sie fühlt,
1128 1417 2644 1486 daß sie anderen verfallen wird, sie spürt ihre Schwäche gegenüber der
176 1407 804 1498 und ihr Sohn““ ist das
1127 1462 2644 1540 eignen jähen Leidenschaftlichkeit, und sieht sich zugleich zu wie einer
144 1484 800 1564 e. Hunderte von psychologi¬
1131 1520 2659 1600 Fremden, als die Reusche und Abgeschlossene, die Ehemalige, die sie
158 1554 804 1623 Jahrzehnten über uns aus¬
1127 1591 1947 1663 noch bis vor wenigen Wochen war.
149 1606 797 1687 dlogie ist verdunstet, weil sie
1158 1634 2662 1700 Sie will sich, will ihren Sohn der Wirrnis und Schuld des Blutes
151 1665 793 1740 n ist. Auch hier werden Ge¬
1132 1698 2661 1777 entreißen, sie denkt an Flucht und weiß doch, daß sie nicht sich selbst
159 1722 795 1798 diese Gedankengänge rollen
1124 1755 2650 1839 entflieht. Trüb schläge ihr Brlebnis über den beiden zusammen: Beatens
161 1785 797 1849 reten, und nur das Konkrete
1128 1820 2666 1894 junger Geliebter renommiert mit seinem Glück, Zugo wird in dem
160 1836 800 1911 orweg sei dieser Dunkt her¬
1129 1892 2657 1950 Kreise seiner gräflichen Geliebten zu einer Orgie verführt; nachdem
146 1895 811 1980 ernen Erzählungskunst muß
1127 1952 2653 2012 man ihm gesagt hat, wie seine Mutter lebe. Vun gehen die beiden
167 1951 803 2036 und Wirrnisse nicht direkt,
1129 1997 2651 2070 zu innerst Getroffenen, zu innerst Geschändeten, zusammen in den Tod.
159 2018 807 2086 s bei Thomas Mann, sondern
1140 2053 2653 2118 Und auf eine geheimnisvolle Weise verschwimmt nun in den beiden,
153 2076 809 2151 . Aber nicht immer kann das
1138 2107 2657 2185 die Mutter und Sohn sind und die dennoch ein gemeinsames Geschick
148 2134 812 2215 den, wie es meist bei Wilhelm
1131 2188 2666 2242 als ein Mann und als ein Weib erlitten und erleiden und durch eine
142 2194 819 2278 etischen Gedankengänge des
1130 2244 2656 2299 neue Gemeinsamkeit verbunden sind, durchaus keusch, durchaus un¬
141 2250 817 2323 Welt erwachenden Jünglings
1135 2284 2657 2369 körperlich, traumhaft, chaoshaft, das Gefühl. Sekundenlang sitzen sie
152 2311 820 2393 direkter Darstellung; die Kunst
1138 2353 2656 2420 beisammen, wortlos, ganz ohne ein Begehren, das man benennen und
158 2374 825 2455 t im Skelett zu geben, sondern
1130 2410 2655 2506 greifen könnte, und dennoch in einer zu innerst verbrecherischen Emp¬
1136 2466 2662 2553 findung. Gänzlich zwei Abgelöste, gänzlich zwei Derlorene, gänzlich
168 2465 806 2573 stärker als der Dramatiker:
1133 2524 2666 2612 zwei Menschen ohne Land, im Kaum, aufgesogen von dem Chaos,
158 2550 806 2612 uspiel „Das weite Land“ lang¬
1139 2581 2653 2657 das sie überkam und dem sie nicht gewachsen waren. „Und Beiden war
171 2609 815 2684 der Novelle von Frau Beate
1142 2656 2650 2716 es, als triebe ihr Rahn, der doch fast stille stand, weiter und weiter,
163 2679 813 2747 hintergründigen und abgrün¬
1139 2701 2662 2778 in wachsender Schnelle. Wohin trieb er sie? durch welchen Traum
146 2724 814 2811 eate, die Witwe eines großen
1135 2766 2659 2833 ohne Ziel? nach welcher Welt ohne Gebot? Mußte er jemals wieder
144 2791 827 2858 k dem Gedächtnis ihres Gatten
1139 2832 2663 2892 ans Land? Durfte er je?“ Von einer Dämmermusik umflüstert ist
131 2846 822 2913 abe Mann wird, als die erste
1138 2893 2353 2957 dieser Tod, von einer tristanhaften Untergangsseligkeit.
143 2902 817 2982 fahr ist, einer mondänen Dirne
1181 2951 2665 3007 Diese Geschichte ist in einem besondern Sinne modern: ein Bnde
142 2962 823 3045 in: da verwandelt sie sich selbst,
1142 2994 2668 3083 jener immer zarter, immer verzärtelter, immer subtiler, immer spezieller
146 3025 830 3087 chverwandele. Sie ist alle die
1137 3061 2657 3130 werdenden Kunst pspchischer Schilderung, welche die Verästelungen der
140 3084 822 3152 h; da nun der Sohn sich von
1147 3118 2675 3189 physischen und der pspchischen Adern bis ins kleinste nachzuzeichnen
144 3142 818 3211 Alles ist, wie is in früheren
1141 3178 2674 3261 sucht. Und gerade weil die erzählende Kunst gänzlich gewissermaßen in
149 3204 822 3267 s anders, oder sie sieht es jetzt
1152 3226 2677 3320 Pspchologie ausgeartet war und nur selten noch wie hier bei Schnigler
