3344 4352
2132 163 2348 243 ——
1519 245 1975 333 box 36/3
234 251 1357 349 Panphlets offprints
608 923 2295 1001 22222EZ2EZBZ½ZZZ S Dramatische Rundschau. Kagagrackracer 459
610 1028 1467 1096 Emannel Reichers gesungen wurden. Häußer war
615 1088 1459 1155 mehr denn Possart und mehr denn Reicher. Und
614 1125 1462 1174 er überlebte beide, obwohl er vor ihnen starb.
614 1173 1460 1230 Aber ich bezweifle, daß es ihm jemals zum Be¬
609 1217 1456 1259 wußtsein kam, was ihn über die Gefeierten des
614 1256 1465 1319 Tages hinaushob. Beruhte nicht darin seine
612 1296 1465 1356 stille Größe? Das Unbewußte seiner Kunst
613 1346 1463 1390 war es ja auch, was ihn wie einen Schlafwan¬
609 1404 1462 1443 delnden des Dichters Spuren folgen ließ — über
615 1438 1438 1492 alle Firste hinweg und an allen Abgründen hin ...“
611 1483 1450 1535 In kurzem hätte Häußer sein vierzigjähriges Büh¬
606 1521 1461 1580 nenjubiläum gefeiert; reiche Ehren waren ihm
614 1570 1451 1614 zugedacht. Er ist ihnen ausgewichen, wie er dem
1846 1546 1905 1629 *
610 1613 1457 1670 Lauten und Prunkvollen immer auswich. In sei¬
606 1655 1465 1712 nem Landhaus zu Pullach im Isartal hat ihn ein
1843 1666 1935 1753 #.
616 1700 1467 1764 Herzschlag hinweggenommen; still, wie er gelebt
613 1737 1394 1786 und gestaltet hat, ist er von uns gegangen.
656 1784 1464 1844 Und noch einen schmerzlichen Verlust hat die
602 1829 1454 1877 deutsche Schauspielkunst im Monat Oktober er¬
604 1873 1455 1928 litten: am 31. starb in Berlin Georg Engels,
608 1918 1450 1966 nachdem er noch wenige Tage zuvor als gries¬
611 1962 1453 2015 grümig=gutmütiger Rentier Nippes in Kadelburgs
608 2008 1459 2070 „Husarenfieber“ das Publikum des Lustspielhauses
605 2044 1464 2110 ergötzt hatte. So eng wie Häußers Ruhm mit
611 2090 1556 2138 München, so eng ist Engels' Ruhm mit der Ent¬
615 2142 1443 2190 wickelung der Theaterstadt Berlin verknüpft. So
1457 2137 2289 2221 Georg Engels als Falstaff in Shakesperes „Lustigen
611 2181 1441 2234 beliebt er aber auch schon in den siebziger Jah¬
1771 2193 1962 2249 Weibern“.
1451 2196 1519 2249 □
2214 2192 2295 2260 13
605 2231 1446 2281 ren bei dem leicht begeisterten Publikum des
607 2264 1450 2316 Woltersdorff= und später des Wallnertheater war,
1448 2256 2278 2325 Jahren Engels, der inzwischen seinem Talent auf
607 2311 2296 2361 so vertraut man ihm zuwinkte, denn er mit Gastspielreisen nicht immer die sorgsamste Pflege
607 2359 1449 2411 seiner schlecht proportionierten Figur, den ver¬
1443 2362 2302 2412 hatte angedeihen lassen, für seine Bühne gewann.
608 2399 2294 2453 kniffenen Schweinsänglein und dem breiten, von Und so wvenig es sich der durch billigen Beifall
611 2454 2291 2482 allen Teufelchen der scherzenden Laune umspielten verwöhnte Schauspieler versagen konnte, hier und
610 2489 1452 2546 Mund auf der Bühne erschien — eigentlich künst¬
1448 2490 2295 2529 da nach einer den Einklang des Ensembles zer¬
600 2534 1453 2588 lerische Aufgaben fielen ihm doch erst am Deutschen
1460 2528 2294 2583 störenden Sonderwirkung zu haschen, sein Wirt
606 2572 1444 2630 Theater zu, für das ihn L'Arronge als einen der
1464 2573 2288 2624 in der „Minna“, sein Zettel im „Sommernachts¬
614 2620 1446 2662 ersten 1883 gewonnen hatte. Wie bei so man¬
1451 2619 2288 2671 traum“, sein Falstaff in den „Lustigen Wei¬
613 2657 1453 2707 chem bisher übersehenen oder gering geschätzten
1455 2667 2291 2719 bern“ waren doch so volle und reiche Leistun¬
1455 2708 2289 2758 gen, daß sie nicht leicht vergessen werden können.
607 2709 1448 2759 Talent, so sah man unter dieser ernsten literari¬
608 2757 2294 2790 schen Leitung auch bei ihm was bisher für bloße Weshalb dieser Bund, der beiden Teilen gleichen
606 2792 2297 2845 Komik und Spaßmacherei gehalten worden war, Gereinn versprach, nicht von Dauer war — ich
611 2832 2289 2886 zu echter Humoristik emporwachsen. Engels spielte weiß es nicht. Vielleicht war in Georg Engels
605 2883 2291 2933 zwar auch hier zunächst nur kleinere Rollen, etwa aus früheren theaterfröhlichen, aber auch litera¬
616 2923 2290 2965 den Totengräber im „Hamlet“, den Hofmarschall risch unerzogenen Jahren her eine gewisse Ko¬
608 2973 1442 3013 Kalb in „Kabale und Liebe“, den Klosterbruder
1452 2962 2286 3021 mödiantenunruhe zu tief eingewurzelt, als daß
1458 3014 2284 3073 er sich für immer unter das Szepter eines festen
611 3009 1459 3066 im „Nathan“, den Wirt in der „Minna von
608 3055 2284 3114 Barnhelm“ oder den Schmock in Freytags „Jour= Regiewillens beugen mochte. Genug, er ging
608 3104 2295 3152 nalisten“; als sich dann aber die moderne Lite= von Reinhardt zum Lustspielhaus und spielte in
615 3141 2285 3200 ratur die Bühne eroberte, fand er in Fuldas Kadelburgs „Husarenfieber“ hundert=, zweihun¬
1446 3176 2288 3241 dertmal hintereinander, bis der Tod ihm sein
608 3187 1444 3232 „Talisman“ (als Habakuk), vor allem jedoch in
607 3225 2294 3294 Hauptmanns Komödien „Kollege Crampton“ und Stichwort zurief. So scheidet er leider nicht in
612 3273 2292 3319 „Biberpelz“ (Amtsvorsteher Wehrhahn) für seine der Gestalt von uns, in der er es seiner Bedeu¬
1457 3317 2299 3363 tung nach wohl verdient hätte; fortleben aber
602 3310 1459 3370 mehr instinktiv als verstandesmäßig schaffende
608 3365 2301 3413 Komik Rollen, die ihm hohe künstlerische Ehren wird er in unserem Gedächtnis als der Georg
605 3401 2286 3447 eintrugen und ihn selbst für die letzten Aufgaben Engels des Deutschen Theaters, der komischen Ge¬
609 3442 2285 3488 darstellerischen Humors, für Shakesperes Falsiass= stalten des klassischen und des modernen Dra¬
606 3502 2292 3558 gestalten, reif erscheinen ließ. Hier knüpfte denn mas aus der Fülle seiner eigensten Natur die
606 3541 2253 3610 auch Reinhardt wieder an, als er vor einigen ihnen gebührende Weihe des Humors verlieh.
2486 4118 2546 4191 605
2872 4141 2926 4190 4
