3344 4352
1922 152 2477 223 —
1483 220 1947 311 box 36/3
265 236 1342 323 Pamphletsofforints
735 786 2422 875 EEEZEEESSP P Dr. Friedrich Düsel: Dramatische Rundschau. Karearak 453
772 860 2419 926 Es wäre töricht, behaupten zu wollen, Rein= schöpferische Regisseur mit ein bißchen Genie aus
725 933 2404 979 hardt habe das Monopol für diese Art von jedem Shakespereschen Lustspiel zu erwecken ver¬
730 976 2419 1024 innen heraus wirkender Erneuerung der Klassiker. mag — trotz der Verblichenheit so vieler ihrer
732 1026 2415 1080 Auch andere Bühnen arbeiten mit Ernst und Späße. Vielleicht hatte man den Mangel dieses
734 1064 2402 1112 Glück daran. Selbst das Königliche Schau= Je ne sais quoi im Regiekollegium der könig¬
729 1104 1570 1163 spielhaus, die älteste und repräsentativste Bühne
1567 1113 2414 1166 lichen Bühne selbst gespürt und war deshalb
730 1152 1561 1194 Berlins, macht neuerdings unverkennbare An¬
1577 1146 2421 1200 auf den Gedanken gekommen, die Trauszene des
728 1199 2414 1241 strengungen, diesem Gebot der Verjüngung zu vierten Aktes „In der Kirche“, die Shakespere
732 1250 2413 1292 entsprechen. Die Stücke — wir haben es am ohne jede weitere Einleitung flugs mit dem
731 1283 2403 1334 „Götz“, am „Tell“, am „Wallenstein“ und am Worte des Leonato beginnt: „Wohlan, Pater
739 1324 2403 1377 „Hamlet“ erlebt — werden nicht mehr wie eine Franziskus, macht's kurz; nichts als was zur
722 1366 2405 1426 ganze Zeitlang einfach aus dem Theaterarchiv eigentlichen Trauung gehört“, durch eine um¬
731 1411 2407 1461 hervorgezogen, „wieder aufgenommen“, wie der ständliche Zelebration kniender Minisiranten und
729 1457 2415 1505 schöne Fachausdruck lautet, sondern auch von weihräuchernder Chorknaben, vor allem aber durch
729 1505 2406 1550 innen her besehen, neu besetzt und neu eingerichtet, einen feierlich langschwänzigen Aufzug der Fest¬
730 1548 2417 1605 Doch scheint es noch immer, als sei die Rüstung gäste und Tranzeugen zu einem Akt im Akte zu
735 1585 2417 1635 der Überlieferung und vielleicht auch der Rücksich= machen. Sieh da, eine Frucht vom Baume
732 1634 1565 1689 ten zu schwer, als daß man durch sie hindurch zu
1580 1632 2418 1688 Beerbohm=Trees! hieß es da wohl nicht mit
732 1678 1569 1729 rechter freier, ungezwungener Bewegung kommen
1574 1673 2414 1732 Unrecht, und es tat einem fast leid um all die
732 1722 1561 1770 könnte. Der äußeren Inszenierung, die oft vor¬
1567 1718 2407 1785 kostbare Mühe und Zeit, die an diese Außerlich¬
732 1762 1569 1816 trefflich, manchmal musterhaft ist, entspricht nur
1578 1768 2399 1819 keit verschwendet worden war. „Verschwendet“
733 1801 1557 1858 selten ihre geistige Schwester, die innere Regie.
1570 1818 2409 1874 muß man sagen, wenn man daran denkt, was
736 1853 1568 1913 Der alte Fontane, der Theaterkritiker Fontane,
1573 1858 2413 1912 in der Auffindung des rechten Tempos, mehr
732 1892 1565 1946 dem das Schauspielhaus nahezu zwei Jahrzehnte
1578 1901 2405 1953 noch der inneren Melodie des Stückes statt dessen
732 1943 1563 2003 hindurch (1870 bis 1889) auf die Knie gelegt
1572 1945 2415 2003 an anderem Orte Innerliches hätte geleistet wer¬
731 1987 1568 2039 war, und der es an Liebe für diese Bühne weiß
1568 1987 2414 2041 den müssen und nicht geleistet wurde. Daß die
738 2027 1567 2077 Gott nicht fehlen ließ, gebrauchte einmal das
1579 2029 2408 2094 Aufführung schließlich doch noch von einem fest¬
731 2074 1562 2126 für den Schauspielhausstil jener Zeit höchst be¬
1564 2079 2403 2130 lichen Schimmer überflogen wurde, ist fast allein
733 2118 1567 2178 zeichnende Wort: „Hier macht nicht das Stück
1577 2120 2408 2166 das Verdienst Arthur Vollmers, dieses phan¬
734 2162 2408 2206 die Szene, sondern die Szene das Stück.“ Dies tasievollen, um nicht zu sagen genialen Humo¬
728 2205 1561 2252 ironische Lob auf den Dekorationsmeister heute
1575 2208 2406 2264 risten, der aus den Szenen, die Holzapfel mit
734 2251 1565 2302 noch uneingeschränkt zu wiederholen, würde un¬
1564 2246 2407 2294 seinem Gevatter Schlehwein beherrscht, jenes
731 2286 1568 2346 gerecht sein; aber ein Körnchen Wahrheit steckt
1575 2298 2402 2349 unsterbliche, weil echt menschliche Komödienlachen
726 2339 1563 2386 noch immer darin, und der neue Direktor, Lud¬
1571 2341 2398 2397 herausholte, das einen Shakespere — neben eini¬
1572 2388 2411 2434 gem anderen — von den modernen Hausdichtern
736 2425 1569 2473 Gastspielvirtnos auf eigene Rechnung, ist sicher
1569 2427 2381 2469 des Königlichen Schauspielhauses unterscheidet.
731 2467 1566 2517 im Grunde seines Herzens am allerwenigsten
1614 2471 2402 2524 Diese modernen Hausdichter heißen Oskar
730 2510 1557 2564 gesonnen, mit diesem geheiligten Herkommen zu
1577 2511 2404 2558 Blumenthal und Gustav Kadelburg, und
734 2554 1563 2602 brechen. So kommt es, daß wir am Schiller¬
1568 2557 2413 2605 ihr neuestes Stück, dem die Ehre der Aufführung
727 2600 1558 2646 platz in Berlin fast immer Klassikeraufführungen
1576 2603 2413 2647 am Schillerplatz zuteil wurde, nennt sich „Der
732 2643 1565 2686 erleben, von denen wir sagen müssen: durch und
1578 2637 2403 2685 letzte Funke“ ein Lustspiel in drei Akten.
733 2680 1567 2746 durch tüchtig, würdig, vornehm, harmonisch, im
1575 2681 2400 2732 Der letzte Funke ist der einer einst lichterloh
735 2735 1562 2787 einzelnen wie im ganzen sicher, fest, fertig, ge¬
1574 2731 2411 2787 brennenden Liebe, einer bis auf den winzigsten
731 2775 1564 2830 schlossen; bei denen wir aber alsbald hinzusügen:
1570 2779 2408 2838 Stumpf herabgebrannten Ehekerze — wie könnte
1578 2817 2404 2864 es in einem Lustspiel, an dem die beiden Schäker
730 2814 1565 2868 so war es gestern, so ist es heute, so wird es
1576 2865 2411 2920 ihr Dioskurentalent erprobt haben, wohl anders
725 2861 1555 2922 morgen sein. Man denkt an imprägnierte Pfähle,
736 2904 1559 2968 denen kein Regen und Sonnenschein etwas an¬
1572 2907 2399 2960 sein? Und sein sittlicher Unterschied von ähn¬
739 2947 973 3001 haben kann.
1559 2953 2407 3008 lich scheinenden (nur scheinenden!) französischen
771 2970 1566 3045 Diesen Eindruck empfing man auch wieder bei
1582 2993 2407 3049 Schwänken besteht darin, daß hier bei den Deut¬
732 3035 1562 3081 der jüngsten Shakespereaufführung des Schau¬
1574 3034 2401 3089 schen kunstvoll wieder zusammengeflickt wird,
729 3079 1566 3122 spielhauses, dem Lustspiel „Viel Lärm um
1579 3084 2391 3137 was dort drüben im „Lande der Frivolität“
733 3119 1574 3176 nichts". Da hatte all und jeder, vom Prin¬
1570 3123 2407 3169 heillos in die Brüche zu gehen pflegt. Freiherr
721 3172 2404 3223 zen von Aragon herab bis zum letzten Mann von Zechlin, ein unverbesserlicher Schwerenöter,
730 3212 2398 3254 des Gefolges, seinen höchst trefflichen, würdigen dem seine Frau deshalb auch längst den Rücken
725 3260 2413 3294 Vertreter; die Dekorationen waren funkelnagel= gekehrt hat, soll auf seine alten Tage noch saniert
731 3312 2407 3354 neu, die Requisiten von erlesener Kostbarkeit oder werden. Am Beutel wie am Herzen. Das
730 3341 2409 3395 unantastbarer Echtheit — und doch! ihr eigenes Werk nimmt der Schwiegervater seiner Tochter,
733 3389 2401 3442 Gesicht und ihre eigene Farbe ging der Auffüh= ein in derartigen Geschäften erfahrener Kommer¬
723 3428 2399 3480 rung ab, und so stellte sich auch hier jener eigen= zienrat, in die Hand, indem er den Bankerottie¬
732 3469 2404 3522 tümliche Zauber nicht ein, den heute noch der rer auf seinen Landsitz lädt und ihn dort unter
778 3523 1648 3591 Monutshefte, Band 103, I: Heft 615. — Dezember 1907.
2071 3531 2166 3592 30
