3344 4352
1090 252 1559 358 box 40/6
140 258 945 375 0. Antisenitien
518 1304 1276 1447 „OBSERVER‘
595 1422 1280 1493 I. österr behördl. konzessioniertes
546 1469 1307 1542 Unternehmen für Zeitungs-Ausschnitte
651 1531 1219 1607 Wien I, Wollzeile In
713 1601 1158 1663 Telephon R-23-0-43
810 1710 1141 1799 Der Abens
2476 1729 2696 1802 Seite 3
1784 1711 2151 1808 28. April 1933
550 1910 1165 2033 deutscher
1210 1840 2572 2047 Geist wird verramscht
375 2023 2742 2121 Lieber unter dem Selbstkostenpreis verkaufen, als an den Schandpfahl schlagen nder auf dem
382 2090 2738 2192 Scheiterhaufen verbrennen lassen. — Bettgenossenschaft Magnus Hirschfeld=Hanns Heinz Ewers
487 2166 1608 2240 Die bedeutendsten Bücher der besten deutschen Dichter,
1641 2167 2729 2240 Die Liste ließe sich ins Unendliche fortsetzen, denn
386 2183 2736 2292 Wissenschaftler, Philosophen sind auf den „braunen was vor der Umwandlung des deutschen Geistes in
393 2257 1566 2342 Index“ gesetzt worden. Demnächst sollen sie an den
1559 2264 2741 2341 spießerischen Ungeist Klang und Namen hatte, ist ja aus¬
376 2293 1565 2386 Schandpfahl geschlagen oder in loderndem Feuer
1555 2309 2749 2402 gemerzt und ausgerottet und darf dem nationalen Bürger
381 2360 1549 2439 verbrannt werden. Die deutschen Buchhändler sind
1564 2375 2342 2454 nicht mehr unter die Augen kommen.
387 2418 1563 2472 natürlich „gleichgeschaltet“ und sollte einer von
1656 2411 2744 2508 Hanns Heinz Ewers gehort bekanntlich zu den
381 2458 1563 2526 ihnen noch immer etwas von den Brüdern Mann, von
1551 2474 2736 2536 Heroen des deutschen Aufbruchs. Er bekleidet Ehrenämter.
382 2502 1558 2576 Wassermann oder Schnitzler, von Lenin,
1554 2534 2742 2597 und hängt sich Erfolg haschend an die Nockschössel seines
384 2539 1560 2630 Marx oder Kautsky halten, so würde er doch nie¬
1559 2574 2738 2634 Kanzlers. Aber er hat eine befleckte Vergangenheit,
388 2606 2743 2703 mals wagen, daß bestehende Verbot zu übertreten und denn er hat sich in der Liebe mit Magnus Hirschfeld
384 2649 1493 2723 diese „Asphaltliteratur“ in seinem Laden feilzubieten.
1554 2681 2739 2751 gefunden und dieser wieder gehört zu den meistgehaßten
488 2705 2735 2758 Aber schließlich läßt sich von der Begeisterung für Schriftstellern und Wissenschaftlern im neuen Deutsch¬
383 2749 1562 2827 den aufgebrochenen neuen deutschen Geist allein nicht gut
1562 2773 2726 2837 land. Gemeinsam haben die beiden „Kamasutra“ (Liebe
388 2803 1555 2866 leben und so muß man trachten, dem Scheiterhaufen und
1557 2827 2715 2880 im Orient), „Die Liebesriten und Liebessitten in Indien“.
374 2848 1554 2930 damit der völligen Vernichtung des Geschäfts zu entgehen.
1546 2867 2731 2936 un die „Arabische Liebeskunst“ (Der duftende
510 2911 1531 2965 So werden denn die teuersten Werke der in Nazi¬
1552 2919 2734 3006 Garten des Scheik Nefzani) herausgegeben und einbe¬
425 2933 1534 3028 deutschland verfehmten Autoren zu lächerlich niedrigen
1543 2972 1723 3060 gleitet.
422 3004 1536 3055 Preisen in Oesterreich ausgeboten, und niemals hätte
1680 2999 2704 3075 Hanns Heinz Ewers und Magnus Hirschseld
418 3058 1533 3126 der Bücherfreund in Wien bessere Gelegenheit als
1590 3078 2691 3147 wurden gegeneinander ausgewogen und Hirschfeld als
428 3103 1534 3187 heute, für ein paar Schillinge die kostbarsten Bücher
1590 3118 2697 3206 zu schwer, das heißt als zu große Belastung für den
419 3150 1104 3216 der Weltliteratur zu erwerben.
1584 3185 2444 3258 großen deutschen Dichter Ewers befunden.
487 3183 1570 3262 Demnächst kommen die schönen Fischer=Ausgaben in
1647 3229 2727 3300 Folge: Die umfangreichen, mit Hunderten von Illu¬
376 3263 1552 3332 Halblederbänden (Artur Schnitzler, Jakob Wasser¬
387 3297 2739 3371 mann) zum Preise von S 4,80 auf den Markt. Jetzt strationen versehenen Bände werden jetzt in Wien um vier
1559 3344 2738 3420 bis fünf Schilling statt um 33 Schilling ausgeboten. Die
383 3340 1550 3418 schon kann man die Werke Heinrich und Thomas
1548 3403 2736 3450 Bettgenossenschaft mit dem verfemten Sexualforscher kommt
384 3411 1554 3483 Manns, Ernst Tollers, Stefan und Arnold Zweigs
1546 3442 2740 3527 dem Minnesänger des umgeschalteten Deutschen Reiches teuer
384 3460 1551 3516 um einen Bruchteil des festgesetzten Ladenpreises erstehen.
368 3501 1766 3578 Das prachtvolle Werk „Sergeant Grischa“ eines der zu stehen.
373 3550 1573 3626 meistgelesenen Bücher der letzten Jahre, wird um S 4,73]
1638 3531 2738 3613 Denn nicht nur trägt sein Schild dunkle Flecken, die
380 3601 2723 3663 statt S 13,20, Ernst Gläsers „Jahrgang 1902“ einsich nicht leicht wegputzen lassen, sondern er verliert auch die
383 3650 2731 3718 Gegenstück zu Remarques „Im Westen nichts Neues“, um Tantiemen, die ihm der Verkauf der Werke zu Original¬
380 3700 752 3767 S 2,10 verkauft.
1549 3705 2070 3772 preisen eingetragen hätte!
