3436 4256
1173 234 1631 332 box 40/6
225 229 1002 342 0. Antisenitien
1929 1002 2217 1066 SCHÖNERE
863 1020 1077 1083 Seite 550
865 1106 2187 1168 heimer. Benedikt. Lippowilz. Colberl. Schreier. Wertheimer.
875 1147 2197 1225 Werfel. Kuh. Reinbardl: die Reil#e ist in Wirklichkeil kamm
865 1214 2192 1273 überschbar). Aber nicht nur im Bereich des bourgeoisen Kultur¬
866 1255 2195 1321 liberalismus sind Juden die Maßgebenden. Sondern auch in der
856 1303 2200 1355 revolntionären Arbeiterbewegung. Die eigentlichen Führer des
868 1350 2192 1410 Austromarxisins waren und sind Juden: wir nennen nur Viklor
868 1403 2204 1466 Adler. Austerlitz, heute Ollo Baner. Breilner. Danneberg. Deutsch.
871 1452 2198 1509 Ellenbogen. Pollak. Tandler usw. Österreich ist wohl das ver¬
858 1515 2188 1563 judetste aller deutschen Länder, und so wares nur gerechtfertigl.
864 1581 2205 1609 wenn ein österreichischer Bischol diesen Mißsland offen bei
869 1602 2195 1659 Namen nannte. Aber über Österreichs Grenzen hinaus gelten seine
866 1651 2196 1716 Worte. Jeder Reichsdentschee kann fragen und anlworten: Wer
879 1715 2206 1765 Sii die führenden Bankdirektoren? Jnden! Wer hat die größsten
862 1755 2209 1828 Kaufhäuser? Juden! Wer beherrscht die Börsen? Juden! Und
862 1812 2205 1867 weiler: Wer waren und sind die Führenden Philosophie- und Li¬
872 1860 2205 1907 Veralurprofessoren der letzlen Jahrzehnte? Juden! Ich nenne nur
874 1895 2206 1962 Namen wie Cohen. Simmel. Husserl. Cassirer. Kroner. Mannheim.
867 1959 2204 2014 Joel. Jonas Cohn. Moritz Geiger. William Stern usw., und dann die
873 2008 2205 2056 Literarhistoriker: Wilkowski. Bielschowski. Richard Moses Meyer.
867 2043 2204 2128 Gundolf (eigentlich Gundellinger). Arnold usw. Wer führte in der
867 2110 2202 2155 letzlen Zeit die deutsche Publizistik? Vorwiegend Juden. Hier nur
867 2144 2204 2211 ein paar Namen, wie sie uns in diesem embarras de richesse
872 2195 2194 2258 gerade einfallen: Harden (alias Isidor Wilkowski). Siegfried Ja¬
868 2240 2202 2294 cobsohn. Sammmel Sänger. Sonnemann. Bab. Tucholsky. Hiller.
865 2307 2197 2357 Lindwig. Mühsam. Kerr. Thcodor Wolff usw. Diese Beispiele, die
863 2348 2212 2403 sich jeder aus dem Semi-Kürsehner selbsVergänzen kann. mögen
869 2391 2210 2459 genügen. Niemand hat elwas gegen die Teilnahme der Juden am
867 2454 2199 2505 deutschen Geistesleben; der „Sauerteig“ ihrer kritischen Talenle
871 2511 2216 2556 mag sogar oft willkommen sein: zu wir erkennen an, daß es off
862 2549 2214 2618 gerade Juden gewesen sind, welche unsere Genies früh erkannt
863 2594 2195 2659 und allen Widrigkeiten zum Trotz öffentlich durchselzen gehol¬
874 2643 2194 2703 fen haben G. B. Uebbel. George. Rilko). Wir kämpfen — und das
865 2686 2212 2744 ist unsere Pflicht  gegen die Besetzung zu vieler Führerstellen
875 2755 2205 2808 durch jüdische Meuschen, gegen die Entdentschung unserer Kul¬
867 2793 2211 2854 tur durch ressenlimentgeladene jüdische Intellekte ohne Golt und
874 2842 2210 2905 Gewissen, gegen den offenen und versterkten Vutigermanismtis
880 2899 2214 2947 dter von ihrem Glauben abgefallenen Juden. Jeder ehrliche
879 2946 2209 2995 Jude, der noch am Glauben seiner Väler hängt, muß diese unsere
880 3001 2212 3048 Abwehr. muß das anklagende Wort des Hirtenbriefs verstehen.
885 3047 2196 3105 Wenn schließlich der Bischof auf die Judenvertreibungen in Trühe¬
877 3099 2204 3151 ren Zeiten hinweist, so wollte er damit nicht dem Rassenhaß das
877 3145 2204 3193 Wort reden. sondern deutlich machen: schon damals erbitlerten
864 3182 2210 3252 gewisse Prakliken der Juden das deutsche Volk, das in seinem
869 3229 2206 3283 #urtümlichen Biedersinn die geschäftliche Wendigkeit der Stamm¬
869 3286 2204 3336 freinden nicht gerade als sauber, ja oft genng als Betrng emp¬
876 3352 2211 3396 fund. Eben daraus werden jene Judenvertreibungen versländlich.
874 3394 2208 3448 deren Erwähnung die Union österreichischer Juden dem Kirchen¬
880 3452 2207 3493 fürsten zum Vorwurf macht. Die Abwehr hatte damals nur eine
867 3486 2214 3541 undere. primitivere Form; heute aber ist sie aufs neue notwen¬
879 3536 2201 3595 dig. Daran, daß der Tirtenbrief das deutsche Judentum in be¬
875 3584 2202 3642 Stimmten Grenzen gelten läßl. kann nur jüdische Voreingenom¬
874 3641 1268 3709 menheil zweifeln.
878 3734 2217 3793 Dr. Walter Schienerl: Kulturbolschewismus
963 3782 1405 3852 in der Musik.
973 3832 2208 3895 Kuliur ohne die festen Grundlagen der Oberlieferung ist
879 3876 2212 3948 undenkbar. Anschluß un diese darf niemals als rücksländig gel¬
882 3939 2204 3983 Ten, besonders nicht in der Kunst. Denn auch hier siehl eine
886 3985 2211 4043 Generation auf den Schullern der andern. Heute. da es so off
877 4039 2199 4091 um Dank der Ehrfurcht mangeli. muß das von venem Ianl ge¬
879 4092 2207 4139 sagf werden. Nun 1e1 kamm eine Kunstgatlung Irnditionsver¬
2166 162 2259 222 —
