3392 4320
914 295 956 349 m
1140 275 1592 374 box 40/6
183 283 944 380 0. Anfisenit jS#
330 848 1165 945 „OBSERVER
415 935 1111 986 I. österr. behördl. konzessioniertes
380 986 1140 1046 Unternehmen für Zeitungs-Ausschnitte
443 1042 1061 1105 WIEN, I., WOLLZEILE 11
516 1096 995 1154 TELEPHON R-23-0-43
335 1214 701 1301 Ausschnitt aus:
658 1222 1114 1360 Rene breie Prese F
332 1456 478 1516 vom:
721 1421 1125 1534 29.NOV 7932
302 1655 1298 1739 Die Eigentümlichkeiten des
418 1734 1218 1840 Publikumsgeschmacks.
520 1810 1087 1900 Von Jules Romains.
595 1887 1021 1954 (Aus einem Gespräch.)
307 1935 1386 2010 Man veröffentlicht ein Buch, man schreibt ein Drama,
225 1996 1388 2052 das in verschiedenen Ländern zur Aufführung gelangt. Worin
238 2046 1388 2102 unterscheidet sich das Lese= vom Theaterpublikum?
235 2076 1395 2144 Wie reagiert das Publikum verschiedener
228 2127 1398 2195 Länder auf ein und dasselbe Werk? Lauter Fragen, die
242 2179 1392 2242 jeder Schriftsteller anders beantworten wird. In meinem
245 2219 1394 2276 Vortrag: „Auteur et public“, den ich heute als Gast
231 2277 1400 2323 des Kulturbundes halte, werde ich von meinen persönlichen
248 2324 1392 2379 Erfahrungen mit dem Publikum sprechen und mich bemühen,
247 2358 1394 2413 das gefürchtete und geliebte Ungeheuer Publikum, dem der
244 2411 1403 2476 Autor auf Gedeih und Verderb ausgeliefert ist, psychol. gisch
237 2458 580 2530 zu durchleuchten.
335 2488 1409 2558 Wie ist etwa der Geschmack des französischen Publikums
239 2549 1395 2603 beschaffen? Die Zeit der literarischen Experimente, wie sie
246 2598 1408 2646 für die ersten Nachkriegsfahre charakteristisch waren. ist
249 2643 1392 2696 vorüber. Gewisse snobbistische Spielereien sind
245 2682 1399 2735 vorüber und überwunden. Das Prblikum wendet sich dem
243 2725 1408 2775 Dauernden und Bleibenden zu, aber die Zeit der Experimente
238 2776 1400 2840 ist nicht vergebens durchlebt worden. Sie war nötig, im die
240 2814 1409 2883 Zeit der Reise vorzubereiten. Uebrigens spielt sich die
250 2854 1407 2929 Wandlung des Publikumsgeschmackes in Frankreich nicht in
251 2918 1419 2967 brüsker Form ab. Kein Sch iftsteller wurde von seinem
259 2957 1403 3015 Piedestal gestürzt, niemand in Acht und Bann gelan. All¬
247 3005 1346 3070 mählich hat sich — bei den Autoren und beim Publikum —
254 3047 750 3112 der Geschmack gewandelt.
338 3106 1408 3169 Jene Erscheinung, die man mit einem Schlagwort
1047 3146 1410 3205 eine überzüchtet
253 3143 950 3204 „Asphaltliteratur“ nennt
252 3186 1401 3246 intellektuelle, abseitige Literaturströmung — hat es bei uns
256 3254 1418 3290 nie in dem Ausmaß gegeben wie in manchen anderen
260 3275 1411 3330 Ländern. Aber auch soweit derartige Erscheinungen bei uns
262 3324 1409 3380 vorhanden sind, spielt sich der Widerstand dagegen in durch¬
259 3369 1273 3445 aus gemäßigter Form, ohne stürmische Ausbrüche ab.
344 3418 1411 3476 Mit Genugtuung bin ich mir meiner innigen Verbunden¬
260 3449 1416 3518 heit mit der österreichischen Literatur bewußt.
259 3513 1422 3571 Arthur Schnitzler, an dessen verehrungswürdige Gestalt
270 3553 1413 3609 ich trauernd zurückdenke, gilt in Frankreich als die unsterb¬
262 3605 1419 3656 liche Verkörperung spezifisch österreichischen Schaffens. Auch
267 3654 1417 3708 Hugo v. Hofmannsthal stand mir menschlich sehr nahe.
266 3692 1429 3746 Ebenso verbindet mich mit Franz Werfel und Stefan
269 3744 1424 3799 Zweig der herzlichste persönliche Kontakt. Von deutschen
258 3792 1421 3841 Dichtern bedeutet mir Thomas Mann besonders viel.
273 3828 1423 3882 Heinrich Mann, der ja jetzt bekanntlich in Paris lebt und
272 3874 1428 3932 dessen Büchern ich gleichfalls reinsten künstlerischen Genuß
273 3917 1423 3981 verdanbe, habe ich leider noch nicht persönlich kennen gelernt.
368 3971 1436 4024 Mein Aufenthalt in Wien wird diesmal leider nur kurz
280 4011 1431 4067 bemessen sein. Ich komme direkt aus Paris und kehre in ein
278 4057 950 4129 paar Tagen wieder dorthin zurück.
2334 332 2687 420 Berliner
2177 407 2857 500 Börsen - Zeilung
2378 602 2708 695 7. Jan. 1934
1961 725 3044 852 Die deutsche Dichtung
2180 834 2850 958 Oesterreichs.
1985 918 2879 1032 ¼ Zur heutigen Sondernummer
2219 1008 2786 1088 der Kritischen Gänge.
2024 1086 3049 1140 Die Deutschen in Oesterreich kämpfen einen erbitterten
1962 1135 3051 1191 Kampf um ihr Deutschtum: Gegen ein von Herrn Dollfuß
1971 1177 3048 1250 konstruiertes Oesterreichertum, gegen das Wiener Literatur¬
1970 1230 3042 1282 Judentum, gegen den Austromarxismus, gegen vielgestaltige
1963 1284 3053 1365 ausländische Einflüsse, die sich dieses Bollwerk im Südosten
1963 1317 3063 1396 für ihre Machtsphäre sichern wollen. Alles, was nicht in
1974 1374 3043 1445 diesem Entscheidungskampf auf Seiten des deutschen Frei¬
1964 1421 3039 1492 heitskampfes steht, kämpft für die Feinde des deutschen
1969 1470 3054 1548 Volkes. Es geht heute darum, ob dieses deutsche Volk in
1978 1515 3048 1575 Oestemeich sich zu seinem Deutschtum und der deutschen
1980 1559 3054 1629 Schicksalsgemeinschaft bekennen darf und sich zu bekennen
1967 1611 3053 1685 vermag, oder ob es der längst abgestorbenen französischen
1973 1656 3051 1749 Staatsidee verfallen und im Dienst der Vormachtstellung
1966 1707 3041 1783 Frankreichs in Europa stehen soll. Es liegt hier also nicht
1976 1753 3047 1841 derselbe historische Prozeß wie bei der Schweiz und bei den
1973 1789 3042 1866 Niedenlanden vor. Dort splitterten beim Zerfall des Reiches
1970 1860 3051 1904 Teile des deutschen Volkes ab, die sich kämpfend ihre Un¬
1973 1902 3043 1974 abhängigkeit von fremden Einflüssen sicherten, nun aber
1962 1956 3051 2021 schon längst zu geschichtslosen Neutralen erstarrt
1960 1994 3049 2050 und also dem Schicksalskampf des gefamtdeutschen
1961 2040 3051 2097 Volkes verloren gegangen sind. In Wien aber stehen
1965 2095 3043 2149 Deutsche, die sich Oesterreicher nennen, im Dienste fremder
1971 2140 2673 2199 Machtpolitik gegen das deutsche Volk.
2026 2207 3049 2265 Der Oesterreicher, der zur Tarnung 'dieser Politik
1966 2245 3055 2326 dienen muß, existiert gar nicht. Er wird von einigen
1956 2309 3045 2371 Legitimisten erträumt, die immer noch im Schatten des
1970 2353 3051 2408 alten Habsburgerreiches leben. Außerdem bemüht sich das
1965 2383 3046 2468 Zivilisationsliteratentum, das heute in Wien schlimmer und
1955 2440 3041 2519 rücksichtsloser um — blinder haust als es je in Berlin ge¬
1968 2487 3044 2575 haust hat, besonders kräftig darum, aus Legitimismus,
1967 2542 3038 2618 Zivilisationsliteratentum und frankreichhörigen Ge,
1963 2581 3044 2661 sinnungslumpen ein Oesterreichertum zu konstruieren,
1966 2637 3049 2730 dessen Ahnherr — Schnitzler ist. So weit reicht die Tradition
1966 2676 3042 2763 dieses Oesterreichermuns. Manche bemühen sich, die alten
1958 2717 3038 2812 deutschen Dichter Oesterreichs für dieses abstratte literarische
1955 2782 3042 2867 Oesterreichertum zu reklamieren. Aber alle diese Versuche
1960 2824 3039 2879 sind Spiegelfechtereien. Sie machen sich selbst was vor. Die
1960 2875 3046 2957 alten Dichter Oesterreichs waren deutsche Dichter und die ##
1946 2927 3020 2996 jungen sind es erst recht. Die Jungen tragen das Gesetz
1935 2986 3026 3036 von Blut und Boden, aus dem das ganze deutsche Volk mit
1945 3030 3025 3087 der Gewalt einer Naturkraft wiederersteht, schon lange in
1938 3078 3013 3120 sich. Sie haben seit Jahren aus der Kraft dieses Gesetzes
1951 3122 3017 3181 geschaffen. Wir kennen sie und lieben sie, und sie sind auch
1941 3168 3013 3217 schon seit Jahren ein Teil von uns. Und es wird sich kein
1947 3220 3020 3266 Oesterreichertum zwischen sie und uns stellen können. Wir
1945 3256 3011 3314 sind gewiß, daß der Tag nicht mehr fern ist, an dem das
1943 3311 3017 3372 deutsche Volk in Oesterreich diese sich Oesterreicher nennen¬
1943 3364 3006 3423 den, aber in und von Oestererich nur schmarotzenden Zivili¬
1931 3409 3016 3473 sationsliteraten aus den Wiener Kaffeehäusern ein für
1939 3456 3005 3522 allemal vertreiben wird. Aber wahrscheinlich werden sie
1934 3507 3016 3559 mit Hilfe der ihnen eigenen Witterung schon vorher ge¬
1936 3551 3008 3608 flohen sein. Sie stellen sich nie. Sie sitzen in allen Län¬
1924 3605 3001 3661 dern in sicheren Löchern und hetzen und wühlen, bis sie
1920 3654 3007 3709 ausgeräuchert werden. Ein eigenes Schicksal, ein eigener
1933 3691 3015 3755 Staat, ein eigenes Volkstum ist ihnen viel zu mühsam und
1932 3737 2203 3812 zu gefährlich.
2002 3790 3006 3844 Die heutige Nummer der „Kritischen Gänge“ soll für
1924 3842 3009 3886 den deutschen Charakter des österreichischen Schrifttums
1925 3890 3006 3942 zeugen und gleichzeitig die gefährliche politische Situation
1925 3940 3003 3987 dieses deutschen Schrifttums in dem Oesterreich des Herrn
1931 3979 2992 4052 Dollfuß und das Gesicht des sogenannten Oesterreichertums
1925 4028 2994 4095 aufzeigen. Es soll den Deutschen in Oesterreich bezeugen,
1924 4080 3001 4141 daß wir sie und ihren bewundernswert heroischen Kampf
1922 4130 2998 4182 nicht vergessen haben und den Deutschen im Reich aus Herz
