3344 4320
1120 248 1553 332 box 40/6
159 241 943 348 0. Anfisenitien
585 851 1438 955 „OBSERVER
699 929 1387 999 I. österr. behördl. konzessioniertes
653 993 1410 1056 Unternehmen für Zeitungs-Ausschnitte
732 1043 1337 1113 WIEN, I., WOLLZEILE 11
798 1099 1273 1163 TELEPHON R-23-0-43
613 1237 995 1312 Ausschnitt aus:
602 1294 1445 1395 Berliner Börsen Zeitung,
881 1414 1248 1490 7.12.1954
611 1468 825 1533 vom:
1586 1521 1663 1646 6
1718 1534 2129 1663 heater.
1656 1577 1725 1673 8
1136 1537 1575 1675 Wiener
1326 1636 1883 1716 Robert Hohnbaum
656 1632 852 1720 30
1651 1668 2734 1747 von diesem Standpunkte aus betrachten, um sie zu ver¬
598 1704 1602 1769 Mit der Behauptung, Wien sei eine Theaterstadt,
1641 1741 1821 1806 stehen.
534 1763 1611 1820 ist natüvlich noch lange nicht der Beweis erbracht, daß sie
1718 1743 2718 1821 Das Burgtheater ist natürlich lange nicht mehr das,
532 1805 1615 1858 eine Literaturstadt genannt werden dauf. Wenn der
1646 1802 2722 1873 was es in alter Zeit gewesen ist. Wohl besitzt es noch
534 1835 1617 1904 alte Wiener Theatererinnerungen auffrischt, so spricht er
1639 1848 2716 1913 einige große Schauspieler, vor allem die Bleib¬
536 1882 1610 1948 bezeichnen. Weise nicht von der und jener Grillparzer¬
1649 1894 2726 1971 treu, eine herrliche Künstlerin, die es verstand, Tradition
547 1945 1617 1994 Aufführung, sondern er spricht von Baumeister, von Krastl,
1651 1938 2729 2020 mit moderner Kunst zu vereinen, Aslan, der, früher etwas
538 1972 1615 2036 von der Wolter, von Mitterwurzer, von Kainz. Was
1640 1989 2729 2054 aufs Sentimental=Geckenhafte eingestellt, sich zum großen
538 2011 1623 2084 diese Künstler darstellten, das hat er gewöhnlich schon ver¬
2625 2026 2738 2078 der
1651 2033 2623 2090 Charakterdarsteller entwickelt hat. Fred Hennings,
532 2056 1624 2138 gessen, zumindest erscheint ihm das Dichterische belanglos
1652 2076 2735 2130 namentlich im Zawisch Rosenberg im „Ottokar“ sein
542 2100 1617 2168 gegenüber der schauspielerischen Leistung. Immer ist es
1652 2133 2734 2179 Meisterstück geleistet hat, und dem man heute schon ruhig
546 2146 1622 2219 den Mimen, den beliebten wenigstens, gut gegangen, sehr
1656 2171 2721 2227 den Mephisto anvertrauen könnte, Ewald Balser — in
550 2190 1626 2261 selten den Dichtern. Wir kennen die Leiden Grillparzers,
1664 2202 2723 2269 letzter Zeit leider zu manchem Kitsch mißbraucht — Paul
540 2237 1625 2295 wir wissen von Hebbels schwerem Geltungskampf, wir
1660 2253 2738 2322 Hartmann, der wahrhaft echte Held, und — bei Gott nicht
555 2286 1632 2353 stehen helte — um vom Musikalischen zu sprechen, wo
1660 2291 2730 2363 zuletzt! der prachtvolle Hans Marr, der große Hauptmann¬
535 2329 1621 2401 die Verhältnisse ganz ähnlich lagen — fassungslos der
1656 2334 2737 2396 Darsteller, der nur viel zu vornehm und natürlich ist, um
552 2359 1636 2432 grauenvollen Verkennung Wagners, Bruckners und Wolfs
1672 2383 2741 2449 sich nach den Rollen zu drängen, die ihm eigentlich zu¬
550 2420 1628 2487 gegenüber, die in eine Zeit fällt, da man den Sängern,
1653 2425 2741 2491 kämen, und die ihm dann weit weniger Berufene weg¬
543 2462 1635 2510 Reichmann, der Lucca und Winckelmann die Pferde aus¬
1653 2488 1872 2561 schnappen.
555 2513 1631 2557 spannte und sie zu Halbgöttern erhob. Das mag wohl mit
550 2539 1631 2605 der naiven, einfachen Art des Wieners zusammenhängen.
563 2586 1633 2649 Er ist Augenmensch, er hält sich an das Nächstliegende, den
567 2639 1631 2704 Darsteller siehht er, der Denkumweg, der ihn zu dem un¬
560 2671 1633 2732 sichtbaren Schöpfer führt, ist allzu unbequem und schwierig.
643 2710 1643 2790 Wenn man das alte Burgtheater die erste deutsche
566 2758 1653 2825 Nationalbühne nannte, so ist dieses Wort von unserem
562 2803 1657 2872 heutigen perspektivischen Standpunkt aus sehr mit Vorsicht
564 2849 1641 2913 auszusprechen. Sie war es den Darstellern nach, aber sie
567 2895 1647 2954 war es nur einem kleinen Teil des Spielplans zu Folge.
573 2937 1655 3002 Gewiß, man pflegte die Klassiker. Aber eigentlich nicht
572 2983 1645 3050 ihnen selbst zu Liebe, sondern weil sie den Pathetikern
564 3035 1649 3099 unter den Darstellern dankbare Rollen boten, man ging
572 3070 1650 3150 nicht ins Theater, um Shakespeare oder Goethe zu hören,
573 3118 1655 3178 sondern um Lewinsky als Richard den Dritten, um Bau¬
576 3169 1658 3225 meister als Götz, um Kainz als Hamlet zu sehen. Dieses
577 3200 1659 3263 rein Visuelle herrschte vor, verbunden mit dem
577 3245 1656 3324 Musikalischen. Es gibt heute noch Leute, die Krastls
584 3298 1662 3368 Stimmklang nachahmen können, aber kein Wort, das er ge¬
571 3342 1298 3408 sprochen, im Erinnern behalten haben.
659 3374 1658 3441 Die Schnitzler=Verhimmelung wurde nur von einer ge¬
568 3428 1662 3488 wöhnlich jüdischen=Intéllektuellenschicht getragen, das andere
573 3486 1667 3539 waren Mitläufer oder — wie man hier sagt — Adabeis,
577 3509 1668 3581 die große Menge des Publikums blieb ihm fremd, sie hielt
582 3568 1318 3628 sich an den Schauspieler, nach wie vor.
650 3594 1677 3671 So müssen wir auch die heutigen Theaterverhältnisse
