3344 4320
837 233 925 283 S M
505 233 583 285 S
155 226 947 327 0. Ant 1m 1 11 2
1665 73 2493 150 CANNOS IN OSTERREICH
1745 122 2399 202 Baden Salzburg Semmerine,
1652 152 2500 239 Roulette — Baccara — Chemin de fer
1639 231 2495 298 Österreichische Casino A. G.
1102 203 1548 300 box 40/6
1639 273 2497 341 Wien III, Schwarzenbergplatz 5a
1649 376 2121 467 „OBSERVER“
1876 454 2496 506 I. österr. behördlich konzessioniertes
1871 499 2495 558 Unternehmen für Zeitungs-Ausschnitte
1872 537 2503 583 Wien I, Wollzeile 11, Telephon R-23-0-43
1616 687 1990 757 Ausschnitt aus:
1942 683 2468 812 rechtigkeit, Wie¬
1613 895 1768 965 vom:
1959 893 2060 997 0
1494 992 2956 1107 Deutschlands Kries gegen seine Gelstesheroen
2224 1171 3063 1225 Namen, der wie ein Rocher de bronce vor
1436 1170 2196 1237 Vom Kesseltreiben gegen Goethe ist
2234 1206 3053 1285 unflätigen Beschimpfungen und Angriffen
1388 1229 2204 1305 in diesem Blatte schon öfters die Rede
2240 1271 3057 1327 sicher wäre. Was ist, von Berlin aus
1392 1283 2200 1343 gewesen, und auch die Leser der „Ge¬
2228 1317 3054 1377 betrachtet, von der langen und dichten
1392 1343 2219 1396 rechtigkeit“ wissen nun schon, daß
2241 1364 3057 1428 Kette der Namen, die Deutschlands Ruhm
1389 1374 2210 1432 er ein hinterlistiger, heimtückischer Juden¬
2242 1414 3062 1476 in der Welt begründet haben, übrig ge¬
1387 1435 2212 1481 und Freimaurerknecht gewesen ist, der
2244 1453 3056 1522 blieben? So gut wie nichts! Das Volk
1396 1476 2220 1543 seinen edlen heroisch-arischen Freund
2242 1511 3064 1567 der Dichter und Denker brüllt, so laut es
1389 1523 2217 1578 Schiller so mir nichts dir nichts hat
2241 1552 3064 1627 nur kann, in die Welt hinaus, daß an
1384 1572 2227 1638 vergiften und um Mitternacht verscharren
2244 1592 3071 1677 diesen Dichtern und Denkern, die doch die
1389 1621 2211 1678 lassen. Aber das ist noch nicht alles. Denn
2244 1646 3065 1716 ganze Welt verehrt, nichts dran gewesen
1389 1670 2215 1725 auch mit Schiller steht es, im Grunde
2241 1697 3054 1767 ist. Natürlich hat auch diese seltsame
1390 1712 2213 1781 genommen, nicht ganz sauber, und die
2245 1746 3064 1809 Kampagne, wie alles im Dritten Reich, ihre
1390 1766 2212 1818 „Deutsche Reichskulturkam¬
2256 1802 3059 1858 wohlberechneten Hintergünde. Nur wenn
1398 1806 2211 1866 mer“ hätte, wenn er heute lebte, große
2245 1848 3071 1903 die Stimmen der großen Dichter durch
1396 1854 2209 1915 Bedenken, ihm das Schreiben zu gestatten.
2245 1896 3074 1951 schmutzige Zwischenrufe zum Schweigen
1388 1903 2229 1975 Nicht nur, daß er gelegentlich sehr
2249 1941 3070 2007 gebracht worden sind, sind die der kläg¬
1390 1953 2224 2009 freundliche Worte über Juden gesagt,
2241 1979 3080 2036 lichen, größenwahnsinnigen Nazi-Dichter¬
1397 2003 2226 2070 war an ihm verderblich, sondern — o
2243 2034 3075 2094 linge vernehmbar, nur wenn es gelingt,
1398 2056 2225 2109 Graus — er hat „die deutsche Tragödie in
2242 2085 3072 2142 jeden Gedanken und jede Erinnerung an
1396 2094 2230 2170 die Knechtshcaft des feigen jüdischen
2248 2123 3066 2183 die großen Philosophen und Staatsdenker
1400 2149 2228 2215 Moralismus gebracht“ Wer sich dafür
2244 2182 3067 2243 zu tilgen, sind die Auslassungen Rosen¬
1414 2189 2229 2249 interessiert, kann es in allen möglichen
2245 2230 3075 2292 berg s oder die Lektüre von, „Mein
1417 2245 2237 2304 „wissenschaftlichen“. Auslassungen lesen.
2245 2279 3069 2343 Kampf“ ohne Brechreiz lesbar. Damit
1404 2299 2225 2352 Höchste Autoritäten haben es bestätigt,
2262 2319 3067 2391 die Pseudohelden zu wirklichen Helden
1417 2338 2233 2397 daß sein Werk der vergebliche Versuch
2252 2363 3078 2436 aufgeputzt werden können, müssen die
1417 2389 2226 2453 gewesen ist, sich „von den Ketten jüdischer
2263 2431 3065 2480 wirklichen Helden vernichtet werden. .
1409 2432 2223 2502 Weltanschauung zu lösen“. Es ergibt sich
2307 2469 3073 2533 Natürlich begreift das Ausland, und
1408 2477 2227 2551 nun die Frage: Wer hat den armen
2253 2510 3077 2572 besonders das immer noch wohlgesinnte
1417 2528 2233 2594 Schiller denn so Jjüdisch verseucht? Ganz
2254 2560 3073 2623 Ausland, diesen verächtlichen Hexensabbat
1415 2587 2227 2637 einfach, das ist kein anderer als Kant
2252 2610 3073 2675 nicht. Neulich ist in Berlin etwas Komi¬
1419 2624 2235 2695 gewesen! Das war nämlich ein ganz
2257 2660 3074 2717 sches passiert. Ein prominenter Japaner
1412 2676 2231 2740 Schlimmer. Die sittliche Autonomie, der
2244 2710 3071 2764 Vhielt einen Vortrag über japanische Lite¬
1413 2713 2243 2777 kategorische Imperativ? Dem Führer
2245 2758 3081 2808 ratur. In seiner Achtung vor deutschem
1414 2775 2224 2840 Order parieren, das ist deutsch, alles Ge¬
2262 2807 3087 2864 Geistesleben und auch wohl, um seinen
1410 2817 2235 2884 rede von Sittlichkeit ist jüdisch im höch¬
2258 2851 3085 2919 Gastgebern etwas Freundliches zu sagen,
1413 2863 2241 2926 sten Grade! Ganz zu schweigen davon, daß
2269 2904 3076 2962 erzählte er davon, daß in Japan deutsche
1414 2925 2244 2980 dieser Pazifist und Drückeberger sogar ein
2263 2948 3082 3004 Literatur viel übersetzt und geschätzt
1411 2969 2234 3023 Buch über den „ewigen Frieden“ geschrie¬
2264 2997 3082 3064 werde. Nicht nur, so sagte er, kenne man
1414 3019 2244 3074 ben hat. Das ist ja geradezu Volksverrat!
2264 3046 3091 3106 allenthalben die großen Werke Goethes
1414 3056 2246 3111 Und mit all diesem zersetzenden Zeug hat
2260 3086 3085 3150 und Schillers, sondern auch die Werke der
1424 3110 2240 3166 er den Schiller, der ganz gute Anlagen
2263 3149 3093 3206 großen neueren Deutschen, beson ers die
1423 3165 2257 3223 gehabt hat, natürlich verdorben. Und nicht
2266 3199 3094 3259 Gerhart Hauptmanns, Hugo v.
1421 3202 2247 3260 nur den, sondern auch den Fichte. Der
2272 3228 3105 3311 Hofmannsthals, Artun-Schnitz
1419 3262 2256 3314 ist nämlich trotz seiner „Reden an die
2262 3281 3095 3363 Lers und vor allem THöMas Manns.
1420 3303 2252 3355 deutsche Nation“ auch sehr mit Vorsicht
2262 3334 3096 3384 Es ist unnötig, zu erwähnen, daß die
1427 3349 2256 3406 zu genießen. In seiner „Bestimmung des
2272 3373 3102 3442 Presse mit einem Wutgeheul antwortete.
1426 3397 2247 3457 Menschen“ hetzt er ja geradezu zum Klas¬
2272 3427 3097 3480 Denn Gerhart Hauptmann, gewiß, er
1430 3442 2244 3508 senkampf! Und an allem haben die Juden
2270 3477 3090 3539 schreibt heute S.-A.-Festspiele, aber er
1434 3498 2247 3551 schuld. Ja tatsächlich, fast alle großen
2267 3524 3099 3589 hat doch eine sehr unzuverlässige Ver¬
1425 3542 2242 3603 deutschen Geistesheroen sind jüdisch zer¬
2271 3579 3096 3641 gangenheit, Hofmantsthal und Schnitzler
1435 3584 2251 3653 setzt gewesen. Wie gut ist es nur, daß da
2273 3619 3096 3690 waren Juden und Thomas Mann ist gar
1432 3643 2251 3696 endlich, leider schon viel zu spät, der
2268 3667 3100 3730 ein „Vaterlandsverräter“ par excellence,
1433 3678 2257 3761 „Führer“ gekommen ist und es gemerkt
2271 3721 3097 3772 für dessen Ausbürgerung seit kurzem viele
1434 3738 1604 3799 hat
2271 3776 3088 3832 braune Prominente Lanzen brechen. Viel¬
1481 3777 2253 3835 Ich habe im vorstehenden leider nicht
2272 3813 3092 3872 leicht war der japanische Herr erstaunt.
1434 3838 2257 3889 zu übertreiben und nur wenig zu ironi¬
2276 3860 3105 3925 Oder hat er vielleicht eine kleine Lektion
1448 3875 2257 3941 sieren brauchen. Das steht heuzutage allen
2282 3916 2604 3979 erteilen wollen?
1443 3936 2253 3988 Ernstes in „wissenschaftlichen“ Zeit¬
2664 3933 3065 4019 Dr. Peter Varlosen.
1440 3982 2258 4033 schriften. Es gibt kaum noch einen großen
