3392 4320
856 217 915 279 m
1082 197 1552 309 box 40/6
144 204 930 325 0. Antisenitien
210 1022 1103 1120 CAEINOS IN OSTERREICH
309 1105 1009 1170 BadenSalzburg Semmering
210 1130 1099 1190 Roulette — Baccara — Chemin de fer
211 1186 1096 1280 Österreichische Casino A. G.
225 1261 1102 1310 Wien III, Schwarzenbergplatz 5a
211 1355 736 1467 „OBSERVER“
449 1420 1102 1490 I. österr. behördlich konzessioniertes
457 1482 1095 1536 Unternehmen für Zeitungs-Ausschnitte
445 1516 1107 1598 Wien I, Wollzelle 11, Telephon N-23-0-43
376 1607 900 1713 Der Angriff,
479 1691 787 1771 Berlin
404 1755 887 1922 V. dan 1950
1023 1914 1184 2004 S
2091 2034 2581 2117 Zwei Bücher über die
471 2090 2778 2190 „Zeugnisse des dönischen Eridachens“ deutsche Dichtung in Oesterreich
309 2167 1176 2254 Der erganisierte Erfolg der Juden Stefan
1185 2170 2083 2276 gesamtdeutsches Volkstum über trennende stat¬
2093 2184 2990 2279 war. Die meisten dieser Autoren veröffentlichen
267 2235 1181 2292 Zweig Arthux Schnitzler, Franz Werfel, Felix
1192 2246 2089 2314 liche Grenzen hinweg anerkennen. Im Glauen
2094 2253 2988 2322 ihre Werke nicht nur in deutschen Verlagen,
265 2291 1182 2357 Salten=u.anshatteslange Zeit die ganze öster¬
1185 2298 2091 2366 an dieses einzige Deutschtum behandelt Schmidt
2093 2301 2987 2364 sondern sie schaffen auch bewußt mit der Blick¬
275 2338 1183 2400 reichssche Literatut überschüttet, und in der
1177 2342 2078 2413 auch die deutschen Dichter der Grenzlande und
2092 2356 2989 2413 richtung auf das Reich, so daß man versucht ist,
262 2382 1173 2443 literaturkritischen Diskussion galten diese Lite¬
1184 2398 2084 2446 Nachfolgestaaten wie Pleyer, Meschen¬
2092 2403 2998 2483 von einer Heimkehr des österreichischen Geistes
263 2429 1186 2496 raten als typische Vertreter österreichischen
1185 2444 2083 2506 dörfer, Tillich, Bruno Brehm. Neben
2812 2444 2948 2503 G. B.
2091 2450 2338 2519 zu sprechen.
268 2483 1171 2547 Schrifttums. Wie sehr das eine Fälschung des
1184 2492 2099 2572 den älteren bereits anerkannten Dichtern wie
275 2515 1170 2596 wahren Tatbestandes war, zeigen zwei wert¬
1176 2540 2080 2604 Jelusich und Hohlbaum, den Gestaltern
270 2580 1179 2640 volle österreichische Literaturgeschichten, die
1183 2582 2087 2661 heldischer Persönlichkeiten, neben Bartsch,
268 2627 1174 2692 gleichzeitig in diesen Tagen erschienen sind, und
1179 2638 2085 2700 Billinger, Mell und Strobl stehen die
271 2675 1168 2738 die eine überraschend große Zahl bodenstän¬
1182 2682 2091 2745 jungen aufstrebenden Paula Grogger, Josef
275 2725 1177 2773 diger Dichter, vor allem außerhalb Wiens, vor¬
1181 2732 2083 2800 Perkonig, Friedrich von Gagern, Leif¬
265 2767 1177 2830 weisen können. Der durch viele Zeitschriftenauf¬
1185 2780 2093 2851 helm, Scheibelreiter u. a. Josef Wein¬
273 2806 1184 2883 sätze über heutige Dichter bekannte Literarhisto¬
1187 2827 2084 2879 heber, der formvollendete Lyriker der
271 2863 1179 2927 riker Franz Koch, der kürzlich von Wien nach
1192 2872 2089 2925 heroisch=tragischen Themen von Adel und Unter¬
271 2911 1179 2966 Berlin berufen wurde, veröffentlicht (bei Jun¬
1186 2917 2084 2982 gang, an dem sich noch einmal das alte Dichter¬
268 2957 1182 3030 ker und Dünnhaupt, Berlin) eine Dar¬
1189 2972 2081 3044 schicksal erfüllte, nach jahrelanger Armut über
267 3010 1184 3070 stellung der „Gegenwartsdichtung in
1179 3014 2079 3074 Nacht berühmt zu werden, wurde Ende vorigen
264 3057 1178 3127 Österreich“ und der Herausgeber der Wiener
1179 3059 2085 3132 Jahres von Koch gleichsam entdeckt, und für
275 3098 1180 3170 Zeitschrift „Lebendige Dichtung", Adalbert
1195 3110 2092 3188 Schmidt bedeutet er schon die Gipfelhöhe öster¬
263 3151 1172 3208 Schmidt, nennt sein Buch (erschienen bei
1183 3165 1781 3234 reichischer Gegenwartsdichtung.
270 3192 1182 3264 Adolf Luser, Wien=Leipzig) „Deutsche
1215 3201 2081 3278 Wenn auch noch immer, wie das Buch
276 3241 866 3307 Dichtung in Österreich.“
1181 3262 2092 3342 „Deutsche Dichtung in Österreich“ angibt, etwa
306 3290 1178 3362 Beide sehr empfehlenswerte Bücher sind ein¬
1187 3309 2076 3367 60 v. H. der Autoren der in Wien aufgeführten
277 3347 1177 3414 deutige Zeugen einese kulturpolitischen Er¬
1192 3361 2087 3428 Stücke Juden sind, so zeigt doch die umfassende
275 3396 1183 3447 wachens in Österreich, einer völkischen Besin¬
1180 3408 2080 3469 und als Nachschlagewerk unentbehrliche Dar¬
273 3446 1184 3511 nung, die sich bewußt von dem jüdischen Lite¬
1183 3440 2086 3519 stellung von Schmidt, daß die deutschen Dichter
267 3503 1184 3560 ratentum abwendet und jene Dichter bevorzugt,
1181 3496 2087 3571 in Österreich jetzt überwiegen und daß sie be¬
265 3532 1173 3596 die die Kräfte des Blutes und des Bodens in
1182 3554 2090 3598 achtet werden und ein breites Publikum finden,
265 3594 2082 3654 den Mittelpunkt ihres Schaffens stellen und ein breiter, als es noch vor einigen Jahren denkbar
