3344 4320
876 288 953 364 m
1097 278 1555 366 box 40/6
160 277 879 367 0. Antisenit js
137 784 963 893 „OBSERVER
226 866 924 935 I. österr. behördl. konzessioniertes
186 908 951 988 Unternehmen für Zeitungs-Ausschnitte
260 970 877 1056 WIEN, I., WOLLZEILE 11
331 1031 808 1092 TELEPHON R-23-0-43
152 1162 541 1238 Ausschnitt aus:
1079 1219 1543 1282 ite und warten ab.
1119 1272 1554 1328 Jahr arrangierte.
189 1272 1003 1365 Die neue Tribiine, Prag,
1083 1315 1553 1386 und finanziell eine
1083 1369 1394 1429 chts mehr.
1093 1412 1552 1476 h wie vor zu den
160 1385 842 1506 vom: 17.5.1934
1129 1464 1553 1526 über die Schulen
1096 1509 1553 1570 iren, was Hitler in
1097 1561 1554 1622 cht in den Schulen
1101 1604 1544 1663 en Staat die Vor¬
1098 1656 1552 1719 lilitärdienstzeit gilt
1123 1706 1552 1769 durchschnittlichen
1107 1751 1554 1814 bildung des jungen
1100 1800 1554 1869 1 die Überzeugung
1114 1851 1229 1915 ein.“
163 2008 1567 2104 Gereftete Bücher von Alfred Kantorowicz
391 2078 1559 2128 Am zehnten Mai fand in Paris die Einweihung der Bibliothek des
331 2116 1553 2152 verbrannten Buches statt. Bei der Eröffnungsfeler wurde die fol¬
337 2145 733 2198 gende Rede gehalten:
185 2178 1553 2267 Vor einem Jahr wurden im Deutschland Hitlers die Scheiterhaufen
254 2241 1557 2278 errichtet, auf denen der Extrakt der Literatur seit dem Zeitalter
166 2289 1561 2342 der Aufklärung in die Flammen geworfen wurde. Reichsminister
167 2331 1564 2384 Goebbels hielt die „Festrede“ Er nannte diesen Vandalismus einen
169 2381 1559 2439 „symbolischen Akt“. Es war ein für den Nationalsozialismus symboli¬
178 2413 1563 2467 scher Akt: er demonstrierte den Beginn der Barbarei in Deutschland.
169 2461 1573 2519 Herr Goebbels versicherte den Studenten, sie täten gut daran, „#
177 2502 1561 2562 diese mitternächtige Stunde den Ungeist der Vergangenheit den Flam¬
174 2545 1559 2603 men anzuvertrauen“. Zum Schluß der Feier, so berichtete der „An¬
174 2587 1537 2652 griff“, wurde zunächst die erste Strophe des Liedes: „Volk ans Gewehr“
168 2631 1562 2704 gesungen; dann brauste aus Tausenden und aber Tausenden Kehlen
181 2686 1558 2744 das Horst-Wessel-Lied auf. So wurde die „symbolische“ Vernichtung
171 2714 1560 2779 von zweihundert Jahren intellektueller Entwicklung würdig beschlossen.
245 2765 1560 2810 Seit dieser Zeit sind mehr als dreitausend Bücher und Schriften
181 2811 1572 2868 von den Nationalsozialisten in Deutschland verboten worden. Einige
170 2847 1562 2899 Millionen Bände wurden teils verbrannt, teils eingestampft. Allein aus
180 2895 1569 2946 den berliner Bibliotheken und Volksbibliotheken wurden nach einem
180 2950 1565 3007 triumphierenden Bericht der Scherlpresse bis zum zwanzigsten Mai
175 2988 1501 3049 1933 über zehntausend Zentner — ungefähr eine Million Bände
185 3038 771 3089 herausgeholt und vernichtet.
251 3067 1556 3119 Der Kampf des Nationalsozialismus gegen die Vernunft, gegen das
178 3120 1567 3178 Denken, gegen die Literatur und die Wissenschaft entspringt nicht nur
176 3167 1561 3212 der kleinbürgerlichen Halbbildung der führenden Männer dieser Be¬
181 3208 1562 3258 wegung. Sie sind gezwungen, diesen Vernichtungskampf zu führen,
181 3249 1566 3310 weil ihre Bewegung nur bestehen kann, wenn sie verschleiert statt
187 3302 1572 3348 aufzuklären; weil ihre Existenz davon abhängt, ob und wie lange es
188 3336 1573 3399 ihnen gelingt, die Erkenntnisse der rcalen Verhältnisse mit allen Mitteln
176 3386 1571 3446 zu verhindern. Eine Bewegung, die den Rausch an die Stelle der Er¬
181 3423 1565 3493 kenntnis, die Phrase an die Stelle der Analyse setzt, muß die Männer
193 3470 1578 3528 und die Werke der Erkenntnis und der Analyse als Todfeinde ansehen.
186 3515 1582 3570 Sie muß mit Gewalt, mit Terror, mit Vernichtung verhindern, daß die
189 3555 1587 3632 Produkte des fortgeschrittenen Bewußtseins von den eigenen Anhän¬
182 3632 300 3713 624
1715 1103 3119 1172 gern zur Kenntnis genommen oder gar zu Waffen in den Händen der
1716 1179 2881 1226 Feinde dieses Systems der Lüge und Verdrehung werden.
1798 1207 3111 1273 Aber die Spekulation der Herren ist kurzsichtig, wie alle ihre Speku¬
1721 1258 3108 1306 lationen. Grade das Verbot, die Vernichtung mehrerer tausend Werke
1711 1317 3106 1357 von historischer und aktueller Bedeutung hat diese Werke zum inner¬
1711 1362 3113 1399 sten und unverlierbaren Besitz aller derer gemacht, die das große Erbe
1717 1398 3117 1445 des bürgerlichen Zeitalters auch in einer neuen Gesellschaftsordnung
1715 1450 3108 1487 zu bewahren wünschen. Die Barbaren können Lessings historische
1723 1477 3113 1526 Bedeutung nicht rückgängig machen, sie können die Gedichte Heines
1710 1524 3117 1567 nicht aus den Gehirnen derer reißen, die sie lieben; sie können den
1721 1574 3114 1625 großen Hegelschüler Feuerbach nicht dadurch vergessen machen, daß
1724 1610 3113 1662 sie jetzt sein Grab verwüsten. Sie verfolgen den Hegelschüler Karl
1724 1650 3119 1716 Marx mit tödlichem Haß und verleumden seine Lehre; aber sie schaffen
1720 1717 3121 1753 seine Erkenntnisse nicht aus der Welt, wei sie sich der Konsequenz
1725 1741 3105 1793 der Tatsachen auf die Dauer nicht entziehen können. Sie verlagen Ein¬
1723 1798 3115 1845 stein und Hunderte bedeutender Gelehrter; aber sie können die Ergeb¬
1722 1832 3120 1896 nisse der Forschung nicht rückgängig machen. Siegmund Freud wird
1731 1871 3112 1930 nicht dadurch widerlegt, daß sie seine Schriften ins Feuer werfen.
1726 1930 3123 1986 Lenins historisches Werk bleibt, auch wenn sie seine Bücher für
1732 1974 3122 2020 „Schund und Schmutz“ erklären. Voltaire und Spinoza, Heinrich Mann
1719 2009 3117 2061 und Arthur SchnitzlerEgon Erwin Kisch und Bert Brecht, Zola und
1717 2054 3120 2107 Gorki, Lion Feuchtwanger und Jacob Wassermann, Romain Rolland,
1735 2091 3128 2144 André Gide, Upton Sinclair, Stefan Zweig — die lebenden und toten
1731 2143 3116 2189 Schriftsteller und Wissenschaftler, die sie mit ihrem sturen Haß ver¬
1717 2178 3130 2238 folgen, werden nicht dadurch aus der Geschichte eliminiert, daß die
1729 2227 3035 2269 Nationalsozialisten ihre Werke auf eine „Schwarze Liste“ setzen.
1806 2262 3122 2329 Um den intellektuellen Fortbestand, um die Weiterwirkung der
1732 2304 3122 2370 Erkenntnisse, Lehren und Analysen, welche die Barbaren durch Ver¬
1728 2353 3118 2417 bote und Brandstiftung aus der Welt zu schaffen meinen, ist keine
1732 2413 3120 2453 Sorge. Es blieb die Aufgabe der kämpferischen deutschen Emigration,
1724 2447 3112 2496 die äußere Vernichtung kostbarer Bestände der Literatur nach Mög¬
1734 2499 3125 2557 lichkeit zu verhindern. Daran arbeiten wir mit Hilfe französischer,
1736 2536 2530 2603 englischer und amerikanischer Freunde.
1824 2564 3119 2635 Was Sie hier sehen, meine Damen und Herren, ist ein Beginn. Sie
1730 2640 3122 2679 sehen hier einige tausend Bücher aufgestellt, eine Auswahl aus etwa
1736 2657 3133 2730 dreizehntausend Bänden, die bei uns im Keller lagern müssen, weil wir
1735 2721 3128 2768 noch nicht den Raum haben, um alle Bücher unterzubringen. Und selbst
1736 2759 3121 2810 diese dreizehntausend Bände, von denen ich spreche, sind nur ein
1735 2796 3132 2852 Bruchteil jener großen Bibliotheken, die hinzukommen werden, wenn
1729 2860 3126 2895 die französischen und englischen und amerikanischen Freunde uns
1731 2895 3136 2944 weiter helfen. Berühmte Bibliotheken, die unschätzbare und einmalige
1727 2927 3123 2980 Dokumente enthalten, stehen uns zur Verfügung, sobald unsere Freunde
1738 2980 3129 3031 uns das Geld für den Transport dieser Bibliotheken geben. Ich kann,
1726 3013 3129 3061 aus sehr begreiflichen Gründen, diese Bibliotheken nicht bezeichnen;
1739 3065 3125 3127 ich kann die Namen ihrer Besitzer nicht nennen, ohne Personen oder
1736 3114 3127 3163 die Sache zu gefährden. Aber ich kann Ihnen die Versicherung geben,
1739 3161 3136 3204 daß wir diese Bibliotheken aus Deutschland herausschaffen können.
1737 3197 3127 3250 Wie wir das machen? Einige interessierte Herren von der Presse
1738 3233 3133 3289 haben diese Frage gestellt. Darauf werde ich allerdings keine Antwort
1740 3281 3123 3342 geben. So viel kann ich indessen mitteilen; mehrere Bibliotheken, dar¬
1731 3326 3138 3380 unter eine der berühmtesten und wertvollsten deutschen Bibliotheken,
1736 3371 3141 3431 befinden sich bereits in Paris oder in der Schweiz oder in Holland. Ich
1745 3430 3144 3470 appelliere an Sie, meine Damen und Herren, ich appelliere an die Ver¬
1734 3457 3133 3517 treter der Weltpresse, die hier versammelt sind, werben Sie in der
3023 3529 3135 3601 625
