3344 4352
1094 252 1562 345 box 40/6
148 251 951 362 0. Anfisenitien
454 2448 915 2517 Susanne Carvallo-Schülein
945 2461 1411 2519 Jacob Wassermann
675 2504 1680 2572 (Original im Besitz der Kunstsammlung der Jüdischen Gemeinde, Berlin)
453 2605 1664 2664 Schacher und vom Geld, also vom praktischen, realen
466 2647 1647 2715 Judentum, wäre die Selbstemanzipation unserer Zeit.“
520 2711 1662 2776 Diese Selbstemanzipation wurde von den besten
461 2775 1663 2829 Juden des 19. und des 20. Jahrhunderts gefördert und
458 2809 1665 2876 vollzogen. Alle großen geistigen Leistungen jüdischer
455 2881 1663 2950 Menschen in dieser Zeit beweisen es. Je weiter dieser
451 2934 1664 2982 Prozeß fortschreitet und je weiter das Judentum sich
462 2991 1661 3043 aktiv am schöpferischen Aufbau des Jahrhunderts betei¬
455 3033 1666 3095 ligt, desto mehr muß ein Antisemitismus zurückgehen,
454 3078 1663 3145 der seine Argumente und Waffen aus einer Zeit bezicht,
466 3132 1682 3200 die dieser Selbstemanzipation voranging. Gewiß, man
453 3192 1662 3249 nimmt es mit der Wahrheit nicht so genau. Man verall¬
461 3237 1667 3314 gemeinert (und tut es hoch heute), nimmt den Geldjuden,
459 3304 1678 3353 wo immer er auftritt, für den Juden schlechthin und
466 3342 1676 3415 übersieht geflissentlich den neuen schöpferischen Anteil
458 3413 1583 3467 der Juden am öffentlichen und am geistigen Leben.
521 3467 1669 3520 Aber ein anderer Antisemitismus bereitet sich vor.
1020 3558 1109 3647 II.
527 3614 1672 3700 Dieser Antisemitismus stützt sich nicht auf religiöse
460 3686 1669 3741 Gründe (die überhaupt seit dem Mittelalter kaum eine
469 3747 1664 3809 Rolle spielen) und auch nicht mehr auf soziale Ver¬
469 3805 1664 3866 achtung und sozialen Kampf. Am Ende des 19. Jahr¬
471 3856 1682 3917 hunderts entstcht eine neue Ideologie (sie ist nicht
474 3906 1676 3956 s0 neu, wie sie scheint), die sich auf die Ideen von
466 3948 1673 4005 Nation, Volkstum und Rasse aufbaut und diesen
468 3995 1665 4059 echwierigsten Begriffen der Geschichte einen mystisch¬
1597 517 1733 609 180 —
1929 610 2862 677 romantischen Charakter gibt, dessen ein¬
1919 670 2869 741 zige faßbare Wirklichkeit im Kampf gegen
1926 725 2864 783 das Judentum bestcht. Statt Wesen und
1930 779 2873 838 Idee des Deutschtums aus der lebendi¬
1923 831 2868 897 gen Erfahrung und den Erinnerungen der
1937 898 2872 943 Geschichte zu erkennen, konstruiert man
1930 935 2872 1002 Begriffe der Nationalität und der Rasse,
1934 987 2865 1045 die zwar keinen konkreten Inhalt haben,
1928 1046 2864 1113 dafür aber die Juden bewußt aus der Ge¬
1925 1089 2862 1155 meinschaft der deutschen Nation aus¬
1927 1142 2868 1207 schließen. Man erfindet Rassen*) und Na¬
1934 1209 2871 1267 tionen, die es in Wirklichkeit überhaupt
1933 1254 2864 1311 nicht gibt. Denn die Juden sind das
1928 1303 2880 1368 Produkt ihrer Geschichte, eine Mischung
1936 1368 2879 1424 angeborener und erworbener Eigenschaften
1937 1412 2879 1474 und eine Einheit nur innerhalb der größten
1942 1472 2865 1535 Mannigfaltigkeit der jüdischen Typen, So
1946 1536 2862 1585 stützt sich der neue Antisemitismus, so grau¬
1939 1564 2888 1637 sam wirklich seine Kampfesmethoden und
1738 1587 1814 1679 0
1943 1622 2876 1679 so furchtbar seine Opfer auch sind, nur auf
1944 1685 2879 1747 künstliche, konstruierte, von romantischer
1939 1745 2588 1798 Phantasie erfundene Begriffe.
1991 1795 2881 1854 Dieser Antisemitismus des Rassenwahns
1938 1843 2887 1908 ist eine deutsche Angelegenheit, auch wenn
1938 1890 2887 1957 zu seinen Vätern der Franzose Gobineau und
1942 1943 2876 2025 der Engländer H. St. Chamberlain gehören.
1943 2008 2886 2057 Er hat einen rein-germanischen Charakter
1941 2052 2881 2131 für den Deutschen aufgestellt, der den Tat¬
1943 2103 2884 2167 sachen der Geschichte, der geographischen
1936 2155 2884 2232 Lage Deutschlands in der Mitte Europas und
1941 2211 2886 2277 vor allem dem weltbürgerlichen Charakter
1941 2268 2877 2326 der deutschen Kulturentwicklung ganz wi¬
1945 2307 2900 2391 derspricht. Man weiß; daß ein Aitrec Rosen¬
1936 2358 2890 2441 berg, dieser „Kulturphilosoph“ der völ¬
1931 2429 2889 2492 kischen Bewegung, den Untergang jenes
1767 2438 1902 2495 Gemälde
1946 2482 2879 2550 überrassischen und übernationalen europä¬
1934 2539 2887 2596 ischen Geistes laut preist, dessen Ziel die
1673 2573 2889 2658 Humanisierung der Menschheit ist. Für ihn und seine
1679 2622 2892 2696 Gesinnungsfreunde tritt an die Stelle dieses im Welt¬
1684 2681 2892 2759 krieg besiegten Geistes der Glaube an das Blut, an die
1684 2750 2897 2809 Rasse, an die Nation. Die antisemitische Richtung
1685 2786 2892 2860 dieses Glaubens wird von Hitler unterstrichen: „Ein
1692 2837 2898 2916 rassereines Volk, das sich seines Blutes bewußt ist, wird
1698 2893 2895 2965 vom Juden niemals unterjocht werden können.“ Die
1688 2960 2888 3021 Kultur, die sich in Zukunft auf diesem Rasse-Glauben
1682 3022 2895 3077 aufbauen wird, soll ebenso im Gegensatz zum mittelalter¬
1679 3053 2882 3126 lich-christlichen Geist stehen wie zum Geist der Hu¬
1695 3113 2898 3176 manität und der Emanzipation. Die Verkünder dieser
1690 3153 2893 3231 Kultur betonen ihre Feindschaft gegen Vernunft und
1696 3208 2904 3266 Wissenschaft. Sie erwarten neues geistiges Leben aus
1694 3287 2902 3339 dem mystischen Versunkensein in die Geheimnisse des
1697 3320 2894 3391 Blutes, des Leibes, der Rasse, ohne aber das Rätsel zu
1684 3371 2891 3447 lösen, wie solche Triebkräfte, die zunächst doch nur rein
1699 3430 2891 3488 vernichtend sich äußern, je eine Kultur schaffen können.
1757 3483 2901 3552 Auch die vornehmsten, reinsten und von wirklichem
1687 3545 2903 3614 Idealismus erfüllten Führer dieser neuen Gesinnung
1692 3598 2893 3654 sind Antisemiten. Sie wenden sich gegen Christentum
1695 3650 2891 3723 (besonders das katholische) und gegen Humanismus,
1693 3691 2891 3757 die sie beide als undeutsch und vor allem als geschicht¬
1690 3740 2893 3814 lich erledigt empfinden. Den Juden aber empfinden
1685 3809 2902 3867 sie — nicht mit Unrecht — als Anhänger dieser beiden
1778 3885 2902 3943 *) „Unter den zivilisierten Völkern gibt es kaum noch natürliche
1695 3920 2902 3973 Rassen, sondern nur künstliche, durch geschichtliche Bedingungen
1703 3971 2902 4015 geschaffene Rassen“ (Gustave Le Bon, Les lois psychologiques de
1684 4015 2261 4068 l’évolution des peuples, 1894).
