3392 4352
1114 223 1629 334 box 40/6
199 226 1009 333 0. Antisenitisn
1639 550 1790 636 — 182 —
1699 610 2927 699 tum enge, kleine Formeln erfindet und gänzlich die reiche
479 610 1716 715 Sieht man sich die Werke der jüdischen Schriftsteller in
1709 686 2922 757 Mannigfaltigkeit der Charaktere und Schicksale über¬
481 687 1703 751 der deutschen Gegenwart an, so wird man bei vielen
1713 738 2917 817 sicht. Nun gibt es aber in der Geschichte keine Gemein¬
484 737 1703 815 von ihnen deutlich jüdische Züge entdecken. Diese Züge
1712 800 2921 857 schaften, die so zerklüftet, so individualisiert, so verschie¬
487 803 1700 870 sind sowohl die ethische Uberzeugung, die Gesinnung der
1711 853 2918 912 denartig und in sich entgegengesetzt wären wie gerade
472 848 1703 918 Humanität, die Richtung auf die ewigen Probleme wie
1712 907 2934 961 Deutsche und Juden. Vieles in ihrer Geschichte erklärt
486 899 1702 969 andererseits auch die scharfe Beobachtungsgabe, der kri¬
1720 954 2924 1027 sich aus diesem Charakter. Die Antisemiten sind auch
489 958 1704 1019 tische Verstand, die Hingabe an Zeitfragen, der psycho¬
1710 994 2929 1071 hierin sträflich primitiv; sie glauben, daß, wenn sie den
484 1017 1696 1078 logische Scharfblick. Dies alles sind jüdische Eigen¬
1714 1076 2924 1128 Juden Juden und den Deutschen Deutschen nennen,
486 1061 1705 1124 schaften. Das sei zugegeben, wenn man auch im einzelnen
1713 1120 2932 1192 große völkerpsychologische Entdeckungen gemacht zu
480 1114 1708 1164 verschiedener Meinung sein kann. Wo aber ist das Jü¬
1712 1156 1895 1239 haben.
476 1167 1707 1237 dische, der Generalnenner aller dieser Eigenschaften?
1789 1187 2933 1284 „So viele Köpfe, so viele Sinne. Das ist eigentlich die
479 1222 1710 1273 Er ist nirgends zu finden. Gerade bei Dingen des Geistes
1709 1263 2934 1326 Devise unserer Nation“, sagt Goethe einmal von den
488 1281 1698 1350 zeigt es sich, wie verantwortungslos und bequem der An¬
1702 1321 2933 1385 Deutschen. Aber er sagt auch: „Deutsche gehen nicht
488 1336 1704 1398 tisemitismus verfährt, der ebenso wie für seinen Rassen¬
1696 1374 2917 1453 zugrunde, so wenig wie die Juden, weil es Individuen sind.“
486 1378 1707 1455 glauben und seinen Nationalismus auch für das Juden¬
1245 1492 2173 1602 Jüdische Forschung in Not
1419 1583 1994 1667 Von Prof. Dr. Elbogen
1760 1634 2931 1718 Ringsum also drohende Zusammenbrüche, von denen
561 1645 1713 1721 Wenn ich ein Tagebuch führte, so hätte es während
1703 1717 2939 1785 jeder über Nacht zur Katastrophe führen kann. Es
483 1705 1713 1765 der letzten Wochen die folgenden Eintragungen er¬
1719 1746 2932 1805 wird sicher Leser geben, die keines der erwähnten Insti¬
496 1763 845 1832 halten müssen:
1719 1803 2937 1871 tute für unentbehrlich halten und nicht einsehen wollen,
556 1782 1709 1874 24. Juni: Alarmruf des Kuratoriums des Rabbiner¬
1717 1860 2929 1915 warum nicht in einer Zeit, in der alles stürzt, auch sie
497 1860 1704 1923 seminars in Berlin zum Zweck dringender Besprechun¬
1710 1904 2929 1973 fallen sollen. Tatsächlich hätte ich auch diese Meinung
483 1905 1714 1971 gen über Maßnahmen, welche den finanziellen Zusam¬
1709 1949 2948 2012 eines Bankfachmanns in das Tagebuch aufnehmen
499 1954 1705 2020 menbruch der drei in Deutschland der Ausbildung
1708 1997 2936 2061 können, daß die wissenschaftliche Forschung Lurus ist
500 2017 1707 2076 jüdischer Theologen dienenden Hochschulen verhüten
1718 2051 2946 2112 und in diesen Zeiten besondere Mittel nicht in Anspruch
497 2064 702 2124 können.
1711 2096 2930 2175 nehmen darf. Der sonst wahrscheinlich sehr kluge Kauf¬
553 2078 1709 2176 25. Juni: Die ITA veröffentlicht ein Rundschreiben
1724 2138 2930 2204 mann wird sicher an den Fabriken, an denen er Inter¬
493 2154 1706 2224 des Rabbinerseminars an seine ehemaligen Zöglinge, in
1727 2176 2942 2252 esse hat, die wissenschaftlichen Laboratorien nicht
486 2202 1714 2274 dem auf die schwere Notlage der Anstalt hingewiesen
496 2247 2933 2311 und dringendst nach Hilfe gerufen wind. In den letzten#chließen lassen, obwohl die Betricbe sellst notleiden
1723 2275 2935 2349 sind und die Ergebnisse der kostspieligen wissenschaft¬
499 2295 1712 2363 zehn Monaten sei es der Verwaltung trotz aller Anstren¬
1716 2323 2937 2404 lichen Versuche im Augenblick nicht verwertet werden
500 2337 1716 2404 gungen unmöglich gewesen, die erforderlichen Mittel
1716 2391 1933 2457 können.
493 2389 1718 2463 herbeizuschaffen. Subventionen von Landesverbänden
1799 2404 2931 2494 Wissenschaftliche Arbeit ist niemals Luxus, ihre
498 2451 1720 2508 und Gemeinden seien in kurzer Zeit um 50000 Mark
1720 2484 2939 2551 Früchte sind vielleicht nicht immer sofort greifbar,
500 2500 1706 2567 herabgesetzt wonden, die Ausgaben seien zwar eben¬
1728 2533 2947 2593 aber sie gehen nie verloren. Ihr Ertrag ist wie das
489 2553 1722 2615 falls um dieselbe Summe gesenkt, aber auch der so
1719 2583 2941 2643 Saatkorn, das in die Erde gesenkt wird, das ständig
509 2605 1710 2669 verminderte noch übriggebliebene Betrag sei gegen¬
1720 2630 2936 2707 sorgsamer Pflege bedarf und erst nach geraumer Zeit
507 2643 1133 2707 wärtig nicht aufzubringen.
1725 2666 2938 2756 zur Reife gelangt. Redliche wissenschaftliche Arbeit
561 2667 1726 2751 28. Juni: Das Kuratorium der Hochschule für die
1722 2716 2932 2795 versagt auf die Dauer nicht, sie trägt ähre Frucht;
497 2737 1713 2797 Wissenschaft des Judentums erstattet in der General¬
1721 2771 2939 2841 geistige Anstrengungen sind nicht verloren, wenn ihre
504 2793 1710 2851 versammlung den Geschäftsbericht für da Jahr 1951,
1729 2823 2939 2884 Wirkung oft auch erst spät bemerkbar wird. Unter¬
499 2830 1724 2894 der mit einem Fehlbetrag von 52000 Mark abschließt.
1728 2869 2947 2938 läßt man es aber, die Saat auszustreuen, dann geht nicht
506 2886 1707 2943 Die Deckung erfolgte durch Rückgriff auf das Stif¬
1729 2923 2945 2995 nur keine Ernte auf, sondern der Acker verwildert,
506 2931 1725 3005 tungskapital, eine Wiederholung dieser Operation
1727 2979 2943 3037 Unkraut und Steine verdenben ihn, Auch für die Ver¬
507 2989 1717 3058 würde zur Aufzehrung der letzten Reserven führen.
1727 3034 2940 3087 nachlässigung der Forschung gilt das Wort des Dichters,
500 3032 1719 3096 60 Jahre lang habe die Hochschule einen schweren
1733 3070 2946 3149 daß keine Ewigkeit zurückbringt, was man dem
498 3082 1723 3147 Kampf geführt, die gegenwärtige Krise aber scheine
1731 3125 2213 3200 Augenblick versagt.
503 3131 1716 3204 unüberwindlich, es bedürfe aller Einsicht und alles
1797 3139 2940 3239 Wir Juden befinden uns in einer besonders schwie¬
501 3174 1729 3258 guten Willens der deuischen Judenheit, uum die Anstalt
1738 3209 2936 3292 rigen Lage, wir müssen für die Kosten unserer geistigen
514 3238 1218 3314 vor dem Verfall zu bewahren.
1729 3268 2951 3335 Arbeit selbst eintreten, weil niemand sonst für uns
584 3248 1713 3345 1. Juli: Sitzung in der Akademie für die Wissen¬
1727 3310 2942 3380 sorgt. Den christlichen Konfessionen stellt der Staat
501 3313 1726 3402 schaft des Judentums — das erstemal nach meiner Er¬
1730 3367 2946 3425 theologische Fakultäten und Forschungsinstitute, uns
501 3378 1723 3432 innerung, daß der Verwaltungsvorstand den wissen¬
1736 3417 2943 3492 gewährt er nichts dergleichen, wir sind lediglich auf
501 3421 1717 3482 schaftlichen Vorstand eingeladen hat, um finanzielle
1737 3475 2941 3528 die eigene Kraft angewiesen. Die überwiegende Mehr¬
506 3466 1728 3543 Fragen mit ihm zu besprechen; aber die Finanzlage ist
1738 3518 2936 3584 zahl unserer Glaubensgenossen ist bisher sorglos an
514 3531 1730 3587 so verzweifelt, dal nur eine vollständige Schließung des
1739 3557 2946 3618 dieser Notwendigkeit vorübergegangen, sie erkannte
511 3571 1730 3644 Instituts oder radikaler Abbau in Frage kommt und für
1739 3617 2955 3676 wohl den Nutzen unserer wissenschaftlichen Institute,
513 3621 1723 3700 diese Eventualitäten die Meinung dles wissenschaft¬
1737 3669 2947 3724 glaubte sie aber unter dem Schutze der jüdischen Ge¬
499 3671 1321 3747 lichen Vorstands gehört werden soll.
1727 3698 2942 3773 meinden sicher geborgen; sie ahnte nicht, welche An¬
572 3709 1716 3790 6. Juli: Mitteilung des Kuratoriums des Jüdisch¬
1742 3745 2952 3819 strengungen auch in wirtschaftlich günstigen Zeiten
505 3766 1733 3828 Theologischen Seminars in Breslau, daß seine ohnehin
1723 3806 2945 3868 notwendig waren, um sie zu erhalten. Seltsam genug,
518 3823 1730 3883 sehr beschränkten Mittel durch verschiedene Miets¬
1740 3854 2944 3923 wir Juden haben uns in allen Epochen um unser
512 3872 1728 3934 ausfälle sich weiter um etwa 20000 Mark vermindern,
1735 3896 2960 3971 geistiges Erbe bemüht und auch unter den ungünstigsten
517 3914 1735 3977 und die verzweifelte Frage, ob „angesichts des Wegfalls
1731 3951 2956 4017 Daseinsbedingungen es nicht verkümmern lassen; in der
503 3974 1734 4043 solcher ansehnlichen Summen der Betrieb der Anstalt
1733 3999 2955 4071 Zeit der Freiheit und des wirtschaftlichen Aufschwungs
516 4016 1404 4088 weiter aufrechterhalten werden könne“.
