3392 4256
1151 236 1612 331 box 40/6
190 232 996 342 0. Anfisenitien
404 609 1244 799 „OBSERVER“
500 743 1194 841 I. österr. behördl. konzessioniertes
457 787 1229 899 Unternehmen für Zeitungs-Ausschnitte
527 843 1160 972 WIEN, I., WOLLZELE II
608 925 1102 989 TELEPHON R-23-0-43
418 1057 810 1152 Ausschnitt aus:
1090 1103 1264 1190 Nien
716 1102 1088 1193 Abenab lebt,
702 1171 1008 1266 11 1933.
474 1200 636 1266 31
452 1290 614 1375 vom:
452 1415 1966 1505 Offentlich verbrannt werden Werke von
652 1617 2789 1689 5 Baller, Alfred Polgar, Nemarhue,
980 1762 2283 1838 Schnihler und Lenin
433 1864 2778 1934 Erste authentische Wiedergabe der „Schwarzen Liste“ — Marx und Lassalle der
1665 1908 2514 1998 Die Liste der neuen Werke
707 1907 1613 1984 Oeffentlichkeit nicht zugänglich
1584 1968 2777 2053 Max Adler gänzlich, von S. Aufhäuser „Weltkrieg
519 1989 1588 2052 Berlin, 27. April (Eigenbericht). Die Säube¬
483 2021 1589 2073 rung der Berliner Stadt= und Volksbüchereien von
1593 2023 2777 2096 und Angestelltenbewegung", von L. Bauer „Morgen
1584 2070 2771 2117 wieder Krieg" und „Die öffentliche Meinung" von
485 2076 1580 2137 marxistischen Schriften und solchen Werken, deren
1589 2105 2776 2179 August Bebel „Die Frau und der Sozialismus“, von
491 2117 1594 2193 Lektüre amtlicherseits nicht gefordert werden kann, ist
1590 2147 2771 2214 Eduard Bernstein die „Geschichte der Berliner Ar¬
496 2164 768 2231 im Gange.
1601 2201 2771 2268 beiterbewegung“ die „Geschichte der deutschen Arbeiter¬
489 2202 1609 2269 Der Ausschuß hat den Bezirken und ihren Büchereien
1604 2251 2771 2306 bewegung“, „Lassalle und der Sozialismus“ und „Die
441 2265 1607 2314 eine Anzahl von sogenannten Schwarzen Listen
1605 2287 2784 2347 Voraussetzungen des Sozialismus“ von N. Bucharin
444 2306 1608 2358 zugehen lassen, in denen die volksfremde und marxistische
1604 2329 2770 2393 „Das Programm der Kommunisten“, von F. W. Foer¬
448 2352 1609 2403 Literatur aufgezeigt ist, auf deren Ausmerzung es in
1609 2382 2779 2449 ster alles, von E. J. Gumbel „Verräter verfallen der
442 2399 1608 2457 erster Linie ankommt. Weiter wurden Listen über die
1600 2417 2762 2480 Feme“ von R. Hilfferding „Das Finanzkapital
444 2438 1611 2496 wichtigsten Bücher fertiggestellt, die für die Auf¬
1606 2446 2776 2510 von Kautsky alles außer „Der Bolschewismus in der
439 2486 1600 2541 füllung der entstandenen Lücken am ge¬
1612 2502 2784 2566 Sackgasse", von Helen Keller „Wie ich Sozialistin
445 2526 1603 2586 eignetsten erscheinen. Ebenso liegen Listen der
1612 2545 2782 2618 wurde“ von Lassalle alles, außer „Assisenreden“ und
446 2564 1599 2628 für die städtischen Lesesäle empfehlenswerten Zeitschriften
1597 2578 2767 2649 „Ueber den besonderen Zusammenhang der gegen¬
448 2618 877 2678 und Zeitungen vor.
1606 2632 2759 2690 wärtigen Geschichtsperiode mit der Idee des Arbeiter¬
487 2636 1602 2708 Im einzelnen stehen auf der Schwarzen Liste folgende
1591 2675 2773 2751 standes“ von Lenin alles, außer „Der Radikalismus,
458 2701 1118 2773 Autoren, bzw. folgende Werke:
1586 2721 2753 2766 die Kinderkrankheit des Kommunismus“ und „Die Re¬
1582 2749 2763 2830 volution von 1917“ von Karl Liebknecht „Klassen¬
521 2774 1561 2855 Heinrich Mann und Stefan Zweig
1590 2805 2765 2874 kampf gegen den Krieg", „Reden und Aufsätze“, „Milita¬
491 2833 1600 2899 Schalom Asch, Henry Barbusse, Vertolt Brecht,
1602 2857 2766 2909 rismus und Antimilitarismus“, „Studien über die Be¬
435 2886 1602 2944 Max Brod (ausgenommen sein Werk „Tycho Brahe"),
1599 2895 2760 2947 wegungsgesetze der gesellschaftlichen Entwicklung“ von
447 2929 1605 2987 Alfred Doeblin (ausgenommen „Wallenstein"), Ilja
1600 2928 2764 2989 Lunatscharski „Kulturaufgaben der Arbeiterklasse",
438 2961 1599 3025 Ehrenburg, Albert Ehrenstein, Arthur Eloes¬
1604 2962 2765 3033 von Thomas Mann „Von deutscher Republik 1923“ und
439 3013 1603 3062 ser, Lion Feuchtwanger, Iwan Goll, Jaroslav
1598 3015 2777 3075 „Deutsche Ansprachen 1930“, von Karl Marx alles, von
445 3059 1597 3117 Hasek, Walter Hasenclever, Arthur Holitscher,
1599 3057 2778 3111 Hugo Preuß „Deutschlands republikanische Reichsver¬
440 3105 1607 3171 Heinrich Eduard Jacob, Josef Kallinikow, Gina
1608 3103 2772 3172 fassung", „Staat, Recht und Freiheit", „Verfassungs¬
1597 3143 2767 3219 politische Entwicklungen", von Walter Rathenau
435 3161 1599 3208 Kaus, Egon Erwin Kisch, Heinz Liepmann, Hein¬
1599 3195 1993 3267 „Der neue Staat“.
444 3193 1593 3251 rich Mann (außer „Flöten und Dolche"), Klaus Mann,
438 3235 1599 3287 Robert Neumann, Ernst Ottwald, Kurt Pin¬
430 3281 1600 3344 thus, Theodor Plivier, Erich Marie Remarque,
1729 3258 2615 3350 Okto Bauer und F. Mehring
439 3322 1609 3374 Ludwig Renn (aber nur sein Werk „Nachkrieg"), Alfred
1624 3320 2768 3412 Generell sollen aus der Abteilung Geschichte des Welt¬
444 3365 1590 3420 Schirokauer, Arthur Schnitzler, Richard Beer¬
1594 3374 2764 3452 krieges sämtliche pazifistischen und defaiti¬
439 3408 1586 3472 Hofmann, Ernst Toller, Kurt Tucholsky, Imold
1604 3432 2759 3501 stischen Schriften entfernt werden, aus der Abteilung
430 3453 1599 3528 Zweig, Stephan Zweig und von Adrienne Thonas
1601 3469 2753 3525 Geschichte Rußlands sämtliche probolschewistische
441 3496 1151 3577 das Buch „Katrin wird Soldat“.
1575 3495 2754 3593 [Literatur. Im übrigen sollen u. a. ausgemerzt
1589 3561 1795 3623 werden:
644 3568 1411 3660 August Bebel und Lenin
1630 3595 2764 3671 Von Otto Bauer „Die österreichische Revolution“ von
471 3641 1589 3705 Hiebei sollen die nicht= und vormarxistischen deutschen
1595 3636 2246 3709 Karl Tschuppik „Ludendorff“
2241 3628 2753 3701 „Wehrlos hinter der
437 3674 1598 3746 Schrifren der Abteilung Sozialismus von der Sperrung
1597 3691 2758 3741 Front“, „Wie würde ein neuer Krieg aussehen?“, von
427 3725 2761 3806 ausgenommen werden. Im übrigen sollen verschwinden: Oskar Blum „Russische Köpfe", von Fischer=Baling
1533 3865 2703 3931 „Volksgericht" und „Die deutsche Revolution von 1918“
1533 3911 2717 3978 von Paul Hahn „Erinnerungen aus der Revolution in
1551 3968 2709 4024 Württemberg“, von K. Kersten „Bismarck und seine
1550 4010 2705 4087 Zeit“ von F. Mehring „Zur deutschen Geschichte" und
1550 4062 2714 4124 „Zur preußischen Geschichte", von Müller=Franken „Die
1533 4100 2037 4149 November=Revolution“
