3344 4320
1388 94 1941 178 Wienn, worzere¬
1358 150 2022 232 Telephon R—23—0—43
1207 224 1724 338 Die schönere Zukunft Wien
1618 288 1743 378 2.
2047 331 2222 393 1e 540
829 339 1116 412 E ZUKUNT
898 427 2221 504 Treue und durch diesen Akt der Treue gegenüber der Kirche
1168 490 2223 553 Die Idee des Reiches ist jene großberzige Herr¬
883 498 1083 558 Chrisli.
892 547 2223 597 schaft, die staatlich-politisch Stämmen und Völkern die äußerste
888 596 2221 647 Freiheit und Selbstbestinnnung gewährt unter der einzigen Be¬
893 630 2218 705 dingung, daß das letzte Band. welches die Einheil selber isl.
898 691 2220 751 nicht verletzt wird: der reine. unverfälschte katholische Glaube.
952 728 2219 805 Preußen als preußsischer (sc. bärelischer) Geist ist von An¬
891 791 2224 859 fung an Minderer des Reichs“ der Deutschen. Das sogenannte
900 826 2222 909 Zweite' Reich brachte ein gewalliges Minus, ansgeschlossen wa¬
906 870 2227 948 ren die ältesten Provinzen des unbehleekten Glaubens und der
907 923 2232 1002 allen, der größten, der Mitlelmeerkullur. Welche Provinzen wird
907 965 2240 1061 dem Deutschen das „Drilie Reich' kosten? Welche das vierte
900 1024 2246 1093 und fünfte? ... Das fünfte und sechste Reich wird endlich das
902 1097 2201 1151 Reich’ auf Mecklenburg oder Pommern reduziert haben.
990 1128 2223 1189 Die polilische Entwicklung in Deutschland ist eine ausge¬
903 1163 2228 1237 sprochene Rechlsentwicklung. Ihr durch Sichversteifen auf
907 1212 2228 1284 westlerischen Liberalismus und Demokratismus entgegenzutre.
903 1262 2231 1340 ten. wäre ebenso unsinnig wie aussichtslos. Es kann sich nur
908 1319 2232 1385 darum handeln. Pseindlokonservatives durch wahren Konserva¬
911 1363 2247 1432 lismus zu ersetzen. Diesem wahren, gesunden, ehristlichen
913 1412 2253 1502 Konservalismus zum Durchbruch zu verhelfen, ist derzeit die
902 1468 1979 1539 politische Hauptaufgabe der deutschen Katholiken.
918 1531 2249 1618 Dr. Franz Sievering (Wien): Jüdischer Ein¬
1003 1596 2258 1669 spruch gegen den Hirtenbrief des Bischofs
1010 1671 1320 1738 von Linz.
1005 1705 2239 1780 Der Jetzte Hirtenbrief des Bischofs von Linz — „Schönere
916 1759 2253 1845 Zukunft“ hat ihn in Nr. 19 nachgedruckt ist unseren Lesern
922 1806 2251 1885 noch in Erinnerung. Es war fast zu erwarten, daßs die Juden auf
923 1867 2254 1946 jenen Teil des Briefes anlworten würden, in dem sie Treimütig bei
924 1909 2244 2004 Namen genannt waren. Freilich hat der Bischof den Rassen¬
919 1957 2250 2041 antisemitismus und die Verfolgung der israelitischen Religion un¬
922 2004 2262 2083 zweidentig verurteill, und das erkennen die österreichischen
924 2059 2250 2150 Juden auch gerue an. Aber sie wehren sich gegen „Pauschal¬
925 2103 2261 2183 anklagen“ und falsche Verallgemeinerungen. So nämlich lesen
927 2151 2251 2240 wir in der Entschließung, die die „Union österreichischer Juden“
925 2221 1186 2290 gefaßt hat:
1020 2233 2257 2321 „Alle im Sinne der katholischen Kirche unerfreulichen Erscheinun¬
926 2304 2259 2366 gen im modernen Kullurleben vorwiegend dem Judentum zuzuschrei¬
937 2341 2266 2413 ben, ist unbillig und ungerechl. Während der Hirtenbrief den An¬
942 2383 2255 2458 schein erwecken will, als ob der schädliche Einfluß des Judentums'
929 2432 2264 2500 auf „viele gollentfremdele Juden' zurückzuführen sei, enthüllen die
933 2486 2250 2546 Iinweise auf Ghello und Judenvertreibungen in früheren Zeiten —
930 2528 2268 2583 in denen es wolll nicht viele gollentfremdete Juden’ gah — und die
936 2568 2267 2634 Forderung nach Ausnahmebestimmungen gegen das Judentum in Ge¬
934 2608 2272 2683 selzgebung und Verwallung die wahren Absichten und die Tendenz
939 2652 2267 2728 eines Hirlenbriefes, der. soweit er die Bezichungen zwischen Christen¬
941 2694 2274 2777 tum und Judentum anlangt, nur geeignel ist, all den geistigen Unrat
932 2754 2263 2812 und die unsittliche Schlammflut' zu vermehren, die nichl, wie der
940 2783 2276 2861 Uirtenbrief sagt, vorwiegend vom Judentum, sondern vorwiegend vom
942 2834 2267 2917 Antisemilismus aus die Welt zu überschwemmen drohen. Die Ach¬
939 2876 2265 2938 tung vor dem hohen kirchlichen Amt hätte anserer zur Wahrung der
939 2934 2271 2990 Staalsbürgerlichen Rechle der österreichischen Judenschaft berufenen
946 2969 2263 3044 Vereinigung jede Kritik des Hirtenbriefes untersagt, wenn nicht der
945 3026 2273 3079 Träger dieses Amles es für gut befunden hätte, in den polilischen
945 3069 2269 3128 Kampf sich meigrend. Augriffe gegen die Ehre und die Rechtsstellung
948 3123 1521 3180 des Judentums zu eröffnen.“
1032 3162 2259 3221 Dazu haben wir zu sagen: Die Wehleidigkeit unserer jüdi¬
943 3202 2274 3298 dischen Mitbürger isl erstaunlich. Sie selbst pflegen ja die
951 3269 2277 3324 Christen, wenn sie ihnen irgendwie im Wege stehen, nicht eben
958 3315 2277 3382 Sanftmülig zu behandeln. Aber im Ernst: gegen wen wendel sich
941 3354 2271 3417 der Bischof? Doch nur gegen die religionslose, entwurzelte Juden¬
947 3400 2270 3477 heit, die das deutsche Kulturleben in allen seinen Bezirken
945 3450 2280 3522 überfremdel, entstelll. ja oft genng vergiftel, Jeder redliche
948 3514 2281 3570 Tsraclit muß einsehen, daß seine Rassegenossen, die ju bloß eine
948 3550 2280 3633 Minderheit innerhalb des deutschen Kulturbereichs darstellen.
965 3598 2280 3671 viel zu viel Führerstellen einnehmnen. Das gilt ganz besonders
959 3650 2275 3721 #n. Osterreich, dessen Eberjudung der Bischof zunächst im Ange
958 3696 2290 3772 hat. Wien ist seil langem überfremdet. Im Zeichen des Libern¬
956 3746 2279 3818 liemus führen Juden die Presse. geben sie an Börsen und in
953 3796 2289 3867 Banken den Ton an. selbst in Lileratur. Theater. Philosophie
964 3850 2286 3919 haben jüdische Kriliker. Dichler. Gelehrte größten Einfluß (wir
955 3900 2279 3961 nennen von Trüheren Namen nur Schnitzler, Weininger, Gom¬
960 3949 2292 4027 pertz und von heutigen: Beer-Hofmann, Zweig. Sallen. Auern¬
