3296 4320
1087 304 1544 395 box 40/6
142 309 921 407 0. Antisenitien
775 1042 2170 1110 Offentlichkeit für die Rettung dieser Schätze der Literatur und Wiesen¬
770 1128 2177 1165 schaft, helfen Sie uns jene Mittel aufzubringen, die notwendig sind, um
771 1152 2168 1208 größere Räume zu finden, die technischen Einrichtungen zu verbessern
775 1192 2180 1248 und zu vergrößern und die Bibliotheken, die sich noch in Deutschland
772 1248 1400 1289 befinden, herzutransportieren.
865 1291 2167 1338 Während wir hier versammelt sind, um zu demonstrieren, daß die
774 1321 2180 1375 Gewalt letztlich keine Macht über die Vernunft, über das Denken hat.
785 1380 2180 1422 sind zur gleichen Zeit in England, in Amerika die Freunde der deut¬
783 1406 2173 1468 schen Bibliothek versammelt. Die Bewegung, die den Jahrestag der
784 1459 2191 1522 Bücherverbrennung zu einem Gedenktag des unzerstörbaren Erbes von
781 1499 2189 1558 zweihundert Jahren intellektueller Entwicklung und zu einem Kampftag
779 1555 2181 1603 der intellektuellen Avantgarde des zwanzigsten Jahrhunderts gemacht
778 1594 2182 1640 hat, ist von Paris ausgegangen. Hier haben sich zuerst unter der Füh¬
780 1642 2186 1686 rung von Professor Levy-Brühl, Comte und Comtesse Karolyi, Pro¬
769 1671 2175 1740 fessor Hadamard, Comte de Brion und anderen französische, deutsche
783 1742 2187 1780 und einige englische Intellektuelle zusammengefunden, um das Komitee
774 1784 2180 1825 zur Schaffung einer deutschen Bibliothek des verbrannten Buches zu
774 1812 2181 1866 bilden, dessen Präsident Heinrich Mann, dessen Ehrenpräsidenten André
783 1861 2178 1906 Gide, Romain Rolland, H. G. Wells und Lion Feuchtwanger geworden
781 1900 2183 1957 sind. Diesem Komitee haben sich außerdem zur Verfügung gestellt:
782 1959 2179 2008 Gaston Baty, Maitre Campinchi, Georges Duhamel, Charles Dullin, Ed¬
771 1985 2185 2044 mond Fleg, Gaston Gallimard, Professor Langevin, H. R. Lenormand,
774 2029 2183 2094 Frans Masereel, Mela Muter, M. Paulhan, Professor Wallon, Georg
783 2068 2184 2131 Bernhard, Ernst Bloch, Hans Eisler, Bruno Frank. Professor Gumbel,
783 2120 2176 2170 Alfred Kerr, Rudolf Leonhard, Rudolf Olden, Theodor Plivier, Doktor
783 2165 2186 2233 Kurt Rosenfeid, Joseph Roth, Anna Seghers, Ernst Toller, Albert Malte
791 2215 999 2272 Wagner.
855 2235 2181 2305 Hier in Paris sind die ersten Arbeiten geleistet worden, und hier
779 2291 2183 2352 stehf-die Bibliothek — oder richtiger, hier stehen die Anfänge der
783 2331 2176 2389 Bibliothek. Aber es muß zugestanden werden, daß die Resonanz dieser
789 2386 2175 2441 Arbeit, daß das Interesse und die Bereitwilligkeit zu helfen in der
782 2427 2186 2471 Offentlichkeit Englands noch größer gewesen sind. In England hat sich
778 2468 2182 2530 unter der Führung von H. G. Wells, Bertrand Russel, Professor und
781 2512 2180 2574 Mrs. Haldane, Professor Catlin, Lady Oxford and Asquith, Wickham
780 2555 2177 2605 Steed, Hubertus Prinz zu Löwenstein, Professor Laski, Clare Sheridan,
777 2606 2195 2654 Louis Golding und anderen eine Gesellschaft der Freunde des ver¬
782 2635 2180 2701 brannten Buches gebildet, deren Aktivität außerordentlich groß und
777 2697 2193 2751 fruchtbar geworden ist. Hunderte englische Professoren, Schriftsteller,
777 2742 2179 2792 Künstler, Studenten und andre Intellektuelle haben sich bisher dieser
780 2784 2180 2834 Gesellschaft angeschlossen; wahrscheinlich, daß es sehr bald Tausende
788 2826 2192 2891 sein werden. Heute zur gleichen Stunde sind in London auf Einladung
792 2867 2179 2925 von Lady Rosebery, Lady Oxford and Asquith und Vicountess Ronndha
769 2908 2175 2972 zweihundert englische Professoren, Schriftsteller und intellektuelle
790 2949 2186 3015 Freunde des verbrannten Buches versammelt, um unsrer Arbeit
790 3007 1365 3073 materielle Hilfe zu bringen.
868 3044 2177 3105 Dieses Jahr der Arbeit in der Emigration ist schwer gewesen. Aber
784 3088 2180 3145 es ist fruchtbar gewesen, ein Jahr des Kampfes, des Gegenangriffs
781 3132 2184 3185 gegen den Zustand, der sich „Drittes Reich“ nennt. Ein Teil dieses
780 3186 2191 3229 Kampfes ist unsre Bibliothek, an der sich die internationale Solidarität
778 3223 2205 3277 der intellektuellen Avantgarde des zwanzigsten Jahrhunderts bewährt
777 3271 2188 3327 hat und weiter bewähren wird. Ein Werk, das so viele Beweise der
793 3312 2186 3367 Freundschaft und der Hilfe aus allen Teilen der Welt bereits erhalten
777 3350 2196 3412 hat, wird aus den Anfängen heraus zu einem umfassenden Erfolg geführt
791 3407 984 3475 werden.
781 3481 903 3553 626
