3344 4128
2507 -4 3301 80 ennen ene esnchen
2474 43 3313 117 von Heinrich Mann in Seinnerung geruf
144 77 1553 142 Naf dor dem and
2485 100 3321 162 daß aus dem Menschen, im ganzen genomn
1590 81 2474 196 Kauter..
2481 136 3273 194 noch einmal etwas werden kann.“ Im g
2473 169 3264 220 zen genommen, gewiß; es gibt a
2469 205 3102 273 auch Ausnahmen, wie
3088 215 3230 262 der
3218 208 3278 268 F
2470 249 3067 307 Heinrich Mann zeigt ..
3092 227 3309 316 Doch wei
141 204 1827 309 ten des Dichterakademie=Präsidenten Mann
2469 273 3290 347 „Kühner als alle Altersgenossen unter
2480 331 3319 384 Dichtern sind Sie, Heinrich Mann, mitgeg
129 325 1580 413 lutor solchen Schlages war ein Novemberling vom Scheitel bis zur Sohle,
2480 354 3302 434 gen, hinein in eine neue Zeit, und r
1589 358 2484 445 einer preußischen Dichter=Akademie ge¬
142 386 693 449 Novembergewaltigen dazu
711 385 1451 457 ein Paneuropäer parexcellence.
2484 402 3232 443 ren schon vorher deshalb für sie ...“
1596 405 1880 475 stellt wurde!
137 436 705 505 tsche Geistigkeit zu repräsen¬
2515 440 3312 500 Der regierende Marxismus bestätigte
735 438 1597 501 Hand in Hand mit dieser widervölkischen
1621 444 2478 532 Ein Schriftsteller, welcher es fertig brachte,
143 480 702 556 muß noch betont werden,
704 487 1593 554 Einstellung ging eine Glorifizierung unseres
2494 485 3304 564 einem von uns wohl schon hinreichend
1598 485 2478 558 der französischen Jugend ihre fried¬
135 528 703 598 tels, welchem seine Gegner
703 544 1375 606 erbittertsten Feindes Frankreich.
1583 540 2484 602 liche Gesinnung ausdrücklich zu bescheinigen,
2490 534 3297 620 kennzeichneten Novemberliteraten, daß
131 578 705 644 rn blinden Haß gegen alle
1596 581 2482 633 womit der deutschen Jugend indirekt wohl
2492 587 3290 655 als Wegbereiter und Verkünder ihrer
730 576 1595 654 Vorkriegsfrankreich, das ist das Land, in dem
1594 622 2483 694 kriegerische Gesinnung unterstellt werden
126 626 697 688 schen Erscheinungen zu un¬
703 621 1589 695 sittlicher Ernst herrscht, Vorkriegsdeutschland,
2490 630 3323 713 sichten zu gelten habe. Nach unseren ###
1600 658 1763 717 sollte?!
702 675 1594 730 das ist die Hölle, wo Prahlerei, Anmaßung,
136 667 692 735 en, in hier vielleicht allzu
2480 682 3307 755 führungen dürfte sich jeder Kommentar
694 718 1604 769 Lüge, Selbstbetrug, Rafsgier und Ungerechtig¬
1631 693 2481 774 Allen diesen novemberlichen Großtaten
141 726 701 783 Gewissenhaftigkeit noch ver¬
2492 727 2710 792 übrigen.
699 751 1591 806 keit an der Tagesordnung sind. „Ententegläu¬
1599 764 2489 840 setzten dann die wiederholten Reisen nach
2518 753 3313 840 Und ein Mann mit solch einem Sünd
137 771 1586 848 pohlwollend geurteilt big“, so führt Albert Soergel aus, „beurteilt
130 817 702 883 ltz nämlich zu dem angeblich
2494 820 3306 880 register erdreistete sich in diesen Tagen, P
694 826 1592 882 Mann das Frankreich der Drenfuszeit nach den
1594 830 2480 889 Paris die Krone auf, gelegentlich deren
706 859 1587 923 wenigen, die wider den Strom, beurteilt
132 866 704 928 ktels hat sich der selbstver¬
2485 870 3310 929 testversammlungen wegen angeblich „bedr
1600 884 2489 955 jene ungeheuerliche Außerung Manns fiel,
707 904 1593 970 er das Deutschland der Kaiserzeit nach den
135 914 697 970 jektivität“ nicht zu überbie¬
2486 920 3304 970 ter Geistesfreiheit“ einzuberufen! Gerade
695 944 1437 1002 vielen, die im Strome schwammen,
1587 944 2479 1011 seiner Ansicht nach sei die Not und Ver¬
132 964 706 1026 s Mann unvergleichlich
2485 962 3318 1021 ist der letzte, der sich in solchen lächerlich
734 984 1567 1050 deutet er den Geist von 1914 in Eroberer¬
1572 1002 2485 1073 elendung des deutschen Volkes nicht auf die
142 1010 707 1076 literarische Produktion sei¬
2487 1012 3314 1064 Attitüden gefallen dürfte; denn anders
1030 1027 1277 1092 geist um;
153 1058 698 1131 ruders geäußert, indem er
2480 1058 3324 1130 das deutschere Deutschland, welches kein
1588 1063 2477 1138 wahnwitzigen Reparationszahlungen zurück¬
691 1056 1592 1131 ententegläubig hält er den Gedanken von Jac¬
1592 1107 1899 1181 zuführen
691 1118 1592 1167 ques Nivière, die Ruhrbesetzung sei „eine etwas
698 1161 1605 1208 grobe, aber ganz deutliche Einladung an Deutsch¬
148 1153 672 1244 aphrodisischer Pennäler¬
1627 1162 2534 1264 Wer über eine so schöne Seele verfügt, drückt
699 1190 1600 1240 land, mit Frankreich zusammenzuarbeiten für
125 1211 667 1274 Staloge des Lasters, in
1585 1229 2507 1279 alle Welt. mit Ausnahme nur des natio¬
700 1240 1595 1292 „überraschend und doch vielleicht nicht paradox'..“
1584 1271 2491 1321 nalen Deutschlands, an sein liebendes Herz.
139 1264 666 1337 Nummer vergessen war“
726 1281 2505 1365 Bestimmt paradox aber war es, daß Galt es, einen Aufruf der Roten Hilfe zu unter¬
161 1315 600 1381 Albert Soergel,
606 1314 699 1383 ein
696 1296 2371 1416 der Mann dieser Meinungen an die Spitze zeichnen, so verschloß sich Heinrich diesem
149 1366 612 1426 dessen „Objektivität“
612 1375 701 1429 be¬
143 1407 701 1479 nUrteilslosigkeit grenzt, hat
129 1465 701 1543 inrich Manns „Jagd nach
699 1340 2503 1548 Dienst am kommunistischen Untermenschen
697 1540 2498 1627 selbstverständlich nicht. Wurde ein jüdischers zu gut begriffen hat! Heute heißt es:
137 1566 382 1654 die Welt
694 1598 1598 1659 Landesverräter wie Hatvani wegen Beschimp¬
1587 1596 2494 1665 Der Demokratismus samt seiner philosemitischen
689 1639 1610 1691 fung Ungarns zu sieben Jahren Zuchthaus ver¬
1591 1645 2495 1690 Ergänzung ist geistig längst erledigt, es wird
689 1667 1601 1717 urteilt, so erhob er gemeinsam mit den Juben
1585 1686 2497 1738 langweilig, sich mit ihm abzugeben! Wes¬
135 1672 521 1764 nziges Bordell
687 1706 1591 1773 Einstein, Theodor Wolff, Ludwig, Julda, Arthur
1723 1727 2485 1775 n nicht genehme Dichterpräsi¬
735 1754 1583 1809 chnitzler, Hoffmannsthal, Stephan Zweig,
1591 1727 2483 1815 benken nunmehr auch „plump kör¬
127 1743 1591 1847 umstößlich steht jedenfalls Fekix Surten, Franz Werfel und Max Rein¬
1591 1796 2486 1842 perlich“ an die Luft befördert wer¬
128 1815 1591 1883 mer bedenkliche, meist hardt sofort im „Berliner Tageblatt“,
1587 1837 2491 1892 den. Sorgen braucht sich der gute Heinrich
133 1856 690 1921 Lebensdarstellung Heinrich
695 1866 1584 1918 in der „Vossischen Zeitung", in der
1594 1877 2498 1946 deswegen ja nicht zu machen, kann er doch auch
702 1917 1591 1976 „Frankfurter“ ein markerschütterndes Wut¬
134 1902 705 1976 Standpunkt des deutschen
1594 1906 1898 1978 weiterhin noch
694 1942 864 2012 geheul!
138 1953 698 2019 von Anfang an scharf ab¬
1790 1944 2286 2025 Vorträge in Synagogen
126 1987 706 2073 ußte. Auch das gestalterische
1586 2000 2498 2057 halten, womit er ja unlängst begonnen hat.
780 1995 1522 2066 Schutz den Landesverrätern!!
1583 2044 2490 2104 Vielleicht setzt sich auch Leonhard Tietz für
122 2048 708 2109 Dichters“ ist immer gering
724 2061 1484 2147 Wurde ein Komitee gebildet, um den
1588 2084 2494 2154 ihn ein, worauf man nach folgender schöner
117 2097 700 2159 uch ein gewisses Geschick und
1593 2122 2212 2181 Zeitungsanzeige schließen könnte:
131 2143 708 2216 ssene Routine nur ästhetisch
896 2129 1391 2226 Mordbrenner Hölz
1665 2167 2495 2236 „Der Dichter Heinrich Mann spricht am
137 2195 694 2254 Erkenntnis dieser Tatsache
1629 2213 2497 2276 Montag, den 20. Oktober 1930, im Konzert¬
694 2205 1595 2262 aus dem Zuchthaus zu befreien so figurierte
126 2221 1607 2317 nögen. Klarsichtigen indessen Heinrich selbstverständlich neben Einstein, Georg
1616 2243 2497 2312 saal des „Pfalzbaues'. Ludwigshafen a. Rh.,
121 2285 699 2356 die „Unrat“=Dichtung die
1623 2294 2494 2361 über Literatur im Jahre 1929/30. Freien Ein¬
697 2282 1592 2353 Bernhard, Dr. Feilchenfeld, Dr. Goldschmitt,
1614 2328 2491 2392 tritt gegen einen Gutschein von 1 M. Diese
697 2335 1606 2386 Dr. Lion Feuchtwanger, Dr. Sally Friedlän¬
123 2334 684 2401 breitgewalzte, jeden (deut¬
1627 2364 2493 2430 Gutscheine werden bis zum 15. November
699 2373 1608 2419 der, Dr. Gumbel, Dr. Kerr, Dr. Lasker, Emil
162 2381 686 2450 entratende, haßstrotzende
698 2412 1605 2471 Ludwig Cohn, Paul Schlesinger, Dr. Wolfen¬
1621 2399 2492 2465 1930 beim Einkauf von Waren zum vollen
116 2428 688 2497 eiter nichts als einen ab¬
1616 2440 2493 2505 Wert in Zahlung genommen, Verkauf der
687 2438 1608 2520 stein, Arnold Zweig, Toller und Tucholski im
695 2485 926 2543 Vorstand.
121 2477 702 2540 plex darstellt. So wenig wir
1628 2477 2494 2541 Gutscheine an unserer Kasse 2, Kleiderstoff¬
1620 2517 2486 2596 Abteilung, Erdgeschoß, Leonhard Tietz, Akt.=
143 2522 699 2600 von Satire und Groteske
721 2513 1592 2590 Ganz vorzüglich paßte sich auch seine im „Ber¬
1629 2558 1732 2614 Ges.“
693 2563 1594 2629 liner Tageblatt“ kundgegebene Außerung, nun¬
124 2574 681 2641 n, wenn sie allein von
699 2603 1597 2683 mehr (nach der Revolution!) hätten die Wag¬
1608 2597 2488 2661 Wie sinnig symbolisierte hier der jüdische
125 2621 690 2690 eit getragen scheint, lehnen
689 2638 898 2700 nerischen
1583 2637 2490 2709 Berehrer Heinrich Manns die enge Verwandt¬
123 2672 686 2734 ig Deutschen sie als unse¬
695 2662 1583 2749 Heldengestalten „von der Bühne abzutanzen“,
1591 2692 2366 2751 schaft von Literatur und Maßkonfektion.
129 2712 697 2778 Wesen widersprechend ab!
694 2731 1589 2805 seinen vorangegangenen paneuropäisch=pazifi¬
119 2766 688 2823 ellung führte Adolf Bartels
701 2761 1420 2840 stisch=philosemitischen Elaboraten an!
1797 2749 2248 2843 Das tollste Stück
126 2808 704 2871 Mann zuletzt lediglich als
725 2811 1579 2893 Nachdem wir mit der vorangegangenen
1590 2812 2494 2908 aber dürfte gewesen sein, daß sich Mann auch
128 2854 685 2937 Schädling einzuschätzen.
686 2875 1580 2928 Aufzählung die Namen seiner Freunde ken¬
1631 2886 2432 2945 für die Errichtung eines Heine=Denkmals
681 2921 1582 2995 nengelernt haben, überrascht es nicht mehr,
1586 2917 2481 2994 in Düsseldorf begeistert einsetzte. Für den un¬
681 2971 1175 3045 daß Heinrich auch ein
1573 2964 2489 3032 heilvollsten Gesellen, „der im 19. Jahrhundert
1582 3011 2480 3070 nicht bloß durch die deutsche Literatur, sondern
1593 3056 2473 3097 auch durch das deutsche Leben hindurchgegan¬
677 3040 1587 3123 nicht zu überbietender Philosemitismus
1592 3091 2484 3138 gen ist, durchaus als Seelenverwüster und =ver¬
132 3092 694 3177 r immer bestritten urde. Er
696 3096 1590 3169 nachgerühmt werden darf. In der zionistisch
1587 3124 2478 3195 gifter als Vater der Dekadenz auf literarischem,
117 3149 691 3203 ade leicht. Nach seiner Auf¬
685 3163 1577 3223 eingestellten „Wahrheit“ in Prag
1585 3154 2209 3228 politischem und sozialem Gebiet,
136 3196 686 3244 die Verantwortung mit dem
696 3206 1588 3286 (Nr. 24, 1925) schrieb er die klassischen Sätze:
1636 3203 2416 3288 für einen Denunzianten und Revolver¬
143 3229 691 3288 geistiger Mensch hat noch
1889 3263 2172 3325 journalisten,
120 3274 688 3327 nst jemand das Recht, unan¬
734 3267 1587 3321 „Der Rassenantisemitismus hat Herkunft und
134 3300 691 3364 . Andererseits muß er wissen,
694 3301 1583 3364 Mechanismus der neueren Gesellschaft nicht be¬
1586 3296 2489 3370 wie den Juden Heine wollte er also Ruhmes¬
136 3345 681 3400 r vorhandenen Welt mit sei¬
1579 3352 2486 3396 hallen errichten! Den besten Vorschlag hat hier
685 3353 1577 3398 griffen. Wozu mit ihm verhandeln? Der Natio¬
130 3391 690 3458 ismäßigen Sauberkeit
1580 3391 2490 3451 immer noch Liszt gemacht, der wenn es denn
687 3391 1585 3438 nalismus ist samt seiner antisemitischen Er¬
678 3424 1581 3477 gänzung geistig längst erledigt. Es wird lang¬
1585 3431 2459 3493 sein müsse, ein Denkmal aus Kot empfahl ...
692 3466 1587 3521 weilig, sich mit ihm abzugeben. Er wirkt nur
692 3502 1592 3550 in den Tatsachen plump körperlich noch nach
135 3477 691 3567 ist mit seiner „verhältnis¬
1778 3503 2258 3600 Der Dank der
688 3536 1583 3586 und wird dank dem Beharrungsvermögen das
120 3548 680 3611 kkeit“ im unsauberen Nach¬
686 3571 1586 3633 gerade seine Anhänger kennzeichnet, selbst in
140 3598 685 3669 ja weit genug gekommen
1721 3573 2321 3677 Novemberparteien
686 3618 1578 3662 einer künftigen bis zur Unkenntlichkeit veränder¬
130 3641 693 3704 dato „ein hier und jetzt er¬
682 3654 1586 3729 ten Welt ohne jeden Zusammenhang mit ihr
1611 3660 2482 3749 Wie sehr dieser Mann dem politi¬
688 3687 954 3754 noch spuken.“
127 3692 690 3763 “ immerhin zu sichern ge¬
719 3735 2497 3783 Oh, wenn du geschwiegen hättest, weisestersschen System des vergangenen
128 3721 697 3818 nicht zuletzt seine aus den
1578 3772 2493 3840 Jahrzehnts anzurechnen ist, geht
685 3765 1577 3832 aller Propheten! Wie anders haben sich die
128 3786 688 3861 erhellende traditions¬
691 3821 2492 3868 Dinge entwickelt, und zwar gerade deshalb, aus dem „festlichen Empfang“ hervor, den
114 3832 700 3915 nd kraß materiali¬
685 3860 2484 3927 weil der Rassenantisemitismus die Herkunft die Akademie der Künste zum 60. Geburts¬
123 3903 2480 3951 uung ermöglichte, bedarf und den Mechanismus der neueren Gesellschaft, tag dieses „Dichters“ veranstaltete, bei wel¬
754 3930 1575 3984 h. der Sally Fischer, Paul Cassirer, Mosse,
114 3953 2498 4029 nderer Hervorhebung. Zu Ullstein, der großen Banken und Börsen nürscher Gelegenheit der damalige preußische
119 3995 693 4052 aber wohl, wollte man den
121 4039 696 4106 Hältnismäßigen Sauber“
