3344 4320
1071 292 1510 383 box 40/6
123 282 903 380 0. Antisemitisn
339 869 1074 956 Alpen ländische -orgen
302 938 1185 1025 zeiturg, Linz 12.1.1954
363 1074 1133 1167 Das Rassenkonglomerat.
210 1162 1047 1229 Die „Wiener Neuesten Nachrichten“ schreiben:
215 1224 1346 1282 „Der Österreicher steht auf!“ bemerkt ein Herr Ermers
153 1261 1333 1331 im „Tag“. Lassen wir uns in die Tiefen dieser „Auf¬
164 1318 1343 1381 erstehung, ja Auferstehung“, die „dieses Menschenkonglo¬
159 1360 1141 1420 merat an der Donen“ erlebt, genauer einführen:
313 1403 1351 1475 „Erst das Erlebnis des Dritten Reiches hat die volle
247 1452 1356 1518 Wiedergeburt der historischen „Österreicherrasse“ bewirkt.
251 1499 1349 1567 Untervewußtes stieg ins Oberbewußt¬
250 1540 1354 1623 sein, ein Abschaltungsprozeß von den „Gleichgeschalteten“
250 1595 1354 1652 allerstärkster Arl vollzog sich vor unserer aller Augen; und
254 1644 1366 1715 alle geschichtlich und soziologisch Gebildeten entdeckten
253 1711 1358 1762 staunend und strahlend zugleich, daß aus dem endlosen
255 1735 1351 1807 Völker= und Rassengemisch der vermutlich nordasia¬
244 1801 1359 1848 tisch abstammenden österreichischen Menschen der Alt¬
255 1832 1365 1905 steinzeit, der südasiatisch abstammenden der Jung¬
257 1898 1361 1950 steinzeit, aus Kelten und Illyriern, Römern und Juden,
253 1912 1371 2000 Germanen und Slawen, Awaren und Ungarn, Italienern
254 1966 1371 2041 und Spaniern, die vielfach ihr bestes Blut uns zufließen
257 2020 1369 2091 ließen, eine geschichtliche Form des Süddeutschtums ge¬
259 2066 1376 2147 prägt wurde, das einmalig in der Welt ist; meilenweit
263 2133 1368 2177 und um eine ethische Welt unterschieden von der des ebenso
256 2174 1370 2243 stark als andersartig gemischten Norddeutschtums. Eine
265 2223 1364 2276 einmalige Kulturmischung, die das Glück der längst ge¬
267 2256 1364 2340 ahnten, ja geforderten richtigen Rassenmischung bestätigt.“
265 2320 1371 2392 Wir wollen nicht bestreiten, daß es dieses „Rassen¬
226 2369 1370 2439 konglomerat“ in Wien wirklich gibt: es wohnt vornehmlich
218 2409 1378 2497 „an der Donau“, und zwar zwischen Reichsbrücke und Schwe¬
221 2465 1373 2545 denbrücke. Daß es sich um diese Gegend handelt, das beweisen
211 2522 1138 2593 auch die folgenden Ergüsse des Artikelschreibers:
339 2585 1379 2650 „Der österreichische Mensch', noch vor einem
273 2621 1374 2695 halben Dutzend Jahren belächelt oder verkannt, hier wird
275 2657 1370 2734 er strahlend offenbar. Jeder von diesen vermutlich anders
267 2693 1382 2792 rassisch Zusammengesetzten, alpin, dinarisch, mediterran,
276 2755 1388 2827 nordisch, ostisch, vielleicht auch ein wenig jasia¬
272 2810 1382 2876 tisch', immer aber ein ganzer Repräsentant seiner
265 2858 1383 2929 geistigen und geographischen Heimat. Überflüssig zu sagen
341 2915 1381 2978 oder vielleicht auch nicht — wieviel jüdisches
277 2954 1384 3027 Blut in diesen Sonnenfels, Popper, Freud Schnitzler,
275 2977 1399 3060 Hofmannsthal, Altenberg, Adler, Hertzka, Steinbach, Un¬
279 3044 1381 3131 ger, Lipiner, Werfel, Weininger, Mahler und ungezählter
281 3103 1387 3187 anderer mitgeholfen hat, die österreichische Heimat fühlbar
285 3163 666 3221 erstehen zu lassen.“
273 3194 1383 3262 Die Anführungszeichen, zwischen die Herr Ermers das
231 3250 1390 3326 jüdische Blut gesetzt hat, sind überflüssig, zumal da sich unter
229 3294 1387 3370 den genannten Geistesgrößen kein Goi befindet. Wir haben
233 3334 1395 3412 nichts dagegen, daß alle diese dem „Rassenkonglomerat“ zu¬
231 3387 1389 3482 geschrieben werden, so wie die Versuche der Juden, sich
226 3435 1393 3515 gegenseitig einzureden, was für herrliche Repräsentanten der
227 3487 1399 3547 österreichischen Kultur sie sind, mehr amüsant als ärgerlich
238 3533 1387 3615 sind. Auch beim Verfasser dieses schönen „Tag“=Quatsches
229 3581 1392 3650 würde ja wohl der Nachweis nicht schwer fallen, daß er für
231 3633 1384 3719 sein Teil von all den Rassenwurzeln, die er für das „Kon¬
240 3698 1412 3752 glomerat“ in Anspruch nimmt, allein bei der vorderasiati¬
249 3733 1395 3804 schen zuständig ist. Dafür zeugen schon die Unverfroren¬
244 3774 1388 3851 heiten, die er sich der österreichischen Bevölkerung gegen¬
240 3844 855 3908 über mit seinem Artikel leistet.
2040 1405 2560 1512 „GBSERYER
1995 1492 2692 1596 Wien, I., Wollzeile Nr. 17
2097 1573 2604 1658 Teiston K-23-0.42
1724 1642 2728 1731 Mpenländische Norgenzeitung,
2073 1714 2608 1786 Linz 13.1.1934
1772 1805 2709 1939 Das Rassenkonglomerat.
1693 1937 2825 2006 Wir haben in unserer gestrigen Nummer eine rassenkund¬
1628 1988 2837 2040 liche Auslassung eines gewissen Herrn Ermers vom „Wiener
1629 2027 2849 2095 Tag“ abgedruckt, die wir unseren Lesern als Beweis für die
1627 2086 2840 2150 Tiefgründigkeit der rassenkundlichen Forschungen einer ge¬
1638 2135 2844 2183 wissen Wiener Presse nicht vorenthalten durften. Wir sind nun
1637 2184 2837 2244 heute in der Lage, über besagten Herrn Ermers näheres mit¬
1633 2214 2844 2295 zuteilen. Dr. Max Ermers, natürlich Jude und früher Edel¬
1631 2282 2843 2332 kommunist (ob heute vielleicht ein Frontwechsel stattgefun¬
1636 2326 2841 2391 den hat, ist uns unbekannt) ist ständiger Mitarbeiter des be¬
1639 2363 2837 2432 kannten Wiener Tschechenblattes „Der Tag“. Sein Ressort ist
1640 2412 2842 2483 Nacktkultur, bolschewistische Kultur (gibt es so was auch?) und
1639 2448 2844 2531 seit neuestem produziert er sich in Rassenfragen. Wie nicht
1641 2515 2831 2578 anders zu erwarten, besingt er den „österreichischen Menschen“.
1637 2552 2837 2626 dieses „Rassenkonglomerat“, „jeder von den vermutlich anders
1640 2608 2832 2671 Zusammengesetzten, alpin, dinarisch, mediterran, nordisch,
1631 2657 2837 2719 ostisch, vielleicht auch ein wenig „asiatisch', immer aber ein gan¬
1648 2694 2845 2789 zer Repräsentant seiner geistigen und geographischen Heimat“,
1649 2756 2829 2811 folgt nun die Liste dieser österreichischen Menschen: „Sonnen¬
1650 2809 2832 2879 fels, Popper, Freud, Schnitzler, Hoffmansthal, Altenberg,
1639 2841 2836 2911 Adler, Hertzka, Steinbach, Unger, Lipiter, Werfel, Weininger,
1638 2897 2830 2946 Mahler“. Wie nicht anders zu erwarten, ist kein einziger
1632 2940 2844 3021 Arier darunter. So, jetzt wissen wir es wenigstens, daß für
1648 3026 2848 3097 gewisse Herrschaften der „österreichische Mensch“ nur ein ande¬
1652 3072 2108 3145 res Wort für Jude ist.
