3392 4320
840 374 920 430 m
1072 358 1528 446 box 40//6
452 356 546 428 iS
129 358 908 464 0. Ant.Sen1115
117 924 673 1017 en Gütern des deutschen Vol¬
690 955 1830 1034 seine Ausführungen. So schreibt Dr. Pistiner: „Den
1828 970 3004 1053 Judentum und seine geistigen Werke sind die einzigen
135 1002 671 1046 noch Spott mit all dem, was
687 1015 1816 1087 Juden daraus einen Strick zu drehen, daß sie in dieser
121 1030 681 1088 lten uns als die Sittenrichter
1831 1025 2991 1100 großen Menschheitstaten der Geschichte. Unsere Moses,
152 1079 674 1122 gossen aus vollen Schalen
693 1067 1823 1127 (deutschen) Kultur ein= und aufgingen“ — das ist Czer¬
1833 1082 2991 1153 Christus, Spinoza, Marx werden die Könige der
125 1101 669 1165 deutschen Michel. Wir machten
689 1107 1824 1183 nowitzer Deutsch! — „dazu gehört eben jener unver¬
1829 1126 2348 1191 Menschheit genannt ...“
130 1150 674 1199 salle, Bernstein, Luxemburg,
682 1157 1838 1231 frorene pöbelhafte Nationalwahn, wie er sich jetzt in
1878 1175 2989 1250 Dieser Haß, diese maßlose Überheblichkeit sind es ja
131 1185 680 1243 sich die deutsche Nation auf,
683 1210 1825 1270 Deutschland austobt" Oder — Dr. Teich im „Czerno¬
122 1221 676 1298 cksal selbst schmieden. Und das
1833 1222 2993 1277 gerade, deren das deutsche Volk sich erwehrt, die es end¬
672 1252 1821 1327 witzer Morgenblatt": Denn der „Geist“ der vom Drit¬
1834 1276 2994 1340 lich von sich abschütteln will. Zur Rechtfertigung dieser
682 1304 1825 1372 ten Reich kommt, ist Rückfall in die Zeit, da wilde Hor¬
125 1307 669 1377 s als die Abwehr
1825 1317 2994 1393 Abwehr bedarf es zwar nicht erst jüdischer Selbsterkennt¬
682 1345 1822 1424 den Met tranken, um Weiber und Tiere würfelten und
118 1367 676 1427 § — das ist der Sinn der
1831 1370 2991 1422 nisse, wie Dr. Reifer sie seinem Volk vorhält — aber
686 1400 1826 1472 lächelnd Menschen gemordet haben. Wir werden unsere
1835 1413 2991 1470 solche Selbsterkenntnis zeigt den Weg zu einer Lösung
130 1421 670 1474 aben wir Juden selbst es
678 1447 1819 1514 Fahne hoch halten, bis uns und der ganzen
125 1467 672 1525 r weiter? Haben die Mak¬
1824 1465 3005 1537 des jüdischen Problems über die revolutionären Not¬
676 1490 2490 1578 Menschheit Gerechtigkeit widerfahren wird. .. Das wendigkeiten des Tages hinaus.
130 1505 672 1578 rt gegen fremde, unjüdische
123 1566 674 1620 samariter aus unserer Ge¬
123 1583 687 1679 r müssen lernen, den Gang
124 1656 687 1720 benn dieser Weg auch mit
132 1699 687 1772 Dr. Reifer geht aber noch
126 1751 692 1817 ie Assimilanten über die
132 1794 679 1863 schworen haben, das kün¬
133 1843 680 1902 juden Rußlands an;
139 1897 688 1961 kommunistischen Systems
135 1943 688 2009 zugleich vollziehe sich ein
129 1991 689 2059 ß, der böse Folgen haben
139 2038 687 2105 iß die Lage der Juden in
157 2079 690 2155 seine Auffassung wider¬
130 2127 692 2209 stherein ab: In Italien
135 2182 691 2238 weniger Juden als
124 2221 684 2286 ber auch dort und ebenso
138 2279 692 2361 Unfänge einer antijüdischen
149 2385 679 2445 des Judenproblems vor¬
134 2430 690 2497 sein; er will einen Modus
122 2484 685 2545 nd Minderheitsnation her¬
134 2530 679 2588 heute noch nicht eine be¬
129 2578 678 2633 udennot geben könne, und
125 2628 683 2695 rvorhebt, weil die Juden
151 2676 687 2737 Zeit verpaßten, so müsse
152 2710 683 2777 Heimat des Judentums.
131 2770 680 2839 eimat der außerhalb Palä¬
153 2818 686 2889 Volksgruppen, die erst
123 2856 683 2927 bekämen. „Und dann wird
132 2912 672 2980 in der übrigen Welt ver¬
137 2960 673 3037 schätzen als Zweige einer
134 3009 453 3080 in Palästina.“
130 3063 667 3149 en, daß dieser Aufsatz wie
127 3124 684 3177 ht. Die Judenschaft von
137 3174 688 3239 daß jetzt „das große Auf¬
120 3198 671 3282 ung zertrümmert ist“ Da¬
136 3268 683 3340 n Dr. Reifers. „Konjunk¬
132 3315 688 3382 eigene Nest“, schreibt ein
125 3346 692 3437 he, gottverlassene schwarze
195 3416 681 3481 Attentat“ ein „unge¬
173 3442 689 3525 Unwissenheit, Sklaven¬
171 3510 682 3573 genannt. Man verhöhnt
145 3560 683 3620 Hermannt dem Cherusker
143 3608 676 3672 gegessen“, und man ver¬
127 3640 683 3713 discher Weise: weil Doktor
137 3706 686 3774 sbad geschrieben hat, sucht
130 3750 581 3819 krankheit hinzustellen.
150 3799 679 3873 zeigen doch nur, wie tief
137 3852 683 3911 erade die gehässigsten An¬
138 3899 687 3968 ie besten Beweismittel für
131 3999 684 4097 dktober, 20 Ul
142 4073 679 4182 erthaussaa
148 4165 684 4248 Richard Wagner=Orchesten
