3344 4320
247 92 1080 149 Stimmung zu besiegen. Er verstand es,
245 132 1084 180 schon während der ersten Minuten seines
248 164 1080 217 Vortrages die Versammelten zu fesseln,
248 206 1090 249 und bald hatte die Stimmung die ge¬
245 246 1084 300 wohnte Höhe erreicht, die dann auch
245 288 1092 342 während des ganzen Abends nicht mehr
254 330 455 383 abflaute.
312 354 1089 408 Wir entnehmen den Darstellungen des
250 402 742 460 Herrn Führer folgendes:
307 450 1088 499 Ich soll heute über das Thema zu
242 492 1098 527 ihnen sprechen: „Haben die Juden schöp¬
252 519 1093 574 ferisch gewirkt?“ Da muß ich als erstes
256 556 1095 606 erwähnen, daß mein Vortrag nur einen
245 594 1093 644 kleinen Ausschnitt aus dem Wirken der
251 630 1091 682 Judenheit bringen kann, denn es würde
253 669 1099 724 über den Rahmen eines Abends weit hin¬
259 710 1085 767 ausgehen, die schöpferische Arbeit der
251 754 1090 790 vielen berühmten und großen Mäner, die
251 781 1086 841 die Juden hervorgebracht haben, auch nur
315 860 1094 913 Die breite Masse des Volkes ist nicht
259 897 1095 951 sehr urteilsfähig und seit Jahrhunderten
263 936 1091 985 wird sie immer wieder von gewissenlosen
260 973 1100 1034 Hetzern gegen eine kleine Minderheit auf¬
267 1012 1101 1072 gewiegelt. Nur den niederträchtigen Me¬
265 1049 1088 1105 thoden des Hakenkreuzes und seiner Vor¬
263 1101 1094 1139 läufer ist es zuzuschreiben, daß es heute,
259 1126 1090 1182 im zwanzigsten Jahrhundert, noch einen
262 1176 699 1224 Antisemitismus gibt.
359 1223 1068 1283 Ehre, wem Ehre gebührt, heißt ein
296 1261 1069 1313 altes Wort. Aber den Juden, aus deren
303 1304 1062 1347 Mitte so viele ausgezeichnete Männer
297 1349 1064 1389 hervorgingen, will man die Ehre ver¬
295 1373 1077 1435 weigern. Es ist unglaublich, welchen
298 1412 1075 1464 Brutalitäten die Juden ausgesetzt sind,
295 1447 1066 1501 und gerade das Volk, das sich zu den
297 1484 1070 1550 ersten Kulturvölkern re'inete, das
305 1522 1081 1574 deutsche Volk, hat lner Schritt¬
301 1564 1081 1614 macherdienste geleistet. (Heftige Pful¬
308 1599 1073 1655 rufe.) Ich selbst bin Christ, aber ich
306 1637 1080 1692 habe mich sehr viel mit den Leistungen
310 1677 1070 1731 der jüdischen Mitbürger beschäftigt.
308 1715 1074 1767 Ich muß sagen, es ist mir unverständ¬
307 1755 1076 1804 lich, wie ein denkender Mensch, wie
307 1805 1072 1843 jemand, der sich in Geschichte, Kunst
305 1836 1073 1880 und Literatur ein wenig umgesehen
307 1869 1074 1919 hat, auf dem Standpunkt stehen kann,
306 1914 1074 1964 die Juden seien minderwertiges Volk.
341 1959 1115 2019 Vor allem haben wir Christen den
268 2003 1111 2055 Juden großen Dank zu sagen für ein
279 2027 1126 2095 außerordentliches Werk, das sie uns ge¬
283 2079 1114 2132 schenkt haben: Das Alte Testament.
275 2121 1128 2172 Man hat mir einmal erwidert, dieses Werk
283 2158 1119 2217 sei kein Produkt der Juden, sondern es be¬
274 2209 1128 2250 stehe aus göttlichen Weissagungen. Selbst
281 2234 1126 2283 wenn dieser Standpunkt richtig wäre,
278 2269 1128 2322 müßte man doch den Antisemiten darauf
279 2314 1122 2354 antworten: Wenn Gott in seiner Weisheit
284 2346 1127 2406 gerade das jüdische Volk ausgewählt hat,
281 2381 1131 2441 um aus seinem Mund zu reden, so dürfte
279 2440 1132 2476 man doch hieraus wahrlich nicht den
277 2464 1128 2512 Schluß ziehen, daß dieses Volk minder¬
281 2499 1119 2543 wertig ist. (Stürmischer Beifall.) Im
291 2539 1120 2595 Schatten der Bibel ist die ganze Literatur
284 2574 1135 2629 des Abendlandes aufgebaut, die großen
281 2612 1133 2672 Maler wurden von ihr beeinflußt. Die
294 2660 1122 2719 Sprache des Alten Testaments ist von so
294 2688 1128 2746 großer Gewalt, wie die keines zweiten
279 2730 1136 2784 Buches der Weltliteratur. Sie ist „rauh
1015 2763 1135 2811 und
291 2773 988 2820 wie ein Schlachtgesang
1023 2802 1134 2846 Die
299 2803 1011 2857 süß wie ein Erntechor“
1006 2843 1134 2888 8 u S
481 2845 924 2896 Salomos und
284 2854 455 2904 Bücher
299 2878 1134 2936 Sirach enthalten unerschöpfliche Weis¬
287 2917 1138 2977 heit; die Tragikomödie Simsons ist die
289 2956 1132 3006 erste Strindbergiade. Der Jude, der nach
301 3010 1142 3051 Jesus Christus der größte war, ist Baruch
303 3035 1145 3088 Spinoza. Er hat nicht nur eine neue
295 3068 1136 3122 Philosophie, sondern auch eine neue Reli¬
296 3107 1134 3167 gion geschaffen und wird mit seinen Ideen
292 3146 1134 3197 noch viele Generationen beeinflussen. Er
297 3188 1138 3241 hätte, wenn sein Sinn danach gestanden
293 3227 1142 3280 wäre, die größten Ehren empfangen
301 3261 1136 3327 und ein reicher Mann werden können. Aber
301 3302 1142 3352 er zog es vor, ein einfacher Hand¬
299 3337 1146 3385 werker zu bleiben, und sein Nachlaß be¬
308 3369 1153 3435 stand aus einigen alten Kleidern.
300 3415 1138 3462 Von der Habgier, die den Juden so gern
300 3452 1146 3510 angedichtet wird, ist also hier nichts an¬
299 3490 1147 3553 zutreffen. Nach Baruch Spinoza ist Hein¬
303 3525 1134 3592 rich Heine zu nennen, der neben Goethe,
297 3571 1146 3617 Mörike und Eichendorff der größte
293 3613 1138 3664 Liederdichter aller Zeiten ist.
300 3643 1143 3691 Seine Werke wurden in sämtliche Sprachen
299 3682 1149 3740 übersetzt. Er gehört zu den populärsten
305 3721 1145 3779 deutschen Dichtern, aber er mußte fern
312 3758 1142 3815 seiner Heimat im Exil enden und hat nicht
306 3795 1153 3841 ein einziges Monument in Deutschland.
305 3838 1154 3898 Aus der etwas älteren Literatur will ich
301 3873 1141 3917 nur noch den Nobel-Preisträger Paul
305 3912 1148 3961 Heyse, den unübertroffenen Novellen¬
308 3957 630 4015 dichter, nennen.
354 3986 1145 4053 Die neuere Dichtkunst weist ebenfalls
1150 86 1893 142 Prephet“ stehen auf dem Spielplan
1155 124 1901 180 aller Opernbühnen. Ebenso „Hoff¬
1154 166 1906 217 manns Erzählungen“ von Offen¬
1155 210 1912 251 bach, dessen klassische Operetten
1151 236 1908 294 gleichfalls aus den Spielplänen richt
1149 284 1909 326 wegzudenken sind. Wer kennt nicht
1149 313 1908 372 Halévys „Jüdin“ Goldmarks
1149 364 1914 400 „Königin von Saba“? Zum Schluß sei
1153 387 1908 440 unter den großen Komponisten noch
1159 437 1914 476 Gustav Mahler genannt, der auch
1161 466 1910 518 als Direktor der damaligen Wiener
1155 516 1919 558 Hofoper eine große Rolle gespielt hat.
1184 559 1950 610 Unter den zeitgenössischen Malern
1113 588 1943 645 einer der hervorragendsten ist der Jude
1115 626 1948 678 Max Liebermann. Der heute Fünfund¬
1124 669 1956 714 achtzigjährige ist Mitbegründer der Ber¬
1125 701 1958 759 liner Sezession, Mitbegründer des Im¬
1107 740 1946 805 pressionismus. Er hat sehr viel zu
1126 782 1952 836 dem Ruhm der deutschen Kunst
1115 815 1957 869 beigetragen. Nichtsdestoweniger
1123 858 1951 911 wurde er von einem Goebbels so
1121 891 1963 949 schmachvoll behandelt, daß man ihm ein
1121 928 1962 989 Dekret übersandte, durch das ihm
1129 963 1958 1019 das Malen verboten wir d. (Heftige
1121 1021 1958 1056 Pfuirufe.) Wenn man von allem anderen
1121 1041 1961 1097 absicht: Welche unglaubliche Brutalität
1121 1081 1964 1146 liegt darin, einem Mann von 85 Jahren
1129 1118 1961 1168 so viel Kränkung zuzufügen! Weitere be¬
1127 1155 1959 1216 rühmte jüdische Maler sind unter vielen
1136 1195 1968 1250 anderen Isidor Kaufmann, Jehudo
1130 1237 1711 1294 Epstein, Josef Israels.
1186 1263 1959 1316 Vielleicht noch Größeres als auf dem
1124 1318 1968 1369 Gebiet der Kunst haben die Juden in der
1136 1342 1964 1408 Wissenschaft und in der Technik
1139 1382 1963 1442 geleistet. Wir alle wissen, daß seit dem
1133 1428 1968 1482 Mittelalter eine fürchterliche Krankheit
1148 1458 1969 1516 die Menschheit peinigte: die sogenannte
1133 1500 1961 1559 „französische Krankheit“, die Syphilis. Sie
1146 1540 1974 1592 triumphierte über alle Versuche, ihrer
1135 1590 1978 1627 Herr zu werden. Bis der Jude Paul Ehr¬
1145 1612 1960 1666 lich erschien und das Salvarsan erfand.
1140 1657 1964 1704 Seit damals ist die Menschheit von der
1145 1694 1976 1744 Geißel der Lustseuche befreit. Fin anderer
1145 1738 1978 1789 ganz großer jüdischer Arzt ist Wasser¬
1144 1766 1975 1823 mann, ohne dessen nach ihm benannte
1133 1800 1972 1859 Blutprobe Paul Ehrlich vielleicht seine
1141 1846 1975 1905 große Erfindung nicht hätte machen
1141 1895 1305 1944 können.
1235 1932 1945 1983 Die Antisemiten bezweifeln ganz
1173 1975 1945 2030 besonders die technische Be¬
1180 2019 1938 2070 gabung der Juden und doch haben
1187 2055 1950 2104 die Juden gerade hier Außerordent¬
1187 2085 1942 2144 liches geleistet. Da ist u. a. zu nennen
1191 2130 1948 2182 Siegfried Markus, der als einfacher
1187 2165 1955 2223 technischer Arbeiter nach Wien kam
1189 2202 1946 2259 und doch kein Geringerer ist als der
1187 2247 1948 2299 Erfinder des Benzinmotors
1186 2280 1948 2340 und des Benzinautos. Nur war es
1187 2323 1945 2382 ihm nicht vergönnt, das Aufblühen
1193 2357 1943 2416 seiner Erfindung zu sehen. Erst be¬
1191 2393 1955 2454 trächtlich später kamen Benz und
1184 2441 1952 2496 Daimler mit dem Auto heraus. Der
1187 2471 1956 2526 tatsächliche Erfinder des
1183 2507 1948 2558 Kraftwagens ist der Jude
1195 2546 1949 2613 Siegfried Markus. Wenn wir
1185 2593 1956 2640 das Wunder des Radios bestaunen,
1186 2622 1950 2672 dann müssen wir Robert v. Liehens
1192 2658 1962 2726 gedenken, dem die Verstärker¬
1191 2697 1955 2752 röhre zu danken ist, ohne die auch
1199 2734 1962 2799 heute ein Radicempfang nicht möglich
1192 2780 1964 2824 wäre. An dem Haus der Ravag in der
1202 2818 1952 2876 Johannesgasse in Wien kündet eine
1198 2856 1960 2901 Gedenktafel den Ruhm des Juden
1201 2888 1965 2947 Robert v. Lieben, des Erfinders der
1204 2926 1963 2976 Verstärkerröhre. Unbekannt und in
1205 2970 1952 3023 Armut ist Philipp Reiß gestorben
1201 3001 1960 3057 und doch war er der Erfinder
1206 3046 1954 3090 des Telephons. Erst lange nach
1205 3077 1955 3132 ihm haben andere ausgewertet, was
1213 3123 1964 3172 er bereits in den fünfziger Jahren des
1209 3156 1867 3220 19. Jahrhunderts entdeckt hatte.
1224 3203 1996 3263 Eine andere technische Großtat, die be¬
1172 3247 1990 3309 sonders in Deutschland ausgebeutet wird,
1171 3283 1991 3342 ist das lenkbare Luftschiff. Der
1166 3320 2007 3383 Erste, der ein solches gebaut hat, war
1160 3360 1996 3412 aber nicht der Graf Zeppelin, sondern der
1171 3400 2001 3462 jüdische Holzhändler David
1173 3437 1994 3500 Schwarz, der den Sieg seiner Idee
1165 3475 1994 3525 aber nicht mehr erlebte. Erst Zeppelin, der
1176 3518 1992 3571 die Patente gekauft hat, ist damit hervor¬
1175 3541 1998 3612 getreten. Ebensowenig wie Schwarz und
1176 3589 1997 3650 Markus wird Emil Berliner gewürdigt,
1167 3631 1996 3682 der das Mikrophon und das Gram¬
1171 3668 2007 3725 mophon erfunden hat. Er hat es aber
1168 3709 1998 3753 wenigstens noch erlebt, daß ihm seine Er¬
1167 3756 2008 3797 findung Früchte getragen hat. Eine Größe
1174 3791 1999 3833 ersten Ranges ist ferner Albert Ein¬
1179 3831 2011 3878 stein. Seine Relativitätstheorte wird
1180 3866 1996 3911 heute von allen großen Physikern aner¬
1166 3913 2004 3945 kannt, man nennt ihn „der neue Newton“
1172 3937 2009 3984 Ueber 4000 Broschüren wurden über seine
1160 3989 2008 4029 Lehrsätze geschrieben. Diese Leuchte der
1966 185 2796 250 Wissenschaft wurde aus Deutschland aus¬
1966 242 2800 302 gewiesen und erst kürzlich ist man gegen
1977 285 2814 332 seine beiden Töchter gewalttätig vor¬
1974 329 2799 375 gegangen, indem man ihre Villa bei Berlin
1976 361 2814 405 enteignete und für das Hakenkreuz in Be¬
1976 407 2806 447 sitz nahm. Die Nationalsozialisten sehen
1970 440 2804 485 nicht darauf, was jemand leistet, sondern,
1969 481 2810 523 von einem Wahnsinn befallen, anerkennen
1976 520 2823 559 sie nur dann eine Leistung, wenn sie von
1973 556 2478 611 einem „Arier“ herrührt.
2052 615 2772 661 Unbestreitbare Tatsache ist, daß die
2014 663 2778 700 Juden in allen Ländern und auf allen
2007 694 2773 742 Gebieten Hervorragendes geleistet
2016 742 2766 777 haben. Nur wird es immer wieder
2020 765 2779 812 verschwiegen. Von den zwei
2021 802 2770 851 Milllarden Menschen, die es auf der
2011 855 2776 891 Erde gibt, sind nur 17 Millionen Juden;
2009 892 2766 924 das ist lange kein ganzes Prozent.
2012 917 2778 979 Aber von den 170 Nobel-Preisträgern
2020 1072 2741 1164 OBERSETZUNGEN
2228 1155 2743 1219 AUS ALLEN SPRACHEN
2233 1200 2736 1266 IN ALLE SPRACHEN
2435 1283 2741 1362 DEMAN
2045 1363 2487 1448 FISCHHOF 3
2031 1443 2734 1506 BEIM HOHEN MARKT: „ANKERUHR“
2035 1493 2742 1567 TELEPHON: U-20-7-14, A-43-8-63
2039 1681 2786 1747 sind 19 Juden, das sind 12 Prozent.
2037 1733 2796 1784 Aber noch ganz anders verschiebt sich
2043 1777 2790 1814 diese Statigtik zugunsten der Juden,
2042 1808 2798 1851 wenn man Deutschland betrach¬
2038 1848 2800 1898 tet. Dort kommen auf über 60 Mil¬
2035 1878 2806 1942 lionen Einwohner 550.000 Juden. Aber
2044 1920 2802 1969 unter den 34 deutschen Nobel-Preis¬
2034 1953 2797 2014 trägern befinden sich 11 Juden, das
2037 1989 2806 2052 sind nicht weniger als 33 Prozent!
2500 2032 2804 2085 deutschen
2040 2038 2475 2085 Wahrlich, die
2048 2067 2802 2134 Juden haben viel zum deut¬
2043 2117 2804 2167 schen Anschen beigetragen!
2040 2143 2805 2202 Zum Dank werden sie verfolgt, miß¬
2053 2183 2810 2241 handelt, ihrer Menschenwürde beraubt.
2063 2230 2853 2299 Als die Emisskre des Hakenkreuzes sich
2012 2287 2840 2345 in Oesterreich breitmachen wollten, war
2011 2322 2849 2383 die Harand-Bewegung eine der ersten, die
2002 2368 2842 2425 aufgestanden ist und erklärt hat, es wäre
2005 2414 2840 2457 eine Niedertracht, Menschen zu verfolgen,
2017 2436 2856 2501 weil sie von einer jüdischen Mutter geboren
2019 2478 2848 2541 wurden. Sie wird nicht rasten, sondern
2023 2515 2852 2575 weiter die Massen aufklären, daß die
2008 2554 2853 2620 jüdischen Mitbürger nicht anders sind als
2029 2590 2852 2653 die Christen. (Lebhafte Bravorufe.) Die
2023 2632 2860 2694 Juden sind wahrlich nicht besser, sie sind
2019 2666 2855 2726 aber auch nicht schlechter als wir. Die An¬
2009 2702 2854 2772 hänger der Harand-Bewegung kennen nur
2013 2740 2862 2799 einen Unterschied zwischen den Men¬
2024 2780 2866 2842 schen, den zwischen Anständig und Un¬
2025 2826 2722 2881 anständig. (Stürmische Bravorufe.)
2069 2862 2865 2927 Es müssen immer neue Kämpfer zu uns
2023 2910 2863 2970 stoßen, die sich gegen das Hakenkreuz
2027 2949 2859 3001 wenden; einer soll dem anderen die Bruder¬
2019 2986 2862 3046 hand reichen, es trennt uns nichts,
2024 3017 2862 3080 nur die Demagogie und Gemein¬
2021 3059 2868 3116 heit von Führern, die sich große Posi¬
2029 3095 2868 3160 tionen schaffen wollten. (Stürmischer
2028 3151 2196 3202 Beifall.)
2079 3179 2867 3247 Die Harand-Bewegung kämpft
2013 3222 2862 3277 für Wahrheit und Gerechtigkeit. Helfen
2019 3260 2863 3320 Sie mit, daß sie bald ihr Ziel er¬
2021 3295 2866 3362 reicht! Wahrheit und Gerechtigkeit sind
2019 3340 2869 3390 das Notwendigste, das wir brauchen, um
2025 3375 2867 3435 wirklichen Frieden anzubahnen und zu be¬
2022 3415 2873 3468 festigen. Werden auch Sie Streiter und
2028 3464 2864 3504 Kämpfer in unseren Reihen. Kämpfen Sie
2019 3491 2866 3552 mit für den wahren Frieden! (Brausender,
2025 3534 2502 3594 minutenlanger Beifall.)
2085 3580 2870 3621 Nachdem sich der minutenlange, stür¬
2026 3616 2870 3666 mische Beifall gelegt hatte, ergriff Doktor
2034 3650 2868 3715 Wolf das Wort, der wiederholt durch Bei¬
2025 3691 2876 3742 fall unterbrochen wurde. Die Rede des
2023 3727 2884 3784 Dr. Zalman wurde mit großem Beifall
2026 3778 2870 3811 aufgenommen. Leider können wir aus
2031 3796 2881 3858 Platzmangel nicht alle Reden wiedergeben.
2036 3847 2876 3891 Wir heben bloß noch hervor, daß eine aus¬
2035 3889 2874 3934 gezeichnete Stimmung bis zum Schluß der
2035 3920 2877 3964 Versammlung herrschte, die erst nach
2027 3963 2493 4010 10 Uhr zu Ende war.
