3204 4320
2473 172 2897 299 —.—.—
1593 174 2351 298 —.—
1094 246 1574 366 box 40/6
151 249 949 374 0. Antisenitism
1572 531 1734 711 □
626 693 3111 849 sie sagen wir wvollen keinen Juden, und ein Gegenstand der Abneigung lasst
634 843 2874 952 sich nicht durch Aufdringlichkei“, sondern wenn es möglich durch
646 971 2867 1079 stilles bescheidenes Zurücktreten besiegen.-Anders steht es mit
637 1075 2472 1176 der reichen, mit der begüterten hierarchischen Klasse.
635 1182 2866 1290 Der eigentliche Grund der Verfolgung von Juden und Priestern ist
630 1276 2897 1377 ein und derselbe, es ist kein anderer als ein commistischer. Die
639 1427 3108 1510 Säckel sind geleert. Alles braucht Geld, der Staat die Privat-Institute,
647 1497 2865 1630 jeder Einzelne, aber woher nehmen, wer hat Geld? Die Juden, sagen
643 1627 2928 1717 die einen, die Geistlichen sagen die anderen, Aber man schüut sich
638 1727 2918 1843 das Kand bei Nahmen z nennen, man nimmt eine Maske, und hülit da,
645 1847 2841 1968 wo Judenverfolgungen statt finden, sein Beginnen in den Domino
648 1935 2934 2038 des Glaubenshasses bei den Geistlichen in eine Sühne für geführten
643 2062 2895 2158 unmoralischen Lebenswandel.- Natürlich sind beide Masken so dünn,
654 2166 3032 2252 so fadenscheinig, dass man nicht lang auf der Lebensredoute herein zu
644 2254 2835 2392 spazieren braucht, um den Tonangebern einlich kenne dich Maske“
648 2379 2896 2474 entgegen zu rufen. Es ist wahr, es gibt keine plausiblere Ausrede,
647 2479 2990 2579 aber sie wäre immer traurig genug, wenn sie nicht zu gleich tragisch
668 2611 2898 2712 komisch wäre, denn die Gestalt ist unter der Hülle verschwunden.
636 2700 2931 2821 Der Hass gegen die Juden hat es verhindert dass sie wirklich reich
646 2823 2898 2922 geworden. Das klingt barok, partheyisch soll ein Schutz gegen die
642 2946 3053 3030 Kassen der Juden sein. Nichts von dem allem, es ist die reine Nahrheit
648 3043 2899 3116 ver ist reich? der Liegenschaften besitzt, der Nerthschaften hat,
644 3157 3012 3271 die unter allen Verhältnissen Nerth behalten. Häuser, Viesen, Acker
640 3256 2950 3385 Bergwerke, Gold, Ferlen, Diananten können nie ganz entwerther. Die
640 3350 2840 3476 ersteren zu besitzen verboth den Juden ein liebloses Gegetz das
649 3493 3094 3607 letztere zu kaufen ihr eigener Spekulationsgeist. Dukaten und Edelsteine
640 3555 3002 3696 tragen nichts, sind ein fressendes Kapital, aber Papiere, Papiere die
654 3688 2964 3804 tragen von 4 Perzent aufwärts bis 12.Darum findet man in den Kassen
631 3838 2831 3952 der Juden, so wie in dener ihren chri tlichen Kollegen Papiere,
