3344 4352
1087 230 1568 354 box 40/6
144 233 947 358 0. Antisenitism
457 901 742 1024 K
850 932 996 1027 4
1144 904 2301 1039 e
421 995 1029 1070 Das Blatt wird sämtlichen Mitgliedern
2251 1002 2865 1072 Bestellungen auf das Blatt sind zu
428 1056 1036 1111 der Jüdischen Gemeinde zusestellt.
2250 1060 2866 1108 richten: a) für Gemeindemitslieder
420 1083 1039 1138 Für Nichtmitglieder beträgt der
2258 1092 2853 1137 an den Vorstand der Jüdischen Ge¬
1015 1040 2257 1186 der Jüdischen Gemeinde zu Berlin
433 1115 1028 1167 Bezugspreis jährlich Mk. 6.— für die
2261 1129 2869 1181 meinde, Berlin N 24, Oranienburger
431 1162 1036 1202 einfache Ausaabe, bzw Mk. 12.— für
2252 1165 2862 1217 Straße 29; für Nichtmitglieder an
426 1184 1030 1243 die Kun idruckausgabe. Das Blatt
2253 1194 2851 1234 den Verlag Ou und Weit, Leo Winz,
1074 1164 2216 1271 Amtliches Organ des Gemeindevorstandes
425 1223 1039 1278 erscheint am 1. Freitag jed. Monats
2250 1233 2857 1281 Berlin-Charlbg. 2, Knesebeckstraße 32.
424 1305 726 1391 22. Jahrg.
1384 1309 1897 1388 AUGUST 1932
2662 1311 2857 1390 Nr. 8
1032 1468 2268 1583 Antisemitismus und deutsche Kultur
1403 1553 1898 1657 Von Rudolf Kayser
656 1619 1637 1706 Zivilisation ist die Vermenschlichung der Völker in
1646 1621 2855 1717 alten ethischen, religiösen und geistigen Kräfte des jü¬
587 1679 1638 1744 ihren äußeren Einrichtungen und der darauf Bezug haben¬
1636 1709 2854 1770 dischen Wesens einströmen zu lassen. Diese Selbst-Eman¬
601 1732 1637 1790 den inneren Gesinnung. Kultur fügt dieser Veredelung
1644 1759 2865 1845 zipation bedeutet also die Befreiung des edelsten Juden¬
596 1773 1637 1844 des gesellschaftlichen Zustandes Wissenschaft und Kunst
610 1808 751 1872 hinzu.
1118 1808 1585 1880 Wilhelm von Humboldt.
1640 1802 2873 1894 tums zur schöpferischen Anteilnahme am Lebendes
1649 1861 2872 1940 Landes und der Zeit. Während die staatsbürgerliche
975 1859 1081 1941 I.
1641 1910 2868 2000 Emanzipation die Befreiung von alten Fesseln ist, stellt
478 1915 1626 2010 Das 19. Jahrhundert ist das Zeitalter der Emanzi¬
1640 1968 2864 2057 die Selbst-Emanzipation die Befreiung zu neuen Zielen
415 1994 1630 2063 pation, wie das 18. Jahrhundert das Zeitalter der Auf¬
1649 2023 1772 2106 dar.
423 2057 1641 2116 klärung ist. Diese Emanzipation vollzieht sich auf allen
1707 2046 2873 2152 An beiden Emanzipationen entzündet sich der Anti¬
412 2113 1630 2181 Lebensgebieten mit großer Leidenschaft. Am Ende steht
1634 2150 2870 2198 semitismus. Die staatsbürgerliche und soziale Gleich¬
423 2160 1622 2230 die Uberzeugung einer wirklichen Überlegenheit gegen¬
1640 2193 2867 2257 berechtigung ist allen Anhängern der alten ständischen
416 2216 1637 2264 über den früheren Zeitaltern, die im Schatten trüber
1636 2227 2863 2318 Oreinung ein Dorn im Auge; denn'sie bedeutet die Be¬
431 2269 1636 2325 Vorurteile und tiefer Unfreiheit gelebt hatten und sich
1640 2281 2885 2366 seitigung eines der ältesten, gewohntesten und liebsten
414 2322 1640 2398 der hohen Aufgabe der Vermenschlichung und Befreiung
1635 2348 2886 2436 Privilegien: deuden, der im Ghetto wie in einem Käfig
425 2366 1646 2460 dher Völker in ihren Einrichtungen und Gesinnungen nicht
1638 2388 2868 2479 Veingesperrt lebt, verächten und bgleidigen zu durien.
419 2420 1636 2488 bewußt waren. Mit welcher Verachtung spricht man im
1641 2450 2871 2520 Wie der Aristokrat auf den Bürger, so sehen Aristokraten
420 2470 1628 2543 19. Jahrhundert vom „dunklen Mittelalter“: da in ihm
1637 2507 2867 2568 und Bürger auf den Juden herab, der im Dunkel lebt
416 2535 1627 2594 Aberglauben, Hexenprozesse, Folter und Glaubenskriege
1647 2557 2871 2612 und nur verachtete Berufe ausüben darf. Selbst Karl
420 2579 1644 2660 herrschten. Für den Menschen des 19. Jahrhunderts, ist
1635 2609 2847 2676 Marx, der bei seinem Befreiungskampf für die Arbeiter¬
416 2638 1643 2687 das Mittelalter eine so überwundene Vergangenheit, daß
1644 2665 2864 2718 schaft vom tiefsten religiösen Ethos beseelt ist, verwech¬
419 2689 1628 2762 er die Großtaten des mittelalterlichen Geistes darüber
1631 2709 2864 2782 selt das Judentum mit dem Shylokgeist, der erst das
421 2747 1636 2809 fast vergißt. Das Zeitalter der Emanzipation will den
1632 2767 2859 2846 Produkt des Ghettos ist. In seinem Haß gegen die Macht
422 2800 1631 2858 Geschichtsprozeß der Befreiung vollenden, wie er mit der
1644 2823 2865 2886 des Geldes, die gerade in dieser Zeit des Frühkapitalismus
419 2853 1630 2900 Renaissance und ihrem individualistischen Glauben be¬
1644 2883 2847 2944 immer größer wurde, verstieg er sich bis zu der Behaup¬
413 2888 1640 2976 gonnen und sich dann als die immer mehr wachsende,
1643 2921 2861 2997 tung: „Die Juden haben sich insoweit emanzipiert, als
419 2965 1630 3038 als die umfassende Befreiung des nationalen, religiösen,
1639 2982 2866 3064 die Christen zu Juden geworden sind“, Ein Antisemitis¬
415 3007 1511 3083 moralischen und sozialen Lebens fortgesetzt hat.
1641 3026 2856 3102 mus aber, der sich auf diese Reste der Ghettovergangen¬
477 3079 1630 3149 Zu dieser umfassenden Befreiung gehört auch die
1642 3083 2851 3159 heit stützt, statt zu erkennen, daß die wahre Emanzi¬
1634 3154 2867 3217 pation sie beseitigen wird und muß, ist — nach einem
414 3143 1623 3214 Judenemanzipation am Beginn des 19. Jahrhunderts.
1635 3193 2871 3246 Worte von Engels — der Sozialismus der dummen Kerle.
422 3203 1640 3267 Sie bedeutet Doppeltes: sowohl die staatsbürgerliche
1639 3246 2857 3307 Dieser Antisemitismus gilt also nicht der Rasse und nicht
421 3248 1630 3318 Gleichstellung wie auch die jüdische Selbst-Emanzipation.
1646 3302 2858 3359 der Religion, sondern den häßlichen Folgeerscheinungen
412 3298 1630 3364 Beide ergeben ein völlig neues Bild des jüdischen Lebens.
1638 3356 2856 3435 eines sozialen Schicksals, das erst durch die vollzogene
407 3355 1636 3413 Durch die staatsbürgerliche Gleichstellung (die allerdings
1647 3405 2859 3465 Emanzipation gewandelt werden kann und zum guten
412 3392 1642 3477 in der Monarchie praktisch nie völlig durchgeführt wurde)
1639 3460 2860 3525 Teile auch gewandelt worden ist. Bereits heute — wäh¬
415 3474 1630 3535 wird der Jude gleichberechtigtes Mitglied des gesell¬
1626 3525 2861 3585 rend einer furchtbaren Renaissance des Antisemitismus
417 3517 1638 3581 schaftlich-politischen Verbandes, den der Staat darstellt.
1637 3564 2861 3637 — erleben wir es, daß dieser soziale Antisemitismus, der
415 3567 1645 3633 Man weiß, wie gerade in der ersten Zeit der Emanzipation
1632 3620 2862 3678 gegen die „jüdische Geldgesinnung“ ankämpft, zwar
405 3624 1632 3684 der Jude bestrebt ist, diese Gleichstellung möglichst in
1641 3671 2862 3738 keineswegs verschwunden ist, aber doch zurücktritt hinter
417 3676 1635 3739 völlige Gleichheit mit seinen Mitbürgern zu verwandeln.
1642 3737 2854 3796 dem Kampf mit entgegengesetztem Vorzeichen: dem
425 3732 1636 3800 Vollständige Assimilation, wie sie sich in der vor hundert
1637 3779 2864 3840 Kampf gegen den „jüdischen“ Marxismus, Sozialismus
418 3783 1629 3840 Jahren herrschenden Taufepidemie zeigt, wurde das miß¬
1641 3834 2862 3898 und Kommunismus. Wenn der Jude also nicht mehr
419 3831 1633 3904 verstandene Ziel dieser Emanzipation. Das andere Ziel
1643 3880 2863 3950 ausschließlich die Verkörperung brutaler Geldgesinnung
408 3880 1640 3953 aber ist die Uberwindung aller engen Mauern, die die
1639 3941 2866 4012 ist, sondern auch der Führer im Kampf gegen sie, so ist
422 3935 1642 4014 Unfreiheit der früheren Jahrhunderte um die Juden
1648 3996 2859 4061 er schließlich nicht mehr der selbe Jude, den der junge
416 3994 1646 4061 gebaut hatte. Es herrscht der Wunsch, Teilhaher des
407 4035 2866 4134 lebendigen Geistes der neuen Zeit zu sein und in ihn die Marx meinte, als er erklärte: „Die Emanzipation vom
