3392 4320
353 120 1255 173 gangsformen des S. Fischer=Verlages dürfte
345 157 1247 212 durch die Gleichschaltung keine Aenderung
345 209 1249 270 eingetreten sein. Aber diese Umgangsformen
349 236 1266 313 sind natürlich andere gegenüber abhängigen
345 301 1258 359 und noch nicht arrivierten Autoren oder ge¬
343 348 1260 396 genüber jenen Männern, die jetzt auch in den
347 391 1254 459 erfahrenen und konjunkturstcheren Augen
353 437 1255 502 Sami Fischers Deutschlands Erretter aus
351 489 1259 548 tiefer intellektueller Schmach sind. Die Zei¬
349 530 1266 605 ten jenes schandbar und weichlich literari¬
350 581 1267 660 schen Deutschland haben freilich Sami
352 644 1262 706 Fischers großes Vermögen erbracht und die
352 697 1259 760 Massenauflagen seiner Bücher wurden von
356 741 1269 805 einem Publikum gekauft und gelesen, dem
347 800 1259 857 jetzt der Entdecker Schnitzlers und Alten¬
353 848 1263 917 bergs selbst einen beneidenswert ungenier¬
357 894 801 970 ten Fußtritt versetzt.
435 947 1266 1019 Es ist nämlich in der Tat geschehen und
352 1011 1265 1064 es muß die Herren Goering und Goebbels
344 1055 1259 1123 ein heroisches Gelächter gekostet haben, daß
349 1115 1266 1168 der Verlag S. Fischer seine neue Saison mit
346 1153 1268 1227 einem Nazibuch eröffnete. Die Ueberraschung
362 1198 1261 1269 ist eine mehrfache, denn dieses Buch stammt
360 1241 1269 1316 aus der Feder Heinrich Hausers, eines der
357 1305 1264 1373 jüngeren und zweifellos in farbiger und
354 1343 1269 1422 spannender Art begabten S. Fischer=Auto¬
352 1397 1265 1472 ren. Es heißt „Ein Mann lernt fliegen" und
357 1453 1267 1519 ist zum Befremden aller bisherigen Heinrich
358 1501 1269 1573 Hauser=Leser von Geschmack und Kultur mit
356 1555 989 1637 folgender Widmung ersehen:
495 1614 1263 1696 „Hermann Goering, dem ersten deut¬
392 1678 1131 1749 schen Luftfahrtminister, Sieg Heil!
824 1724 1205 1810 Heinrich Hauser.“
447 1810 1272 1883 Das druckt Sami Fischer und setzt es
359 1871 1270 1938 devotest in Umlauf. Damit ist die Existenz¬
366 1899 1278 1982 frage des S. Fischer=Verlages allerdings
362 1965 1271 2044 wenigstens vorläufig bereinigt. Eine Sicher¬
372 2011 1269 2085 stellung gibt es bekanntlich bei noch so
362 2045 1282 2130 vielen Bücklingen und Entwürdigungen für
355 2111 1275 2185 Bürger des Dritten Reiches, die den un¬
356 2149 1272 2235 bestreitbaren Vornamen Samuel führen,
370 2209 1275 2276 nicht. Der Verlag S. Fischer hat zu viel auf
370 2252 1281 2339 dem Kerbholz, zu viel Geist, zu viel geistige
370 2306 1281 2369 Gesinnung, zu viel Würde und zu viel
372 2351 1279 2429 wahre wirklicher und jenseits jeder Art
369 2400 1281 2460 und Entstellung von Gesinnung unabhängi¬
373 2453 1280 2524 ger Dichter. Das hätte sich Sami Fischer
371 2499 1273 2572 eben vor dreißig Jahren überlegen müssen,
365 2552 1280 2613 damals, als er die historisch gewordenen
375 2604 1282 2662 Worte sprach, er werde zehn oder fünfzehn
367 2644 1276 2713 junge Autoren verlegen und das Risiko so
374 2685 1287 2769 manchen vermutlichen Defizits gern auf sich
372 2714 1294 2813 nehmen, denn unter diesen zehn oder fünf¬
377 2790 1286 2871 zehn jungen Schriftstellern werde einer
378 2835 1291 2917 zweifellos das große Erfolgsbuch schreiben.
469 2876 1294 2966 Es war nicht einer, das muß man
381 2928 1292 3020 Sami Fischer lassen, es war gleich ein
382 2997 1286 3071 halbes Dutzend. Es war Sami Fischer, der,
374 3031 1290 3107 als man ihm die ersten „Skizzen“ Peter
383 3090 1295 3154 Altenbergs einschickte, sofort deren großen
377 3137 1290 3207 persönlichen Zauber eigentlich abseits jeder
382 3163 1302 3259 geschäftlichen Berechnung erkannte. Es war
384 3245 1287 3312 Sami Fischer, der zäh und zielsicher an
378 3277 1292 3360 Gerhart Hauptmann, an Hugo Hofmanns¬
381 3332 1288 3410 thal über jede Schwankung und über jede
375 3363 1300 3441 Schmähung hinweg festhielt. Drei Jahr¬
386 3416 1297 3506 zehnte hindurch hat er immer wieder
386 3467 1297 3542 Dichter entdeckt und durchgesetzt. Die Treue
376 3526 1298 3604 zu seinen Dichtern freilich hat sich im Laufe
380 3574 1293 3644 dieser Zeit erheblich gelockert. S. Fischer¬
387 3592 1302 3701 Autoren, was früher undenkbar gewesen
388 3673 1304 3742 wäre, fielen sehr oft von ihrem Verleger
386 3716 1294 3790 ab, zogen bessere Bedingungen und offen¬
381 3750 1299 3840 bar auch subtileres Zartgefühl vor. Man
385 3819 1297 3894 hielt diese auffallend betonte, energisch
382 3865 1300 3931 muntere Sachlichkeit, mit der Sami Fischer
384 3898 1306 3979 und sein Sachwalter in der letzten Zeit ohne
388 3943 1304 4027 lästigen Gefühls= und Freundschaftsballast
391 3998 1301 4082 auszukommen versuchten, im Grunde nur
396 4061 1304 4133 für eine Alters= und typische Erfolgs¬
392 4101 1329 4161 erscheinung In Wahrheit war das längst 1
2629 56 2965 144 S
1273 66 2149 146 # Leschelgeen
2156 124 3060 194 gesperrt und dem Andenken seiner großen
1267 125 2163 200 Tod hat manche dieser Beziehungen und
1279 191 3054 240 Verpflichtungen gelöst und die meisten] Dichter wenigstens die Treue des Schwei¬
1260 223 3031 285 übrigen löst nun der rasche und offenbar gens gehalten. Ludwig Ullmann.
1451 296 1548 366 □
