3276 4068
327 99 402 171 3.
458 97 794 171 Sterben
461 161 794 211 0
967 104 1311 191 box 1/2
903 345 989 400 —
913 370 1766 439 Home 10t: ni descriptions, ni
916 434 1777 485 tirades; pas mème un dialogue; une
922 480 1769 544 plainte, un cri, et c’est tout. II est vrai
914 536 1775 613 que cette plainte est si profonde, ce cri
922 587 1777 648 si déchirant, que les discours les plus
959 698 1770 758 Donc, Félix vient d’être condamné:
916 746 1763 809 iln'aplus qu'un an à vivre. Tout d’abord,
911 803 1763 867 il doute, il se laisse bercer par l’espol;
918 855 1770 921 il se sent encore une et fort; il veut
914 909 1767 964 vivre! Marie et Alfred l’entourent de
910 972 1768 1028 tant de soins, de distractions, de cäline¬
915 1013 1762 1071 ries, lui montrent des visages si joyeux.
920 1072 1771 1130 qu'il en oublie presque son mal. Mais ce
923 1123 1768 1188 mal n’est pas de ceux qui se laissent
920 1187 1770 1243 oublier: bientôt une lassitude, une
912 1229 1770 1306 sucur froide, un accès de toux, le coup
918 1284 1783 1345 sourd della donlenr, Lavertissent à des
917 1341 1770 1406 intervalles de plus en plus rapprochés,
922 1388 1765 1453 que les jours s’écoulent et que le terme
918 1450 1767 1503 approche. Maintenant ce n’est plus une
915 1493 1765 1553 année, ce n’est que huit mois, six mois
909 1530 1773 1629 II faut commencer à compter par se¬
918 1598 1406 1672 maines et par jours
967 1659 1769 1718 Alors tout s’embrume et s’enténèbre
919 1709 1761 1777 en lui et autour de lui. Avec l’espoir
912 1759 1762 1827 tout s’en va: joie, amour, résignation,
917 1815 1764 1874 reconnaissance; les soins mèmes dont
917 1875 1766 1931 sa deuce Marie l’entoure ne lui arra¬
916 1920 1766 1993 chent plus un sourire, un regard de
907 1972 1766 2040 gratitude. II la soupçonne de l’oublier,
911 2028 1774 2093 de se fatiguer de lui, de soupirer après
919 2078 1772 2142 sa mort. Son ceil défiant épie tous les
917 2139 1763 2202 mouvements de cette jeune femme lasse,
909 2200 1758 2249 et chachne de ses paroles est un mol
896 2224 1766 2304 biessant#-ijiiste, amer. II ne peut se
917 2295 1756 2353 passer d’elle et sa présence mème n'al¬
914 2344 1760 2410 lege pas le mal dont il souffre. II lui
921 2395 1766 2460 vient une envie irrésistible et féroce:
910 2458 1760 2514 cest de ne pas mourir seul, c’est del’en¬
919 2506 1757 2573 trafner avec lui dans la mort, de l’im¬
914 2559 1756 2628 moler, de son dernier geste crispé d’ago¬
922 2616 1073 2689 nisant.
949 2655 1753 2736 A cette douleur lancinante, aigué
1157 2877 1517 2958 A TRAVERS
956 2959 1696 3101 LA PERSEE FRANChI
962 3127 1768 3210 M. Gide dit à l’homme: & Tu travailles,
922 3199 1762 3261 travaille bien. Pour que ton travail t’en¬
919 3240 1761 3299 noblisse, toi d’abord ennoblis-le, en en
925 3287 1763 3342 faisant un sernice, un libre travail au ser¬
927 3350 1770 3406 vice des hommes. En réalité, sans que tu
915 3393 1757 3454 ypenses, tout ton travail est uin service.
927 3435 1760 3501 une peine prise pour antrui. Désormais,
922 3486 1766 3533 sache cela et veuille cela, joyensement. 5
917 3533 1649 3584 L’idée, certes, est profonde et belle.
973 3581 1756 3643 M. Zola, lui aussi, a son idée sur le tra¬
927 3634 1765 3683 vail, et comme il se sent directeur de
926 3674 1758 3739 conscience au milien de son peuple, i1 1’a
926 3729 1761 3782 dite et tres haut. C’élait en 1893, au ban¬
928 3778 1757 3835 quet de l’association des étudiants. Le dis¬
926 3821 1770 3878 cours vient d’étre publié ces jours-ci avec
921 3874 1754 3940 la réplique indignée et cinglante de Tols¬
918 3920 1755 3974 tol. Ou sait que M. Zola n’arporte pas
2367 312 2654 410 — aungsttunos
1820 342 2483 416 mes en droit d’attendre de lui.
2217 422 2595 491 Samuel Cornut.
1825 552 2659 668 Bulletin de I’Rtranger
1861 676 2659 751 Notre collaborateur San-Gil a déjä re¬
1821 736 2660 797 levé hier le bizarre article de M. Georges
1824 795 2661 852 Thiébaud sur Prague. M. Thiébaud, ayant
1821 839 2670 898 récemment découvert la capitale de la Bo¬
1828 899 2657 968 hème, s’est avisé que la France n’y avait
1814 951 2664 1015 pas de consul. Un voyageur ordinaire
1818 1014 2656 1065 aurait recherché tranquillement la cause
1816 1060 2662 1120 de ce fait anormal, et le premier venu des
1825 1119 2662 1178 habitants de Prague la lui aurait indiquée.
1826 1161 2657 1223 Mais M. Thiébaud napas besoin de faire
1819 1218 2653 1290 une enquéte; il aune réponse toute préte:
1822 1267 2509 1340 & O’est la faute des protestants! 5.
1838 1329 2658 1383 Jamais cette réponse n’a été moins ap¬
1817 1369 2660 1438 propriée. M. Thiébaud, qui s’étonne que
1820 1428 2657 1499 la France n'ait pas de consul à Prague,
1828 1482 2659 1545 gnore probablement que l'Allemagne et
1821 1524 2664 1600 la Russie n’en ont pas non plus,et que le
1818 1577 2665 1655 seul agent consulaire étranger autorisé
1814 1633 2659 1707 par le gouvernement austro-hongrois, est
1816 1691 2226 1766 celui des Etats-Unis.
1857 1746 2663 1819 La raison de se fait est bien simple: la
1812 1798 2654 1868 Bohème n’a encore ni existence indé¬
1819 1847 2662 1927 Fendante, ni unité nationale; deux millions
1819 1915 2667 1991 d’Allemands, plus de trois millions de
1826 1961 2658 2028 Tchéques s’y disputent la prépondérance.
1817 2013 2658 2092 Dans la capitale, ils forment deux sociétés
1817 2078 2662 2133 nettement séparées. Supposons un consu¬
1814 2117 2671 2189 lat allemand à Prague, il deviendrait un
1814 2178 2667 2248 des points de ralliement de la société alle¬
1814 2230 2672 2303 mande. Au contraire, lesTchegues se
1820 2284 2663 2341 grouperaient naturellement autour des
1802 2341 2653 2405 présentants de la Russie et de la France
1859 2401 2665 2463 Et voilà pourquoi le gouvernement
1809 2452 2647 2510 austro-hongrois, qui n’est pas protestant
1814 2498 2609 2567 que nous sachions, a mis Prague
1814 2560 2655 2614 & l'’interdit diplomatiques qui surprend si
1799 2609 2656 2678 fört M. Thiéband. M. Thiébaud füt-il Jui¬
2625 2650 2671 2714 il
1804 2665 2606 2745 mème ministre des affaires étrangères,
1848 2848 2654 2946 Le traveil est tout, peut tout:cll est l’uni¬
1817 2935 2663 2982 que loi du monde; la vie n’a pas d’autre rai¬
1823 2971 2667 3027 son d’être; nous n’apparaissons chacun que
1814 3010 2657 3052 pour donner notre somme de labeur et dispa¬
1827 3051 2659 3094 raitre. 9 — . On dit au peuple de regarder en
1821 3081 2662 3134 haut, de croire à une puissance supéricure, de
1828 3121 2661 3168 s’exalter dans l’Idéal. Non, non, cest un lan¬
1818 3167 2665 3219 gage qui, parfois, me semble impie. Le seui
1828 3202 2550 3259 peuple fort est le peuple qui travaille.
1865 3240 2667 3293 g leunesse, 6 jeunesse, mettez-vous donc à
1826 3275 2655 3327 ia esogne. Quand vous aurez réglé votre täch¬
1820 3313 2661 3371 sans surmenage, elle vons fera vivre en santé
1830 3359 2664 3402 eten joie, elle vous délivrera du tourment de
1831 3391 2663 3460 infini.. Un homme qui travaille est toujours
1822 3428 1937 3485 bon 2
1861 3463 2656 3536 Voild done M. Zola fondateur d’une re¬
1822 3523 2661 3584 ligion nouvelle, la religion du travail. Elle
1821 3576 2662 3627 délivre de toute faiblesse, de toute souf¬
1815 3618 2650 3692 trance, mais surtout de., l’Idéal. Or
1820 3668 2653 3747 comprend que M. Zola fut bien celui quf
1817 3716 2357 3780 devait la porter au monde.
1860 3760 2650 3822 L’autre fondateur de religion dans ce
1816 3816 2649 3875 siècle, la religion de la douleur humaine
1820 3873 2651 3928 et de la pitié, l’étrange et noble Tolsto)
1816 3915 2661 3970 s’est éma, il a élevé le verbe, et de très
2704 284 2924 353 Gsoonjaeat
2757 331 2949 390 iber anod
2716 351 2960 422 et au Cemn
2719 408 2934 465 aprés-midi
2720 453 2942 522 Vingts. M.
2716 490 2963 570 arrivée à ½
2718 549 2968 624 fet de la, Sez
2717 595 2959 666 seil munici
2722 652 2941 712 pice et les
2715 699 2961 762 Chevallerea,
2725 751 2961 809 services. L
2725 797 2960 862 visité l’étal
2720 846 2982 919 dances, félig
2720 893 2936 958 de charité
2957 915 2987 958 u
2721 943 2938 1008 prodiguent
2958 959 2989 1010 +
2725 989 2922 1057 retirer M.
2927 1036 2956 1095 b
2717 1039 2916 1101 de vouloir
2728 1093 2923 1157 dhonneur
2934 1079 3004 1169 □
2715 1140 2913 1207 égalemont
2718 1192 2943 1254 pensionnair
2714 1237 2905 1305 puis le 1“
2911 1218 2968 1301 4
2970 1275 3037 1335 91
2747 1286 2942 1346 Erqnitte
2984 1330 3027 1374 90
2712 1326 2947 1384 le président
2974 1365 3029 1413 181
2932 1371 2962 1435 9
2718 1368 2891 1430 à l’Ecole
2986 1406 3020 1462 1
2722 1419 2931 1478 et ou sont
2714 1466 2932 1532 Félix-Faur
2981 1481 3041 1544 6.37
2717 1515 2946 1584 don, direct
2988 1536 3044 1594 041
2711 1569 3048 1639 sonnel de Lspit
2716 1623 2912 1686 s est très
2914 1620 3037 1682 GIl.
2709 1663 3050 1734 spécial, utihpp.
2711 1712 3045 1782 jeunes aveubo 9
2723 1749 3043 1823 ensuite 1##
2936 1801 3046 1856 Sen
2727 1813 2975 1875 par les curie
2979 1846 3058 1898 n
2716 1860 3059 1944 sement. Dason
2715 1904 3079 1978 président dezuo
2721 1964 2952 2019 une somme
2719 1996 2952 2074 quelques do
2760 2119 2926 2228 LINS
2761 2249 2953 2312 Le gouven
2724 2298 2946 2359 a nouvelle
2712 2344 2953 2407 l’on devaitt
2711 2390 2954 2459 Cuba. Les p.
2761 2492 2950 2556 On se pré
2708 2538 2959 2604 prochaine d
2710 2590 2934 2651 nomination
2716 2631 2949 2701 dérée par 1'
2714 2683 2939 2759 dangereux
2718 2884 2929 2949 meme de st
2716 2937 2879 2988 nuisible.
2885 2937 2947 3005 V0
2722 2977 2906 3033 est inutile
2935 2972 3154 3047 #nase C
2718 3013 2898 3065 Auandez
2727 3054 2946 3112 écoutent pa
2720 3090 2959 3146 etes à votre
2715 3130 2936 3195 le temps? J
2723 3171 2945 3223 vail natter
2721 3208 2946 3260 quotidien ab
2722 3248 2933 3296 à construire
2716 3284 2945 3341 sition de Ch
2715 3322 2931 3386 à faire des
2760 3364 2944 3435 Et Tolst
2721 3420 2947 3481 notre civili
2715 3480 2934 3529 une (uvre
2723 3516 2910 3575 Sarréêter:
2755 3578 2934 3631 & Au nom
2720 3616 2936 3674 Cessez de tr.
2709 3656 2916 3712 pensez à ce
2732 3697 2931 3756 riez étre
2762 3735 2921 3808 Atraver
2719 3777 2931 3859 puissant d.
2773 3842 2929 3911 la religi
2718 3895 2917 3958 dempteur,
