3276 4164
260 201 734 275 3. Sterben
427 263 738 312 —0
909 213 1255 294 box 1/2
717 1152 787 1224 562
756 1232 1727 1307 M. Schaukal réuniten un mince volume de loopagesses vers
712 1299 1722 1344 des cing dernières années: Verse (1892-1896). 11 les épigra¬
725 1332 1723 1379 phie, on ne sait tron pourquoi, de cette phrase de Maurice
721 1375 1724 1419 Barrès: & Notre Moi, en effet, n’est pas immuable, il nous faut
714 1408 1720 1453 le défendre chaque jour et chaque jour le créery, et d’un
724 1455 1715 1498 passage de Mademoiselle de Maupin. En joignant à cela quel¬
730 1493 1716 1550 ques honorables traductions de Verlaine, je crois que j'auraf
725 1524 1538 1570 mentionné la plus importante partie de ce recueil.
750 1564 1718 1615 J'aurais voulu dire encore, a propos d’un récent volume,
717 1605 1730 1649 tout le bien que je pense du talent poétique de M. Stefan
731 1637 1732 1688 George, mais les cuvres de M. Stefan Georges sont introu¬
806 1824 898 1880 4R7
762 1880 1728 1956 Le mois est pauvre en manifestations: les galeries sont
729 1950 1722 1994 désertes, et nous retrouverons les peintres sur les plages on
724 1980 1718 2024 dans les champs, préparant études et tableaux pour Thiver
725 2017 1720 2064 La rue Laffitte somnole, les vitrines bäillent. Apeine si, chez
727 2063 1726 2109 M. Le Barc de Boutteville, régulièrement s’ouvre l’exposition
735 2098 1730 2154 trimestrielle, tres mélée comme toujours. J'y retins avant
724 2136 1727 2187 tout le monde M. Maxime Dethomas, dont les esquisses
733 2174 1717 2224 sombres sont d’une coloration intéressante, d’un gout sür
733 2217 1731 2263 d’une élégance nerveuse qui fait augurer de sérieux résul¬
764 2275 1728 2335 Chez Durand-Ruel on voyait récemment dans une petite
735 2334 1729 2375 salle un très beau Clouet, un Porbus de haute allure, et un
739 2363 1733 2414 Degas de la première manière, une vieille mendiante, assise,
725 2403 1725 2445 d’une exécution puissante, large, simple, qui ne faiblissait
736 2440 1726 2493 pas à côté de ces deux autres cuvres. Ce Degas est unc piéce
735 2483 1730 2542 de première valeur. De-ci, de-la, sur les murs, des Ten Cate
771 2560 1727 2605 M. Bing offrait I'hospitalité à M. Moulijn, peintre symbo¬
737 2601 1721 2645 liste hollandais. M. Moulijn a beaucoup plus de talent plas¬
737 2628 1726 2686 tique et beaucoup moins de prétention idéalogique que
740 2670 1725 2722 M. Edvard Munch, qui le précédait en cette galerie. On ne
737 2715 1724 2762 peut que regretter qu'un sentiment délicat de la çouleur et
732 2747 1727 2803 de Pornementation linéaire soit gäté à ce point pür des théo¬
730 2790 1728 2845 ries de déformation et des recherches littéraires sans appli¬
737 2828 1728 2871 catior picturale. C’est toujours le meme dilemme: ou une
738 2862 1721 2916 peinture pour le morceau habile et insignitiante intellec.
733 2905 1729 2955 tuellement — ou une peinture illustrant des conceptions
731 2940 1733 2996 purement réservées à la littérature. M. Moulijn n’y échappe
744 2978 1734 3036 pas, et c’est dommage, car c’est un coloriste sentimental
734 3021 1018 3077 parfois touchant.
2027 2311 2072 2366 4
2022 791 2118 878 91
2910 816 2978 885 N
3048 810 3191 899 ataseen,
2070 876 2323 943 AbRESE TELECRAPHIGEE:
2053 925 2324 1007 Courpress PARIS
2409 953 3169 1039 de SCURKrHRt de ia T RusSN
2165 995 2219 1037 —0
2069 1027 2318 1092 TELEPHONE
2420 1030 3146 1099 Fonde en 1880. A. GALLOIS, Directeur
2110 1078 2274 1127 N’ 101.50
2379 1085 3180 1155 21, BOULEVARD MONTMARTRE. PARIS
2151 1119 2201 1163 —
2430 1149 3130 1195 FOURNIT COUPURES DE JOURNAUX & DE REVUES
2060 1151 2300 1226 ASCENSEUR
2523 1185 3042 1230 SUR TOUS SUJETS & PERSONHALITES
2244 1315 2750 1408 Journal Le Temps
2247 1406 2375 1466 Date:
3126 1403 3220 1491 1697
2237 1472 3043 1567 Adresse: 5, boulevard des Italiens, Paris
2238 1559 2400 1624 Signé:
2219 1657 2995 1745 NOTES ET LECTURES
2434 1725 2784 1797 (ETRANGER)
2343 1819 2866 1888 Un vaudevilliste viennois
2157 1899 3104 1975 Nous avons en déjà, depuis quelques anndes, la
2116 1968 3087 2010 renaissance tchéque, la renaissance latine, la renais¬
2116 2006 3093 2060 sance portugaise: allons-neus assister maintenant
2125 2048 3089 2099 à une renaissance viennoise? II résulte en tout cas
2116 2101 3086 2150 d’une série d’études publiées, dans 1Allgemeine
2116 2142 3089 2192 Zeitung, par M. Satger, que la vicille capitale autri¬
2118 2182 3084 2232 chienne, d’ou longtemps la vie littéraire avait pres¬
2117 2232 3092 2280 que enticrement disparu, commence à vouloir se¬
2117 2267 3165 2318 couer sa torpeur et s’appréte à rivaliser avec Berlin #cs.
2117 2311 3094 2364 pour la production de talents nouveaux. Je ne con¬
2117 2353 3093 2400 nais malheureusement qu'un seul des nombreux
2119 2395 3090 2449 jeunes auteursviennois cités par M. Satger; mais
2116 2441 3090 2494 celul-la, M. Authur Schnitzler. me parait, en effet,
2120 2477 3093 2539 lun des mieux doues Cilfé töus les Gerivains de
2113 2520 3090 2572 l’Allemagne contemporaine. Peut-étre n'a-t-il pas
2116 2566 3102 2618 un tempérament aussi personnel que M. Gérard
2111 2609 3099 2662 Hauptmann, le premier et dernier, l’unique talent
2116 2654 3098 2704 nouveau produit, en fin de compte, depuis dix
2128 2705 3096 2748 ans, par cette Ecole berlinoise qui a fait tant de
2113 2738 3092 2788 bruit. Mais à défaut d’une originalité aussi parti¬
2116 2779 3098 2838 culière, M. Schnitzler a infiniment plus de gout, et
2110 2827 3092 2872 de tact, et d’adresse manuelle. Ses piéces sont très
2114 2867 3094 2917 hien faites, ce qui ne les empéche pas d’étre hardies
2110 2909 3088 2966 et fines, sans le moindre rapport avec les indus¬
2119 2951 3093 3010 trieuses adaptations franco-anglo-berlinoises de M.
2115 2998 3091 3052 Sudermann. Et j’avoue que, depuis l’école romanti¬
2117 3037 3095 3101 que, il ne me sembie pas qu'un romancier allemand
2117 3089 3082 3137 ait écrit une ceuvre aussi agréable à lire, plutot auss
2126 3127 3099 3170 désagréable (car c’est la peinture d’une lente ago¬
2128 3165 3094 3221 nie) mais en méme temps aussi émouvante, aussi
2120 3214 3093 3267 juste de tons, ni d’une forme aussilittéraire que son
2120 3262 3095 3319 terrible Mourir, dont nous avons d’ailleurs une ex¬
2117 3304 2662 3365 cellente traduction française.
2427 3323 3094 3403 ##anteurs viennois dont parle M.
2714 3380 3091 3453 #voc leurs confrères
