3276 4068
376 107 705 181 Sterben
237 115 438 205 3.—
883 80 1241 192 box 1/2
861 709 1879 784 messegen Spanne Zeit. Seinem Schicksalsgroll gesellt
876 772 1887 834 sich neue Bitterkeit, ein Neid auf die Gesunden, die,
868 823 1876 879 ahnungslos, was über sie verhängt sein möge, sich in
873 867 1878 932 frohmüthiger Lebenssicherheit der Zukunft wie des
874 929 1876 993 Heute freuen, die noch athmen, schauen, empfinden,
875 980 1883 1032 gemeßßen werden, wenn sein Dasein schon erloschen ist.
875 1020 1879 1071 Auch auf Marie erstreckt sich diese Bitterkeit, denn
883 1069 1881 1126 trotz ihres Wunsches, mit ihm zu scheiden, wird sie
874 1116 1874 1178 ihn ja überleben, dessen froh, wieder glücklich sein,
881 1162 1621 1236 und er kann es ihr nicht mehr gönnen.
897 1214 1884 1290 Wie sehr ihn dennoch die Hoffnung umstrickt, wird
872 1266 1874 1324 Felix erst inne, als ein Anfall erneuter, erhöhter
1799 1319 1883 1380 er
882 1324 1799 1378 Athemlosigkeit sie ihm raubt. Ungeduldig drängt
887 1384 1883 1435 zur Heimkehr in die Stadt. Auf dem Wege dahin, im
882 1426 1878 1483 schönen Salzburg, erblüht ihm noch ein Glücksmoment.
882 1466 1881 1532 Linde Abendluft, Musikklänge aus der Ferne, die feine
880 1516 1879 1570 Blume guten Weines, die Nähe der Geliebten, all dies
878 1564 1884 1630 zusammen verleiht ihm das köstliche Gefühl der Voll¬
877 1608 1876 1675 lebigkeit aus der Zeit ungebrochener Kraft. Auch die
872 1660 1718 1735 Abspannung, die ihm folgt, ist nicht (uälend.
927 1703 1874 1782 Daheim aber bricht Felix zusammen, sieht er sich
886 1760 1888 1824 ans Bett gefesselt. Und mit der Verschlimmerung
885 1820 1875 1883 seines körperlichen Zustandes ist sein Seelenleben in
872 1860 1883 1925 eine neue Phase getreten. Die Selbstsucht des Kranken,
874 1914 1886 1985 dem sein stätiges Leiden keinen Augenblick der Selbst¬
879 1960 1877 2020 vergessenheit mehr gestattet, beherrscht ihn. Keinen
872 2005 1891 2068 Moment will er Marie an seiner Seite missen, er
879 2063 1880 2114 will sie neben sich sehen beim Erwachen aus seinem
886 2114 1877 2176 erguickungslosen Erschöpfungsschlummer, den zu be¬
882 2162 1884 2224 wachen ihm ihre Pflicht scheint. Alfreds ärztlicher Be¬
880 2212 1892 2279 fehl: sie möge sich hie und da durch einen Gang ins
887 2255 1884 2319 Freie Erfrischung, nothwendige Kräftigung holen, er¬
886 2315 1879 2375 füllt ihn mit Enträstung. Welches Recht hat sie ans
885 2354 1883 2422 Leben, sie, die mit ihm sterben wollte? Und will sie
882 2404 1893 2472 es noch? Das Opfer, das er von sich gewiesen, es
887 2470 1888 2530 wächst allmälig zu seinem letzten Wunsche, seinem
880 2502 1888 2581 heißen Begehren heran in der „grenzenlos wüthenden
882 2559 1352 2626 Angst“, die ihn verzehrt.
894 2588 1885 2664 In unentwegter Treue weilt Marie, trotz des Ge¬
893 2657 1889 2717 fühles, daß sich eine Kluft oufthue zwischen ihm und
886 2699 1887 2763 ihr, an seinem Beit, weigert sie sich, des Arztes Geheiß
887 2753 1891 2827 zu erfüllen; mit unerschöpflicher Sanftmuth läßt sie
884 2799 1892 2868 des Kranken Bitterkeit über sich ergehen, einzig be¬
887 2842 1883 2909 müht, ihm, gleich Alfred, eine Hoffnung vorzutäuschen,
887 2896 1889 2965 die sie nicht mehr empfindet. Da tritt sie eines Tages
901 2957 1890 3032 ans offene Fenster; die frische Luft, die ihre Stirn
892 2997 1891 3083 sächelt, empfindet sich ungemein wohlthuend nach der
