3276 4068
403 173 729 245 Sterben
903 174 1253 263 box 1/2
253 161 471 290 3.—
554 527 1688 746 Daun . Gem Unlase,
474 656 550 727 (
784 743 1035 854 41 55
480 900 1483 974 Ebenfalls ins Krankenzimmer führt uns eine andere
397 938 564 1012 Novelle:
404 1010 1477 1117 5. Sterben. Novelle. „Von Arthur Schnitzler. Berlin,
466 1083 1108 1158 S. Fischer, Verlag“ 1895. 8. 2 M.
483 1130 1482 1210 Der Verfasser gebietet über noch größere psychologische
407 1173 1473 1252 Kunst, ich möchte fast sagen Kunstfertigkeit als Hirschfeld
409 1241 1472 1311 und weiß uns für den an und für sich abstoßenden Stoff,
406 1301 1469 1378 das letzte Lebensjahr eines jungen Schwindsüchtigen, zu
407 1353 1472 1426 interessiren, ja fast zu erwärmen. Wenn man bedenkt,
387 1408 1474 1469 daß die recht umfängliche Novelle außer einer Neben¬
407 1461 1477 1539 person uns nur die zwei Helden vorführt, ferner daß fast
400 1518 1474 1586 nichts geschieht, so wird man gestehen, daß keine geringe
449 1609 1524 1676 Kunst der Darstellung und der psychologischen Entwickelung
449 1666 1523 1736 dazu gehört, um uns, wie dies thatsächlich der Fall ist,
454 1715 1527 1789 fast bis zur letzten Seite in Spannung zu erhalten. Um
451 1775 1522 1846 welches Problem es sich handelt, ist mit den eigenen
449 1816 1514 1893 Worten des Helden am kürzesten wiedergegeben. Der
455 1868 1525 1946 Arzt hat ihm gesagt, daß er nur noch ein Jahr zu leben
453 1934 1515 2002 habe, die Geliebte, welche seine Tage und Nächte mit ihm
456 1981 1523 2060 theilt und ohne den anscheinend Gesunden nicht glaubt
445 2036 1523 2104 leben zu können, wie auch er mit aller Liebe an ihr
453 2093 1524 2157 hängt, opfert dem Kranken nahezu ihre Gesundheit, bis
454 2149 1509 2222 endlich der Freund und Arzt ihr räth, auch an ihre Ge¬
455 2198 1106 2258 sundheit zu denken. Nun heißt es:
521 2246 1521 2300 Eine verbissene Wuth wühlte in ihm. Er glaubte in Marie's
445 2301 1513 2360 Zügen einen Ausdruck bewußten Duldens wahrzunehmen, der nach
443 2346 1501 2409 Mitleid verlangte, und wie eine Wahrheit, an der zu rütteln ver¬
440 2387 1512 2440 messen wäre, zuckte es ihm durch das Gehirn, daß ja dieses Weib
442 2439 1512 2493 verpflichtet sei, mit ihm zu leiden, mit ihm zu sterben. Sie
445 2475 1507 2534 ruinirt sich; nun ja, selbstverständlich! Hatte sie vielleicht die Ab¬
443 2517 1508 2575 sicht, rothe Wangen und glühende Augen zu behalten, während er
444 2569 1501 2627 seinem Ende zueilte? Und glaubt Alfred (der Arzt) wirklich, daß
447 2610 1508 2682 dieses Weib, welches seine Geliebte ist, das Recht hat, über die
449 2657 1268 2717 Stunde hinauszudenken, die seine letzte sein wird?
512 2707 1505 2781 Sie soll mit ihm sterben, in diesen Gedanken lebt er
440 2746 1501 2837 sich immer mehr hinein; in ihr aber, der Jungen, Ge¬
430 2821 1499 2878 sunden, erwacht mehr und mehr die Lebenslust, und was
434 2867 1502 2936 ihm das Natürliche scheint, dagegen empört sich trotz ihrer
435 2916 1506 2997 Liebe jede Faser ihres Daseins. Wie diese Gegensätze
437 2978 1510 3052 sich entwickeln, wie sie sich immer mehr steigern bis zu
430 3046 1493 3105 einem Mordversuch des zum Tyrann seiner Geliebten ge¬
435 3089 1494 3157 wordenen Sterbenden, das ist der Inhalt der Novelle.
428 3130 1502 3208 Und wahr, geradezu entsetzlich wahr ist die Schilderung;
423 3197 1494 3268 doch bleibt soweit dichterische Schönheit hierbei überhaupt
428 3239 1010 3322 noch möglich ist, diese gewahrt.
1947 8 2774 123 Dee #a-
2094 189 2497 291 Cr
2143 300 2737 430 20 Jn=ig.
1958 482 3038 555 Sterben. Novelle von Arthur Schnitzler. (Berlin, S. Fischer.)
1865 532 3047 614 Ein trauriges und peinliches, aber ein feines und bedeutendes Werk
1873 586 3040 669 eines echten Künstlers. Das Sterben eines Schwindsüchtigen wird ge¬
1869 637 3042 709 schildert, sein Ringen mit Leben und Tod, das langsame Scheiden von
1864 687 3039 774 der Geliebten, die Empörung, das Aufbäumen, der Todeskampf. Jeder
1864 749 3047 820 Zug ist beobachtet und wahr, nichts übertrieben, dem Dramatischen wird
1869 803 3041 858 discret aus dem Wege gegangen, wie jeglichem schildernden Naturalis¬
1868 860 3042 923 mus. Das Zuständliche ist knapp, die Menschen ohne Individualisirung
1855 907 3052 975 gezeichnet — sie haben auch keinen Familiennamen —, aber die
1862 956 3046 1041 Seelenanalyse ist voll feiner Züge, so daß uns weder Ekel noch Schauer
1850 1012 2951 1085 erfaßt und die rein menschliche Theilnahme his zuletzt rege bleibt.
2453 1187 2918 1344 Snd
2060 1274 2156 1348 62
2162 1302 2456 1386 M D
2427 1408 2752 1542 181 5
2032 1615 3054 1705 Sterben. Novelle von Arthur„Schnitzler.
1948 1662 2439 1743 Gertm. S= Fischer, 1895.
2555 1663 2947 1732 Kurglttf
2030 1686 3053 1773 Durch seine entzückenden satirischen Anatok=Dialoge und
1955 1756 3044 1804 sein sehr grau in grau gezeichnetes, aber interessantes Schau¬
1952 1802 2983 1859 spiel: „Das Mätzchen“ — ein modernes Seelendrama
1943 1841 3051 1895 hat sich der feinunnige Wiener Dichter bereits Namen und
1941 1885 3041 1936 Achtung erworben. Seine Novelle „Sterben“ ist den ge¬
1949 1936 3040 1983 nannten frühern Dichtungen ebenbürtig. In einem schmerz¬
1946 1972 3045 2023 lichen Seelengemälde führt uns Schnitzler die große ernste
1937 2019 3042 2071 Wahrheit vor Augen, daß der Todkranke und Sterbende,
1949 2061 3043 2118 auch wenn die aufrichtigste Liebe an seinem Bette wacht,
1952 2104 3038 2161 doch in dieser letzten Lebensnot ein Einsamer ist 1— denn,
1948 2147 2372 2201 wie schon Platen sagt:
1996 2191 2966 2259 „Es kehrt an das, was Kranke quält, sich ewig der
2745 2232 3041 2293 Gesunde nichts,
1982 2266 3045 2327 Es fragt die Welt nach meinem Ziel, nach deiner letzten
2742 2322 3020 2378 Stunde nichts.
1980 2363 3017 2422 Dies wissen alle, doch vergißt es jeder gerne jeden Tag.
2030 2409 3035 2459 Zwei Arten von Egoismus begegnen sich am Sterbe¬
1940 2445 3037 2508 lager, der des Sterbenden und der des Ueberlebenden.
1946 2495 3036 2545 Wohl haben sanfte Sitten, religiöser Sinn und — konven¬
1948 2540 3042 2594 tionelle Lüge verhüllende Schleier über dieses Verhältnis
1941 2585 3035 2637 geworfen. Aber das Auge eines Dichters wie Schnitzler,
1945 2629 3036 2674 durchdringt diese Schleier und zeigt die Menschen, wie sie
1956 2667 3034 2730 ind, nicht bloß, wie sie sich geben. Allerdings hat sich
1953 2711 3040 2762 Schnitzler für seine Novelle einen ganz besondern Fall aus¬
1945 2760 3032 2809 gesucht, bei dem die erwähnten Affekte stärker als gewöhn¬
1949 2805 3036 2854 lich hervortreten. Es handelt sich um einen noch jungen,
1951 2847 3039 2894 an der Auszehrung leidenden Mann, dem auf sein dringendes
1939 2885 3033 2936 Fragen ein Arzt die bestimmte Erklärung gegeben hat, er
1948 2931 3032 2979 habe kaum mehr ein Jahr zu leben. Von diesem Todes¬
1941 2976 3034 3022 urteil setzt er auch seine jugendliche Lebensgefährtin in
1946 3013 3032 3064 Kenntnis und nun belauert er sie bald mit immer steigendem
1948 3058 3035 3109 Argwohn, wie weit sie wohl in ihrer natürlichen Lebens¬
1943 3100 3026 3163 lust ihm bis unter den Thorbogen des Todes folgen werde
1946 3151 3033 3229 ob nicht sein Kranksein, die ganze Jämmerlichkeit des
1941 3213 3027 3277 Menschentums, die dabei zu Tage tritt, ihm ihre volle
1946 3256 3042 3324 Liebe rauben werde, noch bevor er die Augen für immer
1948 3301 3035 3360 schließt. Das Leben haßt den Tod. Auch der geliebte Ster¬
1940 3344 3036 3407 bende hat, bei vollem Mitleid, das sie ihm gönnen, für die
1932 3382 3034 3449 Ueberlebenden etwas Unheimliches. Dieses nur wieder als
1932 3433 3027 3500 Sterbender empfinden zum müssen, ist qualvoll. In der
1934 3473 3033 3536 Novelle folgt der Dichter allen diesen schwankenden, ein¬
1934 3525 3027 3582 ander ablösenden Gefühlsnüancen mit erstaunlicher Seelen¬
1932 3562 3026 3623 kunde; doch hätte seine Novelle größeren Allgemeinwert er¬
1934 3604 3037 3668 halten, wenn er gegen den Schluß den Konflikt nicht so
1938 3658 3028 3713 auf die Spitze getrieben hätte bis zum Mordversuch des
1931 3696 3025 3755 Sterbenden an seiner Geliebten, der er es nicht gönnt, daß
1924 3734 3033 3794 sie weiter leben darf, wenn er in den Abgrund hinab muß.
1938 3787 2967 3838 „Melancholische Lektüre! wird man sagen, gewiß! aber“
1936 3825 2968 3899 soll man hinzusetzen — „ein kleines feines Kunstwerk.“
