<?xml version="1.0" encoding="UTF-8" standalone="yes"?>
<PcGts xmlns="http://schema.primaresearch.org/PAGE/gts/pagecontent/2013-07-15" xmlns:xsi="http://www.w3.org/2001/XMLSchema-instance" xsi:schemaLocation="http://schema.primaresearch.org/PAGE/gts/pagecontent/2013-07-15 http://schema.primaresearch.org/PAGE/gts/pagecontent/2013-07-15/pagecontent.xsd">
    <Metadata>
        <Creator>prov=University of Rostock/Institute of Mathematics/CITlab/Gundram Leifert/gundram.leifert@uni-rostock.de:name=ONB_Newseye_GT_M1+(htr_id=10810)::::v=2.4.2
prov=University of Rostock/Institute of Mathematics/CITlab/Tobias Gruening/tobias.gruening@uni-rostock.de:name=de.uros.citlab.module.baseline2polygon.B2PSeamMultiOriented:v=2.4.2
prov=University of Rostock/Institute of Mathematics/CITlab/Tobias Gruening/tobias.gruening@uni-rostock.de:name=/net_tf/LA73_249_0mod360.pb:de.uros.citlab.segmentation.CITlab_LA_ML:v=2.4.2
Transkribus</Creator>
        <Created>2019-10-07T10:29:48.867+02:00</Created>
        <LastChange>2019-10-07T10:40:16.405+02:00</LastChange>
        <TranskribusMetadata docId="223918" pageId="9492624" pageNr="10" tsid="16348043" status="IN_PROGRESS" userId="40391" imgUrl="https://files.transkribus.eu/Get?id=DFJEMAVDSSFUDOUXOMAHWDFJ&amp;fileType=view" xmlUrl="https://files.transkribus.eu/Get?id=KVZGLLTTLRRRMYORIOOLUIIW" imageId="6182912"/>
    </Metadata>
    <Page imageFilename="223918_0010.jpeg" imageWidth="3276" imageHeight="4068">
        <ReadingOrder>
            <OrderedGroup id="ro_1711444221262" caption="Regions reading order">
                <RegionRefIndexed index="0" regionRef="r1"/>
                <RegionRefIndexed index="1" regionRef="r2"/>
                <RegionRefIndexed index="2" regionRef="r3"/>
                <RegionRefIndexed index="3" regionRef="r4"/>
            </OrderedGroup>
        </ReadingOrder>
        <TextRegion orientation="0.0" id="r1" custom="readingOrder {index:0;}">
            <Coords points="221,244 221,298 683,298 683,244"/>
            <TextLine id="r1l1" custom="readingOrder {index:0;}">
                <Coords points="215,277 304,281 348,265 683,275 682,225 605,229 566,204 521,203 473,228 436,203 382,212 327,254 253,211 215,214"/>
                <Baseline points="221,267 246,268 271,269 297,269 322,269 347,269 373,268 398,268 423,267 449,266 474,266 499,265 525,264 550,264 575,264 601,264 626,264 651,264 677,266"/>
                <TextEquiv>
                    <Unicode>3. Sterben</Unicode>
                </TextEquiv>
            </TextLine>
            <TextLine id="r1l2" custom="readingOrder {index:1;}">
                <Coords points="569,302 580,302 591,293 604,294 611,300 623,296 626,300 636,292 647,293 652,298 667,293 676,298 690,298 689,270 672,276 664,269 635,269 626,274 622,270 602,268 569,269"/>
                <Baseline points="575,287 602,288 629,287 656,286 683,285"/>
                <TextEquiv>
                    <Unicode></Unicode>
                </TextEquiv>
            </TextLine>
            <TextLine id="r1l3" custom="readingOrder {index:2;}">
                <Coords points="347,299 375,297 380,302 390,302 404,311 412,304 437,309 437,271 425,270 412,276 398,270 374,270 368,275 361,271 347,274"/>
                <Baseline points="353,288 379,288 405,288 431,288"/>
                <TextEquiv>
                    <Unicode>—</Unicode>
                </TextEquiv>
            </TextLine>
            <TextEquiv>
                <Unicode>3. Sterben

—</Unicode>
            </TextEquiv>
        </TextRegion>
        <TextRegion orientation="0.0" id="r2" custom="readingOrder {index:1;}">
            <Coords points="867,162 867,862 1210,862 1210,162"/>
            <TextLine id="r2l1" custom="readingOrder {index:0;}">
                <Coords points="860,283 946,272 978,287 1008,271 1057,268 1120,285 1147,265 1166,277 1205,272 1216,267 1218,216 1202,223 1157,205 1107,221 1084,200 1028,232 862,203"/>
                <Baseline points="867,262 893,264 919,266 946,267 972,269 998,269 1025,270 1051,271 1078,271 1104,271 1130,271 1157,271 1183,270 1210,270"/>
                <TextEquiv>
                    <Unicode>box 1/2</Unicode>
                </TextEquiv>
            </TextLine>
            <TextLine id="r2l2" custom="readingOrder {index:1;}">
                <Coords points="1045,841 1054,841 1060,846 1070,848 1071,846 1073,848 1079,845 1085,846 1097,762 1084,759 1067,770 1055,770"/>
                <Baseline points="1056,808 1084,812"/>
                <TextEquiv>
                    <Unicode>935</Unicode>
                </TextEquiv>
            </TextLine>
            <TextEquiv>
                <Unicode>box 1/2
935</Unicode>
            </TextEquiv>
        </TextRegion>
        <TextRegion orientation="0.0" id="r3" custom="readingOrder {index:2;}">
            <Coords points="1198,778 1198,3096 2236,3096 2236,778"/>
            <TextLine id="r3l1" custom="readingOrder {index:0;}">
                <Coords points="1203,820 2005,803 2225,834 2224,758 2040,727 1668,737 1557,783 1203,774"/>
                <Baseline points="1210,810 1260,810 1310,810 1361,809 1411,809 1462,808 1512,807 1563,806 1613,806 1664,805 1714,804 1764,804 1815,803 1865,803 1916,802 1966,802 2017,802 2067,802 2118,802 2168,802 2219,803"/>
                <TextEquiv>
                    <Unicode>Tileiten auf ein Mar, ranneedie brlade-dencemnsg</Unicode>
                </TextEquiv>
            </TextLine>
            <TextLine id="r3l2" custom="readingOrder {index:1;}">
                <Coords points="1192,873 1730,850 2043,885 2198,850 2198,812 1402,812 1364,844 1191,820"/>
                <Baseline points="1198,857 1247,857 1297,856 1347,856 1396,855 1446,855 1496,854 1545,853 1595,853 1645,852 1695,851 1744,851 1794,850 1844,849 1893,848 1943,848 1993,847 2042,847 2092,847 2142,847 2192,846"/>
                <TextEquiv>
                    <Unicode>über sie. So natürlich war das, wie ihr Athen, wie</Unicode>
                </TextEquiv>
            </TextLine>
            <TextLine id="r3l3" custom="readingOrder {index:2;}">
                <Coords points="1204,929 1268,913 1354,928 1372,914 1484,925 1529,904 1587,926 1621,919 1620,863 1545,862 1525,877 1449,861 1359,879 1264,862 1203,872"/>
                <Baseline points="1210,907 1235,907 1260,906 1285,906 1311,905 1336,905 1361,904 1386,904 1412,903 1437,903 1462,902 1487,902 1513,901 1538,901 1563,901 1588,901 1614,901"/>
                <TextEquiv>
                    <Unicode>der Himmel über ihr.“</Unicode>
                </TextEquiv>
            </TextLine>
            <TextLine id="r3l4" custom="readingOrder {index:3;}">
                <Coords points="1243,968 2221,957 2220,917 2052,922 1906,870 1646,923 1243,913"/>
                <Baseline points="1249,953 1297,953 1345,953 1393,952 1442,952 1490,951 1538,951 1586,950 1635,949 1683,949 1731,948 1779,947 1828,946 1876,946 1924,945 1972,945 2021,944 2069,944 2117,944 2165,944 2214,944"/>
                <TextEquiv>
                    <Unicode>Felix ist erwacht, er vermißt die Gefährtin, izamen¬</Unicode>
                </TextEquiv>
            </TextLine>
            <TextLine id="r3l5" custom="readingOrder {index:4;}">
                <Coords points="1204,1023 1816,997 2048,1021 2226,1008 2226,959 1264,977 1203,951"/>
                <Baseline points="1210,1006 1260,1005 1311,1004 1361,1003 1412,1001 1462,1001 1513,1000 1563,999 1614,999 1664,998 1715,998 1765,997 1816,997 1866,997 1917,996 1967,996 2018,996 2068,995 2119,995 2169,995 2220,994"/>
                <TextEquiv>
                    <Unicode>loser Schreck überkommt ihn, im Gedanken, daß sie</Unicode>
                </TextEquiv>
            </TextLine>
            <TextLine id="r3l6" custom="readingOrder {index:5;}">
                <Coords points="1205,1070 2217,1063 2192,1004 1205,1021"/>
                <Baseline points="1212,1055 1261,1054 1311,1053 1361,1052 1411,1051 1461,1050 1511,1049 1561,1048 1611,1048 1661,1047 1711,1046 1760,1045 1810,1045 1860,1044 1910,1044 1960,1044 2010,1044 2060,1043 2110,1044 2160,1044 2210,1044"/>
                <TextEquiv>
                    <Unicode>ihn, in Furcht vor ihm, verlassen habe. Er heit sie</Unicode>
                </TextEquiv>
            </TextLine>
            <TextLine id="r3l7" custom="readingOrder {index:6;}">
                <Coords points="1199,1122 2217,1104 2216,1062 2103,1049 1199,1073"/>
                <Baseline points="1206,1106 1256,1105 1306,1104 1356,1103 1407,1101 1457,1100 1507,1099 1557,1099 1608,1097 1658,1097 1708,1096 1758,1095 1809,1095 1859,1094 1909,1094 1959,1094 2010,1094 2060,1093 2110,1094 2160,1094 2211,1094"/>
                <TextEquiv>
                    <Unicode>ja gequält „mit mißtrauischen Blicken, bitteren Reden,</Unicode>
                </TextEquiv>
            </TextLine>
            <TextLine id="r3l8" custom="readingOrder {index:7;}">
                <Coords points="1205,1166 2120,1164 2230,1144 2230,1105 1205,1123"/>
                <Baseline points="1211,1155 1261,1154 1312,1152 1362,1151 1413,1150 1464,1149 1514,1148 1565,1147 1616,1147 1666,1146 1717,1145 1768,1144 1818,1143 1869,1143 1920,1142 1970,1142 2021,1142 2072,1141 2122,1141 2173,1141 2224,1142"/>
                <TextEquiv>
                    <Unicode>und sie brauchte Dankbarkeit. Er aber kann sie nicht</Unicode>
                </TextEquiv>
            </TextLine>
            <TextLine id="r3l9" custom="readingOrder {index:8;}">
                <Coords points="1214,1225 2073,1186 2184,1212 2216,1166 1213,1164"/>
                <Baseline points="1220,1204 1269,1202 1319,1201 1368,1200 1418,1199 1467,1198 1517,1197 1566,1197 1616,1196 1665,1195 1715,1195 1764,1194 1814,1194 1863,1193 1913,1193 1962,1192 2012,1192 2061,1192 2111,1191 2160,1191 2210,1191"/>
                <TextEquiv>
                    <Unicode>entbehren. Er wird ihr Alles abbitten, wird wieder</Unicode>
                </TextEquiv>
            </TextLine>
            <TextLine id="r3l10" custom="readingOrder {index:9;}">
                <Coords points="1214,1271 2213,1253 2212,1199 1214,1225"/>
                <Baseline points="1221,1254 1270,1252 1319,1251 1368,1250 1418,1249 1467,1247 1516,1247 1566,1246 1615,1245 1664,1245 1714,1244 1763,1244 1812,1243 1861,1243 1911,1242 1960,1242 2009,1242 2059,1242 2108,1242 2157,1241 2207,1241"/>
                <TextEquiv>
                    <Unicode>zärtliche Blicke, Worte tiefer Innigkeit für sie finden,</Unicode>
                </TextEquiv>
            </TextLine>
            <TextLine id="r3l11" custom="readingOrder {index:10;}">
                <Coords points="1203,1308 2222,1297 2192,1244 1203,1274"/>
                <Baseline points="1210,1303 1260,1302 1310,1301 1360,1300 1411,1299 1461,1298 1511,1297 1562,1296 1612,1295 1662,1294 1713,1293 1763,1292 1813,1291 1863,1291 1914,1290 1964,1290 2014,1290 2065,1289 2115,1289 2165,1290 2216,1290"/>
                <TextEquiv>
                    <Unicode>wird lächeln, wenn es sich ihm schwer auf die Brust</Unicode>
                </TextEquiv>
            </TextLine>
            <TextLine id="r3l12" custom="readingOrder {index:11;}">
                <Coords points="1206,1360 1548,1367 1642,1338 1804,1364 1964,1332 2189,1364 2231,1350 2231,1292 1205,1315"/>
                <Baseline points="1212,1354 1262,1353 1313,1352 1363,1351 1414,1349 1465,1348 1515,1347 1566,1346 1617,1345 1667,1344 1718,1344 1769,1343 1819,1342 1870,1342 1921,1341 1971,1341 2022,1341 2073,1341 2123,1341 2174,1341 2225,1341"/>
                <TextEquiv>
                    <Unicode>legt, ihre Hand küssen, wenn er nach Athem bingt,</Unicode>
                </TextEquiv>
            </TextLine>
            <TextLine id="r3l13" custom="readingOrder {index:12;}">
                <Coords points="1209,1417 2218,1402 2217,1359 2115,1339 2078,1365 1208,1361"/>
                <Baseline points="1215,1401 1264,1401 1314,1400 1364,1399 1414,1399 1464,1398 1513,1397 1563,1396 1613,1395 1663,1394 1713,1393 1762,1393 1812,1392 1862,1391 1912,1390 1962,1390 2011,1390 2061,1390 2111,1390 2161,1390 2211,1391"/>
                <TextEquiv>
                    <Unicode>wird ihr schmören, daß er sie anbetet, ihr ein länges,</Unicode>
                </TextEquiv>
            </TextLine>
            <TextLine id="r3l14" custom="readingOrder {index:13;}">
                <Coords points="2141,1445 2159,1442 2172,1453 2189,1451 2195,1458 2202,1454 2223,1458 2226,1400 2208,1404 2199,1397 2183,1404 2179,1401 2173,1405 2159,1401 2154,1405 2144,1403"/>
                <Baseline points="2148,1435 2183,1437 2218,1439"/>
                <TextEquiv>
                    <Unicode>ihm</Unicode>
                </TextEquiv>
            </TextLine>
            <TextLine id="r3l15" custom="readingOrder {index:14;}">
                <Coords points="1222,1466 1654,1442 2123,1463 2122,1403 2002,1384 1915,1419 1762,1399 1367,1422 1296,1399 1221,1424"/>
                <Baseline points="1228,1452 1272,1451 1316,1450 1361,1449 1405,1448 1450,1448 1494,1447 1539,1446 1583,1446 1628,1445 1672,1445 1716,1444 1761,1444 1805,1444 1850,1443 1894,1442 1939,1442 1983,1441 2028,1440 2072,1439 2117,1437"/>
                <TextEquiv>
                    <Unicode>glückliches Leben gönnt, wünscht, nur soll sie be</Unicode>
                </TextEquiv>
            </TextLine>
            <TextLine id="r3l16" custom="readingOrder {index:15;}">
                <Coords points="2124,1511 2136,1513 2159,1508 2169,1512 2171,1509 2192,1508 2200,1502 2217,1502 2219,1456 2208,1455 2199,1459 2188,1450 2175,1454 2159,1442 2147,1445 2139,1440 2127,1440"/>
                <Baseline points="2132,1485 2158,1487 2185,1487 2212,1489"/>
                <TextEquiv>
                    <Unicode>sichen,</Unicode>
                </TextEquiv>
            </TextLine>
            <TextLine id="r3l17" custom="readingOrder {index:16;}">
                <Coords points="1212,1509 1647,1513 1687,1488 1755,1513 2117,1509 2116,1462 1973,1445 1211,1468"/>
                <Baseline points="1218,1501 1262,1500 1307,1500 1351,1499 1396,1499 1441,1498 1485,1497 1530,1496 1574,1496 1619,1495 1664,1494 1708,1493 1753,1492 1797,1491 1842,1491 1887,1490 1931,1490 1976,1489 2020,1489 2065,1489 2110,1490"/>
                <TextEquiv>
                    <Unicode>bleiben bis zuletzt, nicht von seinem Bette we</Unicode>
                </TextEquiv>
            </TextLine>
            <TextLine id="r3l18" custom="readingOrder {index:17;}">
                <Coords points="2145,1542 2165,1541 2175,1546 2179,1542 2203,1541 2214,1549 2229,1550 2226,1497 2216,1497 2210,1504 2202,1500 2188,1508 2143,1509"/>
                <Baseline points="2151,1537 2186,1537 2221,1533"/>
                <TextEquiv>
                    <Unicode>ent¬</Unicode>
                </TextEquiv>
            </TextLine>
            <TextLine id="r3l19" custom="readingOrder {index:18;}">
                <Coords points="1206,1554 2128,1558 2127,1509 2080,1499 1205,1509"/>
                <Baseline points="1213,1552 1258,1551 1303,1550 1349,1549 1394,1548 1440,1548 1485,1547 1530,1547 1576,1546 1621,1545 1667,1544 1712,1544 1757,1543 1803,1542 1848,1541 1894,1540 1939,1540 1984,1539 2030,1538 2075,1537 2121,1536"/>
                <TextEquiv>
                    <Unicode>ihn richt allein sterben lassen, er wird ja der</Unicode>
                </TextEquiv>
            </TextLine>
            <TextLine id="r3l20" custom="readingOrder {index:19;}">
                <Coords points="2132,1608 2151,1606 2161,1611 2181,1592 2185,1595 2206,1591 2214,1593 2214,1563 2204,1561 2201,1564 2189,1559 2186,1562 2178,1559 2173,1561 2161,1556 2157,1559 2130,1552"/>
                <Baseline points="2138,1588 2173,1588 2208,1586"/>
                <TextEquiv>
                    <Unicode>egen¬</Unicode>
                </TextEquiv>
            </TextLine>
            <TextLine id="r3l21" custom="readingOrder {index:20;}">
                <Coords points="1222,1615 1897,1609 2048,1579 2118,1602 2103,1554 1971,1540 1871,1574 1834,1549 1221,1564"/>
                <Baseline points="1228,1603 1272,1602 1316,1600 1360,1600 1404,1599 1448,1598 1492,1597 1537,1596 1581,1595 1625,1594 1669,1593 1713,1592 1757,1591 1801,1591 1846,1590 1890,1589 1934,1589 1978,1588 2022,1588 2066,1587 2111,1587"/>
                <TextEquiv>
                    <Unicode>setzlichen Stunde in Weisheit und Frieden ent</Unicode>
                </TextEquiv>
            </TextLine>
            <TextLine id="r3l22" custom="readingOrder {index:21;}">
                <Coords points="1227,1664 2167,1658 2223,1652 2222,1602 2137,1628 2083,1593 1226,1618"/>
                <Baseline points="1233,1651 1282,1650 1331,1649 1380,1648 1429,1648 1478,1647 1527,1646 1577,1645 1626,1644 1675,1643 1724,1643 1773,1642 1822,1641 1871,1640 1921,1639 1970,1639 2019,1638 2068,1637 2117,1637 2166,1636 2216,1636"/>
                <TextEquiv>
                    <Unicode>ehen, winn er nur weiß, daß sie bei ihm ist, und</Unicode>
                </TextEquiv>
            </TextLine>
            <TextLine id="r3l23" custom="readingOrder {index:22;}">
                <Coords points="1220,1730 1390,1700 1878,1711 1987,1698 1987,1670 1853,1646 1219,1665"/>
                <Baseline points="1225,1701 1262,1700 1300,1699 1338,1698 1376,1698 1414,1697 1451,1696 1489,1695 1527,1695 1565,1694 1603,1693 1640,1693 1678,1692 1716,1692 1754,1691 1792,1691 1829,1690 1867,1690 1905,1689 1943,1689 1981,1689"/>
                <TextEquiv>
                    <Unicode>diese Stunde kann so bald schon kommen.</Unicode>
                </TextEquiv>
            </TextLine>
            <TextLine id="r3l24" custom="readingOrder {index:23;}">
                <Coords points="1254,1747 2201,1757 2227,1709 1999,1688 1860,1720 1808,1695 1253,1717"/>
                <Baseline points="1260,1748 1308,1748 1356,1747 1404,1746 1452,1745 1500,1745 1548,1744 1596,1743 1644,1743 1692,1742 1740,1741 1788,1741 1836,1740 1884,1739 1932,1739 1980,1738 2028,1738 2076,1737 2124,1736 2172,1736 2221,1735"/>
                <TextEquiv>
                    <Unicode>Erschüttert von dem entsetzlichen Zustand, in dem</Unicode>
                </TextEquiv>
            </TextLine>
            <TextLine id="r3l25" custom="readingOrder {index:24;}">
                <Coords points="1216,1811 2229,1785 2228,1752 2170,1746 1215,1753"/>
                <Baseline points="1222,1800 1272,1799 1322,1799 1372,1798 1422,1797 1472,1796 1522,1795 1572,1794 1622,1793 1672,1792 1722,1791 1772,1790 1822,1789 1872,1788 1922,1787 1972,1787 2022,1786 2072,1785 2122,1785 2172,1785 2222,1785"/>
                <TextEquiv>
                    <Unicode>sie ihn getroffen, weicht Marie nicht wieder von dem</Unicode>
                </TextEquiv>
            </TextLine>
            <TextLine id="r3l26" custom="readingOrder {index:25;}">
                <Coords points="1210,1857 2151,1858 2234,1837 2234,1805 1209,1813"/>
                <Baseline points="1216,1850 1266,1849 1317,1847 1367,1846 1418,1845 1469,1844 1519,1843 1570,1842 1620,1842 1671,1841 1722,1841 1772,1840 1823,1840 1873,1839 1924,1839 1975,1838 2025,1837 2076,1836 2126,1835 2177,1834 2228,1832"/>
                <TextEquiv>
                    <Unicode>Kranken. Er ist in eine Erschlaffung verfallen, die</Unicode>
                </TextEquiv>
            </TextLine>
            <TextLine id="r3l27" custom="readingOrder {index:26;}">
                <Coords points="1216,1910 1704,1886 2205,1916 2224,1843 1215,1857"/>
                <Baseline points="1222,1899 1271,1897 1321,1895 1371,1895 1421,1894 1471,1893 1520,1893 1570,1892 1620,1892 1670,1892 1720,1891 1769,1891 1819,1891 1869,1890 1919,1889 1969,1889 2018,1887 2068,1886 2118,1885 2168,1883 2218,1880"/>
                <TextEquiv>
                    <Unicode>ihn manchmal verwundert sagen läßt: „Warum ist</Unicode>
                </TextEquiv>
            </TextLine>
            <TextLine id="r3l28" custom="readingOrder {index:27;}">
                <Coords points="1221,1962 1402,1943 1519,1970 1700,1943 1754,1956 1820,1926 1820,1900 1580,1914 1490,1894 1391,1920 1306,1903 1220,1920"/>
                <Baseline points="1227,1949 1256,1947 1285,1946 1315,1945 1344,1945 1373,1944 1403,1944 1432,1943 1461,1943 1491,1943 1520,1943 1549,1943 1579,1942 1608,1942 1637,1941 1667,1940 1696,1939 1725,1938 1755,1937 1784,1934 1814,1932"/>
                <TextEquiv>
                    <Unicode>mir denn Alles so gleichgiltig?“</Unicode>
                </TextEquiv>
            </TextLine>
            <TextLine id="r3l29" custom="readingOrder {index:28;}">
                <Coords points="1260,2012 1649,1985 2218,2004 2230,1943 1259,1963"/>
                <Baseline points="1266,1996 1313,1995 1361,1993 1409,1992 1457,1991 1505,1990 1553,1990 1601,1990 1649,1990 1697,1989 1745,1989 1792,1989 1840,1989 1888,1988 1936,1988 1984,1987 2032,1986 2080,1985 2128,1983 2176,1981 2224,1978"/>
                <TextEquiv>
                    <Unicode>Plötzlich aber weicht diese Gleichgiltigkeit der Unrast</Unicode>
                </TextEquiv>
            </TextLine>
            <TextLine id="r3l30" custom="readingOrder {index:29;}">
                <Coords points="1223,2053 2221,2042 2220,2009 2149,1992 1223,2010"/>
                <Baseline points="1230,2048 1279,2047 1328,2045 1377,2044 1426,2043 1476,2042 1525,2041 1574,2040 1623,2039 1672,2038 1722,2037 1771,2037 1820,2036 1869,2036 1918,2035 1968,2035 2017,2034 2066,2034 2115,2034 2164,2033 2214,2033"/>
                <TextEquiv>
                    <Unicode>der Sterbenden, ein# verzweifelnden Sich=ans=Leben¬</Unicode>
                </TextEquiv>
            </TextLine>
            <TextLine id="r3l31" custom="readingOrder {index:30;}">
                <Coords points="1221,2111 2226,2092 2225,2057 2176,2040 1220,2061"/>
                <Baseline points="1227,2097 1276,2096 1326,2095 1375,2094 1425,2093 1475,2092 1524,2091 1574,2091 1624,2090 1673,2089 1723,2089 1773,2088 1822,2087 1872,2087 1922,2086 1971,2086 2021,2085 2071,2084 2120,2083 2170,2082 2220,2082"/>
                <TextEquiv>
                    <Unicode>Klammern, und er stürmt auf den Freund, die Ge¬</Unicode>
                </TextEquiv>
            </TextLine>
            <TextLine id="r3l32" custom="readingOrder {index:31;}">
                <Coords points="1222,2156 2227,2152 2226,2105 2102,2092 1221,2113"/>
                <Baseline points="1228,2145 1277,2144 1327,2144 1376,2144 1426,2143 1476,2143 1525,2142 1575,2141 1624,2141 1674,2140 1724,2139 1773,2138 1823,2138 1872,2137 1922,2136 1972,2136 2021,2136 2071,2135 2120,2135 2170,2135 2220,2135"/>
                <TextEquiv>
                    <Unicode>liebte ein: „Es geschieht ja gar nichts mit mir, gar</Unicode>
                </TextEquiv>
            </TextLine>
            <TextLine id="r3l33" custom="readingOrder {index:32;}">
                <Coords points="1222,2199 2236,2196 2235,2147 2198,2137 1221,2155"/>
                <Baseline points="1228,2195 1278,2193 1328,2193 1378,2191 1428,2191 1478,2190 1528,2189 1578,2189 1628,2188 1678,2188 1728,2188 1778,2187 1828,2187 1878,2187 1928,2186 1978,2186 2028,2185 2078,2185 2128,2184 2178,2183 2229,2182"/>
                <TextEquiv>
                    <Unicode>nichts. Es bricht über mich herein, Lad man rührt</Unicode>
                </TextEquiv>
            </TextLine>
            <TextLine id="r3l34" custom="readingOrder {index:33;}">
                <Coords points="1237,2259 2225,2241 2209,2189 1237,2204"/>
                <Baseline points="1243,2245 1291,2244 1340,2242 1389,2241 1438,2240 1486,2239 1535,2239 1584,2238 1633,2238 1681,2237 1730,2237 1779,2237 1828,2237 1876,2237 1925,2236 1974,2236 2023,2235 2071,2235 2120,2234 2169,2233 2218,2232"/>
                <TextEquiv>
                    <Unicode>eine Hand es abzuwenden. Warum laßt Ihr mich</Unicode>
                </TextEquiv>
            </TextLine>
            <TextLine id="r3l35" custom="readingOrder {index:34;}">
                <Coords points="1227,2307 2203,2299 2231,2296 2231,2244 1227,2261"/>
                <Baseline points="1234,2294 1283,2293 1333,2292 1382,2291 1432,2290 1481,2289 1531,2289 1580,2288 1630,2287 1679,2287 1729,2286 1778,2286 1828,2285 1877,2285 1927,2285 1976,2285 2026,2285 2075,2285 2125,2285 2174,2285 2224,2285"/>
                <TextEquiv>
                    <Unicode>denn so rettungslos verkommen? Ihr seht doch, daß</Unicode>
                </TextEquiv>
            </TextLine>
            <TextLine id="r3l36" custom="readingOrder {index:35;}">
                <Coords points="1234,2350 2229,2344 2228,2296 2062,2286 1233,2304"/>
                <Baseline points="1240,2342 1289,2341 1338,2341 1387,2340 1436,2340 1485,2339 1534,2339 1583,2338 1632,2338 1681,2337 1731,2337 1780,2336 1829,2336 1878,2335 1927,2335 1976,2334 2025,2333 2074,2332 2123,2332 2172,2331 2222,2330"/>
                <TextEquiv>
                    <Unicode>ich hier zu Grunde gehe. Ich halt' es ja nicht aus!</Unicode>
                </TextEquiv>
            </TextLine>
            <TextLine id="r3l37" custom="readingOrder {index:36;}">
                <Coords points="1224,2402 2230,2396 2229,2352 2180,2341 1223,2353"/>
                <Baseline points="1230,2392 1279,2391 1329,2391 1379,2390 1428,2389 1478,2389 1528,2388 1577,2387 1627,2387 1677,2386 1727,2386 1776,2385 1826,2385 1876,2384 1925,2384 1975,2383 2025,2383 2074,2382 2124,2382 2174,2381 2224,2380"/>
                <TextEquiv>
                    <Unicode>Und es muß doch eine Hilfe geben, irgend eine Mög¬</Unicode>
                </TextEquiv>
            </TextLine>
            <TextLine id="r3l38" custom="readingOrder {index:37;}">
                <Coords points="1234,2448 2229,2447 2242,2383 1233,2402"/>
                <Baseline points="1240,2442 1289,2440 1339,2439 1389,2438 1439,2437 1489,2436 1538,2436 1588,2435 1638,2435 1688,2435 1738,2435 1787,2435 1837,2435 1887,2435 1937,2434 1987,2434 2036,2433 2086,2433 2136,2431 2186,2430 2236,2428"/>
                <TextEquiv>
                    <Unicode>lichkeit einer Hilfe! So denk“ doch nach, Alfred, du</Unicode>
                </TextEquiv>
            </TextLine>
            <TextLine id="r3l39" custom="readingOrder {index:38;}">
                <Coords points="1226,2509 2235,2482 2234,2448 2130,2438 1571,2469 1225,2447"/>
                <Baseline points="1232,2489 1281,2489 1331,2489 1381,2488 1431,2488 1481,2488 1530,2487 1580,2486 1630,2486 1680,2485 1730,2484 1779,2484 1829,2483 1879,2483 1929,2482 1979,2482 2028,2481 2078,2481 2128,2480 2178,2480 2228,2480"/>
                <TextEquiv>
                    <Unicode>bist doch ein Arzt, es ist ja deine Pflicht!“ Dieser</Unicode>
                </TextEquiv>
            </TextLine>
            <TextLine id="r3l40" custom="readingOrder {index:39;}">
                <Coords points="1235,2551 2233,2535 2232,2496 2156,2486 1235,2509"/>
                <Baseline points="1242,2540 1291,2539 1340,2538 1389,2538 1438,2537 1488,2536 1537,2536 1586,2535 1635,2535 1684,2534 1734,2534 1783,2533 1832,2533 1881,2532 1930,2532 1980,2532 2029,2531 2078,2531 2127,2531 2176,2530 2226,2530"/>
                <TextEquiv>
                    <Unicode>elementare Aufschrei der Todesangst erpreßt Alfred die</Unicode>
                </TextEquiv>
            </TextLine>
            <TextLine id="r3l41" custom="readingOrder {index:40;}">
                <Coords points="1235,2599 2197,2598 2226,2596 2226,2542 1235,2551"/>
                <Baseline points="1241,2588 1292,2588 1344,2587 1395,2586 1447,2586 1498,2585 1550,2585 1601,2584 1653,2584 1704,2584 1756,2583 1807,2583 1859,2583 1910,2582 1962,2582 2013,2581 2065,2581 2116,2580 2168,2579 2220,2578"/>
                <TextEquiv>
                    <Unicode>Einwilligung zur Reise nach dem Süden, vorerst nach</Unicode>
                </TextEquiv>
            </TextLine>
            <TextLine id="r3l42" custom="readingOrder {index:41;}">
                <Coords points="1222,2641 2235,2632 2234,2590 2174,2583 1222,2608"/>
                <Baseline points="1229,2640 1281,2639 1334,2638 1386,2636 1439,2635 1491,2635 1544,2634 1597,2633 1649,2633 1702,2633 1754,2632 1807,2632 1859,2632 1912,2631 1965,2631 2017,2630 2070,2630 2122,2629 2175,2628 2228,2627"/>
                <TextEquiv>
                    <Unicode>Meran, wo so viele seiner Leidensgenossen schon Ge¬</Unicode>
                </TextEquiv>
            </TextLine>
            <TextLine id="r3l43" custom="readingOrder {index:42;}">
                <Coords points="1227,2704 2230,2684 2229,2635 1227,2656"/>
                <Baseline points="1234,2690 1283,2689 1333,2688 1382,2687 1432,2686 1481,2685 1531,2684 1580,2684 1630,2683 1679,2683 1729,2683 1778,2682 1828,2682 1877,2682 1927,2681 1976,2681 2026,2680 2075,2680 2125,2679 2174,2678 2224,2677"/>
                <TextEquiv>
                    <Unicode>nesung gefunden. Die Reise=Vorbereitungen beschäfti¬</Unicode>
                </TextEquiv>
            </TextLine>
            <TextLine id="r3l44" custom="readingOrder {index:43;}">
                <Coords points="1235,2757 2186,2748 2226,2741 2226,2698 2066,2675 1994,2701 1235,2705"/>
                <Baseline points="1241,2739 1292,2738 1344,2736 1395,2735 1447,2734 1498,2734 1550,2733 1601,2733 1653,2733 1704,2732 1756,2732 1807,2732 1859,2732 1910,2732 1962,2732 2013,2731 2065,2731 2116,2731 2168,2730 2220,2729"/>
                <TextEquiv>
                    <Unicode>gen den Kranken lebhaft, er bezeichnet die Bücher, die</Unicode>
                </TextEquiv>
            </TextLine>
            <TextLine id="r3l45" custom="readingOrder {index:44;}">
                <Coords points="1236,2801 2229,2794 2228,2737 2166,2732 1236,2758"/>
                <Baseline points="1242,2786 1291,2785 1340,2784 1389,2784 1438,2783 1487,2782 1536,2782 1585,2782 1634,2782 1683,2781 1732,2781 1781,2781 1830,2781 1879,2781 1928,2781 1977,2781 2026,2780 2075,2780 2124,2780 2173,2779 2222,2779"/>
                <TextEquiv>
                    <Unicode>er mitnehmen und alle Schriften, die er durchsehen</Unicode>
                </TextEquiv>
            </TextLine>
            <TextLine id="r3l46" custom="readingOrder {index:45;}">
                <Coords points="1556,2839 2084,2854 2190,2829 2232,2843 2232,2796 2072,2785 2030,2806 1953,2787 1730,2810 1638,2787 1556,2820"/>
                <Baseline points="1563,2832 1596,2832 1629,2832 1662,2832 1695,2832 1728,2832 1761,2832 1795,2832 1828,2832 1861,2832 1894,2832 1927,2831 1960,2831 1993,2831 2027,2831 2060,2830 2093,2830 2126,2830 2159,2829 2192,2829 2226,2828"/>
                <TextEquiv>
                    <Unicode>„Wer weiß, ob diese Zeit der</Unicode>
                </TextEquiv>
            </TextLine>
            <TextLine id="r3l47" custom="readingOrder {index:46;}">
                <Coords points="1230,2846 1398,2841 1424,2857 1515,2836 1554,2839 1553,2798 1533,2807 1523,2797 1509,2804 1451,2791 1404,2807 1378,2793 1324,2818 1281,2791 1229,2800"/>
                <Baseline points="1236,2836 1262,2835 1288,2834 1314,2834 1340,2834 1366,2833 1392,2833 1418,2833 1444,2833 1470,2832 1496,2832 1522,2831 1548,2830"/>
                <TextEquiv>
                    <Unicode>will. Er meint:</Unicode>
                </TextEquiv>
            </TextLine>
            <TextLine id="r3l48" custom="readingOrder {index:47;}">
                <Coords points="1225,2900 2219,2894 2219,2841 1225,2847"/>
                <Baseline points="1232,2885 1281,2884 1330,2884 1379,2883 1428,2883 1477,2882 1526,2882 1575,2882 1624,2881 1673,2881 1722,2881 1771,2881 1820,2880 1869,2880 1918,2880 1967,2880 2016,2879 2065,2879 2114,2879 2163,2879 2213,2878"/>
                <TextEquiv>
                    <Unicode>Ruhe meinem Geiste nicht sehr wohlgethan hat. Ich</Unicode>
                </TextEquiv>
            </TextLine>
            <TextLine id="r3l49" custom="readingOrder {index:48;}">
                <Coords points="1238,2949 2180,2946 2239,2925 2239,2886 1891,2913 1238,2897"/>
                <Baseline points="1244,2934 1293,2934 1342,2933 1392,2933 1441,2932 1491,2932 1540,2932 1590,2931 1639,2931 1689,2930 1738,2930 1787,2930 1837,2929 1886,2929 1936,2929 1985,2929 2035,2928 2084,2928 2134,2928 2183,2928 2233,2927"/>
                <TextEquiv>
                    <Unicode>fühle mich geradezu reif werden. Eine wunderbare</Unicode>
                </TextEquiv>
            </TextLine>
            <TextLine id="r3l50" custom="readingOrder {index:49;}">
                <Coords points="1228,2992 2227,3004 2202,2932 1228,2943"/>
                <Baseline points="1235,2985 1284,2984 1333,2984 1382,2983 1432,2982 1481,2982 1530,2982 1580,2982 1629,2981 1678,2981 1728,2981 1777,2981 1826,2981 1875,2981 1925,2981 1974,2980 2023,2980 2073,2980 2122,2979 2171,2978 2221,2977"/>
                <TextEquiv>
                    <Unicode>Klarheit strahlt zu manchen Stunden über Alles, was</Unicode>
                </TextEquiv>
            </TextLine>
            <TextLine id="r3l51" custom="readingOrder {index:50;}">
                <Coords points="1228,3044 1264,3051 1298,3035 1329,3049 1379,3040 1460,3049 1486,3035 1502,3049 1570,3049 1569,3005 1539,2995 1482,3006 1455,2991 1421,3008 1385,3004 1369,2988 1321,3002 1301,2990 1228,3001"/>
                <Baseline points="1235,3032 1260,3033 1285,3033 1310,3033 1335,3033 1361,3033 1386,3033 1411,3032 1436,3032 1462,3032 1487,3031 1512,3031 1537,3030 1563,3029"/>
                <TextEquiv>
                    <Unicode>ich bisher gedacht.</Unicode>
                </TextEquiv>
            </TextLine>
            <TextLine id="r3l52" custom="readingOrder {index:51;}">
                <Coords points="1277,3100 1779,3079 2238,3104 2238,3041 2180,3012 1786,3050 1277,3030"/>
                <Baseline points="1284,3084 1331,3083 1378,3083 1426,3082 1473,3082 1520,3082 1568,3082 1615,3081 1662,3081 1710,3081 1757,3081 1804,3081 1852,3081 1899,3081 1946,3080 1994,3080 2041,3079 2088,3079 2136,3078 2183,3078 2231,3077"/>
                <TextEquiv>
                    <Unicode>Das düstere Ende der in einem Zuversichtsrausche</Unicode>
                </TextEquiv>
            </TextLine>
            <TextEquiv>
                <Unicode>Tileiten auf ein Mar, ranneedie brlade-dencemnsg
über sie. So natürlich war das, wie ihr Athen, wie
der Himmel über ihr.“
Felix ist erwacht, er vermißt die Gefährtin, izamen¬
loser Schreck überkommt ihn, im Gedanken, daß sie
ihn, in Furcht vor ihm, verlassen habe. Er heit sie
ja gequält „mit mißtrauischen Blicken, bitteren Reden,
und sie brauchte Dankbarkeit. Er aber kann sie nicht
entbehren. Er wird ihr Alles abbitten, wird wieder
zärtliche Blicke, Worte tiefer Innigkeit für sie finden,
wird lächeln, wenn es sich ihm schwer auf die Brust
legt, ihre Hand küssen, wenn er nach Athem bingt,
wird ihr schmören, daß er sie anbetet, ihr ein länges,
ihm
glückliches Leben gönnt, wünscht, nur soll sie be
sichen,
bleiben bis zuletzt, nicht von seinem Bette we
ent¬
ihn richt allein sterben lassen, er wird ja der
egen¬
setzlichen Stunde in Weisheit und Frieden ent
ehen, winn er nur weiß, daß sie bei ihm ist, und
diese Stunde kann so bald schon kommen.
Erschüttert von dem entsetzlichen Zustand, in dem
sie ihn getroffen, weicht Marie nicht wieder von dem
Kranken. Er ist in eine Erschlaffung verfallen, die
ihn manchmal verwundert sagen läßt: „Warum ist
mir denn Alles so gleichgiltig?“
Plötzlich aber weicht diese Gleichgiltigkeit der Unrast
der Sterbenden, ein# verzweifelnden Sich=ans=Leben¬
Klammern, und er stürmt auf den Freund, die Ge¬
liebte ein: „Es geschieht ja gar nichts mit mir, gar
nichts. Es bricht über mich herein, Lad man rührt
eine Hand es abzuwenden. Warum laßt Ihr mich
denn so rettungslos verkommen? Ihr seht doch, daß
ich hier zu Grunde gehe. Ich halt' es ja nicht aus!
Und es muß doch eine Hilfe geben, irgend eine Mög¬
lichkeit einer Hilfe! So denk“ doch nach, Alfred, du
bist doch ein Arzt, es ist ja deine Pflicht!“ Dieser
elementare Aufschrei der Todesangst erpreßt Alfred die
Einwilligung zur Reise nach dem Süden, vorerst nach
Meran, wo so viele seiner Leidensgenossen schon Ge¬
nesung gefunden. Die Reise=Vorbereitungen beschäfti¬
gen den Kranken lebhaft, er bezeichnet die Bücher, die
er mitnehmen und alle Schriften, die er durchsehen
„Wer weiß, ob diese Zeit der
will. Er meint:
Ruhe meinem Geiste nicht sehr wohlgethan hat. Ich
fühle mich geradezu reif werden. Eine wunderbare
Klarheit strahlt zu manchen Stunden über Alles, was
ich bisher gedacht.
Das düstere Ende der in einem Zuversichtsrausche</Unicode>
            </TextEquiv>
        </TextRegion>
        <TextRegion orientation="0.0" id="r4" custom="readingOrder {index:3;}">
            <Coords points="2228,1927 2228,2079 2251,2079 2251,1927"/>
            <TextLine id="r4l1" custom="readingOrder {index:0;}">
                <Coords points="2222,2042 2229,2042 2232,2037 2236,2038 2244,2032 2258,2030 2254,1987 2248,1988 2246,1986 2244,1988 2237,1986 2235,1989 2232,1986 2217,1987"/>
                <Baseline points="2228,2029 2251,2027"/>
                <TextEquiv>
                    <Unicode></Unicode>
                </TextEquiv>
            </TextLine>
            <TextEquiv>
                <Unicode></Unicode>
            </TextEquiv>
        </TextRegion>
    </Page>
</PcGts>
