3276 4068
516 60 845 144 Sterben
368 64 555 186 3. 4
630 133 816 193 „
1012 70 1362 188 box 1/2
867 543 2065 670 AD
1472 771 1951 931 0
1210 1131 2207 1272 LEITRES A MA COUSINE
1404 1376 1986 1477 DEVANT LA MORT
1070 1648 2235 1716 Nous allons aujourd'hui, ma cousine, méditer sur la mort.
1066 1704 2380 1780 & Eh quoi? Lorsque Mai lout en fleurs fait éclater partout la joie
1028 1773 2380 1827 et la vie, quand les haies sont pleines de nids, qui chantent l’éternité
1036 1815 2378 1886 du monde, quel singulier paradoxe de faire descendre sur la splen¬
1031 1866 2384 1933 deur des choses et sur la gaité des ames l’ombre noire de la nuil?
1032 1920 2370 1979 Mais le cimetière du village lui-méme a pris un air de féte: Therbe
1030 1976 2375 2039 haute y convre les tombes, et l’on y peut faire des moissons de mar¬
1020 2024 1607 2096 guerites et de coquelicots! „
1065 2074 2377 2137 a Venez, mon cousin, me faites vous signe de la-bas, je vous mon¬
1029 2133 2379 2205 trerai dans ma cour de délicieuses couvées de petits canards qui déjä
1022 2189 2382 2249 s’en vont en se culbulant vers la rivière: c’est de la vie, que j'ai aidée
1025 2242 2384 2311 à naitre, et vous verrez comme tout ce qui vit nous prend au
1036 2288 1204 2362 cceur! 5
1067 2344 2381 2421 Dans la prairie, sous l’ardent soleil, faucheurs et faneuses sonta
1016 2405 2378 2462 Teuvre: le sifflement rythmé des faux, bruit strident des marteaux qui
1027 2457 2369 2520 battent le fer, et le grincement des charrettes qui viennent chercher
1026 2508 2378 2576 le foin, tout vous dira le travail allegre etjoyenx de lhomme, remer¬
1031 2562 2373 2633 ciant Dien d’avoir fait en ce temps-ci la journée longue, bien longue
1034 2611 1413 2686 pour son labeur. 5
1067 2650 2380 2742 ( Et parlois, après le coucher du soleil, en nous promenant parles
1028 2720 2382 2784 senliers, avides de la fraicheur du soir, de la senteur des foins, du
1035 2771 2384 2835 parfum des acacias, nous rencontrerons quelque jeune couple qui
1033 2832 2370 2893 sattarde au tournant ou l’on doit se quitter, et nous sourirons à la¬
1027 2879 2369 2964 mour honnéte, sachant bien que la saison est venue des accordail¬
1023 2930 1158 2999 les. 9
1074 2962 2384 3056 6 La vie le travail, l'amour, volld la chanson du printemps! Les
1027 3045 2387 3123 poitrinaires méme reprennent espoir en revoyant les reses. Qui donc
2245 3097 2309 3172 33
