3276 4068
265 160 372 245 3.
406 159 738 242 Sterben
901 170 1265 264 box 1/2
493 210 742 284 I  — 4.
493 389 1948 474 Von Wilhelm Jensen zu Arthur Schnitzler ist ein weiter Sprung, eine unüber¬
394 462 1948 550 brückbare Kluft gähnt zwischen ihnen, die zwei verschiedenen geistigen Welten angehören.
393 515 1691 569 Dort nebelhafte Romantik und Unnatur, hier klarer Realismus und Natur!
492 550 1936 619 Arthur Schnitzler wird von den „Jüngstdeutschen“ vermutlich zu den Ihren gerechnet,
387 599 1947 675 denn man begegnet seinem Namen in ihren Zeitschriften; hoffentlich zählt er sich aber nicht
389 656 1942 711 auch selbst zu ihnen und sagt sich von dieser so wenig zur Ehre gereichenden wüsten Gesell¬
383 698 1956 775 schaft baldigst los; er hat mit ihnen ja nichts gemein, als daß er eben keiner von den
389 755 1938 802 „Alten“ ist. Im „Modernen Musenalmanach“ für das Jahr 1894, einer von den „Jüngsten“
386 798 1944 866 herausgegebenen Anthologie, ist Schnitzlers Märchen „Die drei Elixire“ entschieden das beste
387 848 1946 900 gewesen, ja fast das einzig Gute; jedenfalls war es sehr geeignet, auf den Autor aufmerksam
380 901 1943 953 zu machen. In seiner ersten Erzählung „Sterben“ (Berlin, S. Fischer 1894) hat sich
386 948 1946 1009 Schnitzler dieser Aufmerksamkeit auch im vollsten Maße wert erwiesen, denn sie trägt nicht
386 995 1944 1060 nur kein Merkmal der Unreife und des Dilettantismus, wie das bei Erstlingswerken meist der
378 1038 1362 1107 Fall ist, sondern sie zeigt ein höchst bedeutendes Können.
497 1080 1951 1141 Der Dichter und der Arzt — das ist der bürgerliche Beruf des Verfassers — haben
481 1130 2024 1218 sich in dieser Erzählung zu gemeinsomer That vereint, und was sie vollbracht haben, verdient
472 1211 2028 1272 die größte Anerkennung, um so mehr, als das Sujet an Handlung sehr arm ist und sich
474 1253 2029 1316 nur auf zwei Haupt= und eine Nebenperson beschränkt. Der Autor schildert das letzte Jahr
468 1301 2025 1354 eines Schwindsüchtigen und analysirt dessen Seelenvorgänge mit außerordentlicher psycho¬
465 1345 2038 1413 logischer Schärfs. Wenn diese traurige Erzählung trotz ihrer Eigenart und Wahrheit nicht
478 1400 2039 1452 so erschütternd wirkt als zum Beispiel Marriots „Geistlicher Tod“, wo auch das Hinschwinden
482 1447 2035 1495 eines Tuberkulosen geschildert wird, so ist der Grund wohl in dem Mangel an Plastik und
464 1498 2035 1557 Farbe zu suchen, der sich namentlich im etwas matten Schlusse bemerkbar macht. Dem
481 1546 2038 1601 Verfasser ist es nur um die Seelenvorgänge zu thun, und da nimmt er auf alles übrige zu
475 1595 2022 1651 wenig Rücksicht. Da er für seine Personen ein so lebhaftes Interesse zu wecken versteht, so
477 1637 2026 1690 möchte man doch auch etwas über ihre Herkunft, den Beginn ihrer Beziehungen, ihre son¬
479 1684 2040 1745 stigen Lebensverhältnisse erfahren. Schnitzler gedenkt dieser Dinge mit keinem Worte, und
472 1739 2033 1797 so nehmen sich seine Personen wie Porträts ohne Hintergrund aus, wie aus der Bildfläche
485 1783 2040 1837 herausgeschnitten, wodurch sie ihre Plastik verlieren. Das ist zwar ein Mangel, aber ein
475 1830 2040 1888 Buch, dem man sonst nichts vorhalten kann, ist gewiß vorzüglich; bei einem andern achtete
484 1878 2039 1934 man hierauf kaum, weil es anderes, Wichtigeres zu tadeln gäbe; daß man es nicht auch in
484 1927 2035 1977 diesem Falle thut, entspringt lediglich dem Wunsche, das Gute möglichst vollkommen zu
478 1975 607 2034 haben.
569 2003 2029 2077 Die deutsche Literatur könnte sich glücklich preisen, wenn sie viele solche Bücher hätte
487 2074 2048 2131 wie diese einfache Erzählung! In Arthur Schnitzler und Richard Beer=Hofmann sind jener
473 2103 2050 2188 zwei Talente erstanden, die zu großen Erwartungen berechtigen. Möchten diese auch erfüllt
478 2167 619 2241 werden!
873 2189 1042 2304 1·6
265 2196 805 2399 A
1349 2269 1584 2394 cE
672 2317 1358 2448 Aekesa
798 2734 2018 2809 Toute l’Allemagne parie d'’un roman d’Adolphe Schnitzier, inti¬
715 2793 2005 2852 tulée Mourü“? (Sterben !. Ce livre est la révelation d’un talent de
729 2842 2000 2903 premier ordre, disent les critiques les plus modérés. Les autres par¬
727 2892 1999 2949 lent déjà de génie, et comparent, sans soureiller, Sterben à Adolplie
714 2947 2003 3005 de Benjamin Constant. Je n’ai que le temps de vous signaler ce
723 2984 2005 3054 volume, qui montre, S’ajoutant áceque nocs savons de Hauptmann,
724 3032 2005 3095 de Sudermann, de B.Wille, de Conrad et d’autres encore, que la
715 3085 2002 3152 renaissance littéraire allemande n’est pas, comme on l’avait dit,
722 3140 2009 3197 un simple feu de paille. II y avraiment, malgré les sourires des
718 3179 2007 3245 sceptiques, une Jenne-Allemagne. Elle le montre de la facon la
719 3233 2007 3304 plus simple et la plus probante, par des cuvres, des cuvres qu’on
718 3280 1993 3340 lit, qu’on commente et qu’on discute d’un bout de l’Europe à l’autre.
706 3323 1998 3386 La nouvelle de M. Schnitzler est, à coup sür, parmi ces cuvres une
707 3378 1995 3439 des plus carackristiques et des plus fortes Nous ne tarderons pas
707 3420 1818 3478 à mettre nos lecteurs en etat d’en juger par eux-memes.
1681 3472 1969 3558 CHANTEGLAIR.
1261 3549 1450 3627 —.2.
2060 3245 2114 3323 Le
2044 3408 2109 3470 de
2055 3456 2130 3509 al
2059 3499 2125 3546 Sal
2046 3539 2110 3586 tre
2053 3575 2123 3622 Sai
2044 3617 2123 3657 dar
2340 72 2781 172 AU JOUR
2710 200 2751 248 R
2344 239 2717 314 M. Arthur Schnitz
2312 297 2642 365 venus parmi les
2309 352 2647 409 magne. On conr
2305 391 2686 460 recueil de nouvell
2313 437 2774 508 actes, ou se révélaien
2305 485 2644 555 nentes, mais qui
2310 536 2615 601 fait sortir du r.
2313 581 2647 653 publia dans la
2312 631 2646 702 un roman intitu
2307 679 2638 750 succès en fut tre
2314 735 2518 800 soit de tot
2318 777 2514 845 court rom
2316 827 2520 891 nouvelle
2319 878 2512 941 Trois pe
2315 929 2485 982 homme
2321 973 2486 1041 unis, Fé
2314 1020 2518 1089 première
2328 1073 2528 1135 par la süre
2313 1118 2511 1182 tails, Féli
2326 1166 2522 1225 teint d’un
2320 1216 2522 1279 plus d’une
2318 1265 2525 1328 rie, et ce
2319 1310 2525 1375 mourra au
2321 1359 2534 1420 ser, de lu
2307 1405 2533 1475 vivre et qu
2320 1453 2538 1523 reuse: ell
2329 1506 2518 1569 dernières
2331 1549 2520 1614 jours de
2321 1603 2538 1677 désirera 1
2334 1646 2535 1711 Jui dans
2329 1694 2526 1756 vivre. Ce
2326 1742 2517 1803 timents
2336 1789 2518 1859 de Sterb
2336 1844 2535 1906 un de no
2335 1885 2535 1959 porté à
2334 1935 2520 1998 ses persc
2328 1984 2551 2049 Schnitzler
2325 2033 2585 2100 aucune bruf
2340 2076 2538 2147 quselle 30
2338 2129 2537 2198 tesse parfe
2322 2175 2586 2247 ce qui s’ével
2332 2224 2553 2291 impatience
2338 2277 2594 2338 et sa pitié, tc
2325 2318 2612 2387 servé, nuancé
2341 2369 2674 2436 j'ajoute que les
2335 2417 2685 2484 sont brefs et so
2343 2468 2605 2533 a une logiqt
2343 2517 2613 2582 presque classi
2337 2564 2679 2635 expliquer le succ
2331 2611 2671 2684 trer que les lett
2329 2650 2611 2729 mais le droit
2331 2711 2610 2774 Schnitzler. —
2862 632 2928 693 2 —
3044 228 3179 309 rniers
3020 340 3067 387 1
3023 386 3186 449 entrois
3123 622 3173 681 Le
3056 727 3096 783 in
3118 778 3176 826 zue
