<?xml version="1.0" encoding="UTF-8" standalone="yes"?>
<PcGts xmlns="http://schema.primaresearch.org/PAGE/gts/pagecontent/2013-07-15" xmlns:xsi="http://www.w3.org/2001/XMLSchema-instance" xsi:schemaLocation="http://schema.primaresearch.org/PAGE/gts/pagecontent/2013-07-15 http://schema.primaresearch.org/PAGE/gts/pagecontent/2013-07-15/pagecontent.xsd">
    <Metadata>
        <Creator>prov=University of Rostock/Institute of Mathematics/CITlab/Gundram Leifert/gundram.leifert@uni-rostock.de:name=ONB_Newseye_GT_M1+(htr_id=10810)::::v=2.4.2
prov=University of Rostock/Institute of Mathematics/CITlab/Tobias Gruening/tobias.gruening@uni-rostock.de:name=de.uros.citlab.module.baseline2polygon.B2PSeamMultiOriented:v=2.4.2
prov=University of Rostock/Institute of Mathematics/CITlab/Tobias Gruening/tobias.gruening@uni-rostock.de:name=/net_tf/LA73_249_0mod360.pb:de.uros.citlab.segmentation.CITlab_LA_ML:v=2.4.2
Transkribus</Creator>
        <Created>2019-10-07T10:29:45.020+02:00</Created>
        <LastChange>2019-10-07T10:33:31.205+02:00</LastChange>
        <TranskribusMetadata docId="223918" pageId="9492597" pageNr="1" tsid="16347592" status="IN_PROGRESS" userId="40391" imgUrl="https://files.transkribus.eu/Get?id=YNMDFYCEJJPXFLVGNGBAESSV&amp;fileType=view" xmlUrl="https://files.transkribus.eu/Get?id=NXFTERAUEDRURIKWMWNAOXOJ" imageId="6182885"/>
    </Metadata>
    <Page imageFilename="223918_0001.jpeg" imageWidth="3276" imageHeight="4068">
        <ReadingOrder>
            <OrderedGroup id="ro_1711444212613" caption="Regions reading order">
                <RegionRefIndexed index="0" regionRef="r1"/>
                <RegionRefIndexed index="1" regionRef="r2"/>
            </OrderedGroup>
        </ReadingOrder>
        <TextRegion orientation="0.0" id="r1" custom="readingOrder {index:0;}">
            <Coords points="305,126 305,281 433,281 433,126"/>
            <TextLine id="r1l1" custom="readingOrder {index:0;}">
                <Coords points="295,250 311,249 319,241 357,249 375,239 379,243 407,226 425,228 443,222 443,180 423,180 401,194 393,188 381,194 348,168 318,165 310,171 294,171"/>
                <Baseline points="305,228 330,229 356,231 381,231 407,229 433,226"/>
                <TextEquiv>
                    <Unicode>3.</Unicode>
                </TextEquiv>
            </TextLine>
            <TextEquiv>
                <Unicode>3.</Unicode>
            </TextEquiv>
        </TextRegion>
        <TextRegion orientation="0.0" id="r2" custom="readingOrder {index:1;}">
            <Coords points="395,205 395,3077 2823,3077 2823,205"/>
            <TextLine id="r2l1" custom="readingOrder {index:0;}">
                <Coords points="438,235 760,240 774,237 776,168 741,172 709,195 647,170 602,179 564,171 535,184 515,172 439,177"/>
                <Baseline points="448,225 474,226 500,228 527,229 553,230 579,230 606,231 632,231 658,231 685,231 711,231 737,231 764,231"/>
                <TextEquiv>
                    <Unicode>Sterben</Unicode>
                </TextEquiv>
            </TextLine>
            <TextLine id="r2l2" custom="readingOrder {index:1;}">
                <Coords points="931,258 1000,236 1058,260 1117,233 1145,252 1174,244 1189,255 1228,238 1254,253 1295,239 1296,191 1244,176 1213,185 1149,173 1127,191 1097,178 1078,195 1062,185 1044,195 1008,169 974,169 933,186"/>
                <Baseline points="942,231 968,234 994,235 1020,237 1047,239 1073,240 1099,241 1126,242 1152,242 1178,242 1205,242 1231,242 1257,241 1284,240"/>
                <TextEquiv>
                    <Unicode>box 1/2</Unicode>
                </TextEquiv>
            </TextLine>
            <TextLine id="r2l3" custom="readingOrder {index:2;}">
                <Coords points="602,266 612,265 616,261 622,262 628,257 636,257 631,212 621,213 612,224 598,224"/>
                <Baseline points="610,250 624,249"/>
                <TextEquiv>
                    <Unicode></Unicode>
                </TextEquiv>
            </TextLine>
            <TextLine id="r2l4" custom="readingOrder {index:3;}">
                <Coords points="575,939 625,946 633,938 684,938 702,940 714,951 734,939 760,949 761,897 743,897 727,913 704,910 684,896 640,893 616,905 575,896"/>
                <Baseline points="586,937 613,938 641,938 668,938 696,938 723,939 751,940"/>
                <TextEquiv>
                    <Unicode>—e Vurfer</Unicode>
                </TextEquiv>
            </TextLine>
            <TextLine id="r2l5" custom="readingOrder {index:4;}">
                <Coords points="2079,976 2723,975 2743,971 2743,926 2575,939 2523,913 2458,936 2343,924 2194,951 2079,938"/>
                <Baseline points="2089,968 2121,968 2153,967 2185,967 2217,967 2250,967 2282,966 2314,966 2346,966 2378,966 2411,966 2443,966 2475,965 2507,965 2539,965 2572,965 2604,965 2636,965 2668,965 2700,965 2733,965"/>
                <TextEquiv>
                    <Unicode>ge, M ernd n P tulne  lich. N.</Unicode>
                </TextEquiv>
            </TextLine>
            <TextLine id="r2l6" custom="readingOrder {index:5;}">
                <Coords points="565,977 1523,987 1686,968 1686,938 1488,906 565,941"/>
                <Baseline points="575,973 630,973 685,973 740,973 795,973 850,973 905,973 960,973 1015,973 1070,973 1125,972 1180,972 1235,972 1290,972 1345,971 1400,971 1455,970 1510,970 1565,969 1620,968 1675,967"/>
                <TextEquiv>
                    <Unicode>Verbleib den Angehörigen Auskunft geren zu müssen, ihren Ent¬</Unicode>
                </TextEquiv>
            </TextLine>
            <TextLine id="r2l7" custom="readingOrder {index:6;}">
                <Coords points="477,986 517,985 528,975 540,978 542,937 530,939 524,936 522,938 516,932 504,935 499,939 495,935 493,937 479,934"/>
                <Baseline points="488,975 530,977"/>
                <TextEquiv>
                    <Unicode>ige</Unicode>
                </TextEquiv>
            </TextLine>
            <TextLine id="r2l8" custom="readingOrder {index:7;}">
                <Coords points="1723,1007 2822,1004 2798,934 2687,978 2084,979 1987,937 1723,933"/>
                <Baseline points="1733,997 1786,998 1840,999 1894,1000 1948,1001 2002,1001 2056,1002 2110,1002 2164,1002 2218,1002 2272,1002 2325,1002 2379,1002 2433,1002 2487,1002 2541,1001 2595,1001 2649,1000 2703,1000 2757,999 2811,999"/>
                <TextEquiv>
                    <Unicode>— Julius kann nichts dafür. — Ich bitte Dich, lieber Ru¬</Unicode>
                </TextEquiv>
            </TextLine>
            <TextLine id="r2l9" custom="readingOrder {index:8;}">
                <Coords points="578,1011 1673,1008 1672,976 1594,970 578,977"/>
                <Baseline points="588,1011 641,1011 695,1011 749,1010 803,1010 856,1010 910,1010 964,1010 1018,1010 1071,1010 1125,1010 1179,1010 1233,1009 1286,1009 1340,1009 1394,1008 1448,1008 1501,1007 1555,1006 1609,1005 1663,1004"/>
                <TextEquiv>
                    <Unicode>schluß zur Reife gebracht haben. Wie Horky sagt, gab er dem</Unicode>
                </TextEquiv>
            </TextLine>
            <TextLine id="r2l10" custom="readingOrder {index:9;}">
                <Coords points="468,1036 478,1037 486,1029 493,1028 498,1030 503,1028 509,1031 513,1029 518,1035 528,1036 531,987 519,987 513,984 495,987 491,985 483,989 471,986"/>
                <Baseline points="478,1019 520,1021"/>
                <TextEquiv>
                    <Unicode>cky</Unicode>
                </TextEquiv>
            </TextLine>
            <TextLine id="r2l11" custom="readingOrder {index:10;}">
                <Coords points="2740,1038 2764,1040 2774,1046 2780,1044 2784,1048 2793,1046 2799,1040 2819,1042 2819,1008 2803,1006 2797,1012 2790,1012 2774,1000 2756,1002 2752,1006 2740,1006"/>
                <Baseline points="2750,1036 2779,1034 2808,1036"/>
                <TextEquiv>
                    <Unicode>Dir</Unicode>
                </TextEquiv>
            </TextLine>
            <TextLine id="r2l12" custom="readingOrder {index:11;}">
                <Coords points="1714,1043 2742,1045 2730,1002 1714,1003"/>
                <Baseline points="1725,1038 1775,1039 1825,1039 1876,1039 1926,1040 1977,1040 2027,1040 2077,1040 2128,1040 2178,1040 2229,1040 2279,1039 2329,1039 2380,1039 2430,1039 2481,1038 2531,1038 2581,1038 2632,1038 2682,1037 2733,1037"/>
                <TextEquiv>
                    <Unicode>dolph, erschieße mich und dann Dich, denn ohne</Unicode>
                </TextEquiv>
            </TextLine>
            <TextLine id="r2l13" custom="readingOrder {index:12;}">
                <Coords points="578,1050 1530,1068 1673,1049 1673,1008 578,1012"/>
                <Baseline points="588,1048 641,1048 695,1048 749,1049 802,1049 856,1049 910,1048 963,1048 1017,1048 1071,1047 1125,1047 1178,1046 1232,1046 1286,1045 1339,1045 1393,1044 1447,1044 1500,1043 1554,1042 1608,1042 1662,1042"/>
                <TextEquiv>
                    <Unicode>Drüngen der Gelicbten nach, setzte den Revolver an den Kopf des</Unicode>
                </TextEquiv>
            </TextLine>
            <TextLine id="r2l14" custom="readingOrder {index:13;}">
                <Coords points="477,1080 497,1082 506,1075 513,1074 518,1081 530,1082 535,1042 525,1041 520,1034 512,1029 506,1031 502,1028 496,1029 484,1026"/>
                <Baseline points="490,1067 522,1071"/>
                <TextEquiv>
                    <Unicode>dke,</Unicode>
                </TextEquiv>
            </TextLine>
            <TextLine id="r2l15" custom="readingOrder {index:14;}">
                <Coords points="1719,1083 2801,1085 2818,1042 1719,1043"/>
                <Baseline points="1729,1077 1782,1076 1836,1076 1890,1075 1944,1075 1998,1075 2052,1075 2106,1075 2160,1076 2214,1076 2268,1076 2321,1076 2375,1076 2429,1076 2483,1076 2537,1076 2591,1076 2645,1075 2699,1075 2753,1074 2807,1073"/>
                <TextEquiv>
                    <Unicode>kein Leben. — Halte Wort, denn Du weist, an meinem Leben liegt</Unicode>
                </TextEquiv>
            </TextLine>
            <TextLine id="r2l16" custom="readingOrder {index:15;}">
                <Coords points="575,1096 1567,1092 1680,1081 1680,1047 575,1051"/>
                <Baseline points="584,1086 638,1085 692,1085 746,1085 801,1085 855,1085 909,1085 964,1085 1018,1085 1072,1085 1127,1085 1181,1084 1235,1084 1289,1084 1344,1083 1398,1083 1452,1082 1507,1081 1561,1080 1615,1079 1670,1077"/>
                <TextEquiv>
                    <Unicode>Mädchens und drückte da der erste Schuß versagte, zwei¬</Unicode>
                </TextEquiv>
            </TextLine>
            <TextLine id="r2l17" custom="readingOrder {index:16;}">
                <Coords points="2513,1124 2582,1124 2596,1112 2652,1124 2677,1114 2705,1134 2729,1112 2767,1124 2783,1115 2820,1119 2820,1083 2808,1081 2739,1075 2721,1087 2687,1077 2650,1088 2638,1076 2612,1086 2513,1080"/>
                <Baseline points="2523,1113 2549,1112 2575,1112 2601,1112 2627,1112 2653,1113 2679,1113 2705,1113 2731,1113 2757,1113 2783,1111 2809,1109"/>
                <TextEquiv>
                    <Unicode>Wie mir ist, kann</Unicode>
                </TextEquiv>
            </TextLine>
            <TextLine id="r2l18" custom="readingOrder {index:17;}">
                <Coords points="2448,1116 2464,1118 2468,1114 2476,1121 2482,1121 2486,1117 2496,1118 2499,1084 2493,1084 2487,1081 2464,1085 2450,1082"/>
                <Baseline points="2458,1111 2486,1113"/>
                <TextEquiv>
                    <Unicode> *</Unicode>
                </TextEquiv>
            </TextLine>
            <TextLine id="r2l19" custom="readingOrder {index:18;}">
                <Coords points="1717,1129 1790,1109 1852,1129 1909,1111 2371,1122 2409,1116 2409,1084 1717,1087"/>
                <Baseline points="1727,1114 1760,1113 1794,1113 1827,1113 1861,1112 1894,1112 1928,1113 1961,1113 1995,1113 2028,1113 2062,1113 2096,1114 2129,1114 2163,1114 2196,1114 2230,1114 2263,1114 2297,1114 2330,1114 2364,1114 2398,1113"/>
                <TextEquiv>
                    <Unicode>mir nichts, denn ich will mit Dir sterben</Unicode>
                </TextEquiv>
            </TextLine>
            <TextLine id="r2l20" custom="readingOrder {index:19;}">
                <Coords points="471,1125 487,1125 497,1131 509,1128 514,1132 521,1126 532,1125 530,1081 518,1081 510,1074 502,1082 494,1082 483,1077 469,1079"/>
                <Baseline points="480,1116 522,1115"/>
                <TextEquiv>
                    <Unicode>gen</Unicode>
                </TextEquiv>
            </TextLine>
            <TextLine id="r2l21" custom="readingOrder {index:20;}">
                <Coords points="569,1131 1611,1149 1680,1125 1680,1082 569,1095"/>
                <Baseline points="580,1125 634,1124 689,1124 743,1123 798,1123 852,1123 907,1122 961,1122 1016,1122 1070,1122 1125,1122 1179,1122 1234,1122 1288,1122 1343,1122 1397,1122 1452,1121 1506,1121 1561,1120 1615,1119 1670,1118"/>
                <TextEquiv>
                    <Unicode>mal los. Mit einem Aufschrei stürzte Marie Wityska zu Tode</Unicode>
                </TextEquiv>
            </TextLine>
            <TextLine id="r2l22" custom="readingOrder {index:21;}">
                <Coords points="1717,1172 2815,1167 2815,1119 2737,1111 1717,1118"/>
                <Baseline points="1726,1150 1780,1151 1834,1152 1888,1152 1942,1153 1996,1153 2050,1153 2104,1153 2158,1153 2212,1153 2266,1153 2320,1153 2374,1153 2428,1153 2482,1152 2536,1152 2590,1152 2644,1151 2698,1151 2752,1151 2806,1151"/>
                <TextEquiv>
                    <Unicode>ich Dir nicht sagen, unser Kaffeehaus ist jetzt ganz todt; Nach¬</Unicode>
                </TextEquiv>
            </TextLine>
            <TextLine id="r2l23" custom="readingOrder {index:22;}">
                <Coords points="577,1181 641,1170 714,1181 726,1169 782,1167 825,1180 909,1178 909,1131 798,1134 772,1122 732,1137 675,1121 641,1136 617,1124 601,1136 576,1132"/>
                <Baseline points="586,1164 612,1163 638,1163 664,1163 690,1162 716,1162 743,1162 769,1161 795,1161 821,1161 847,1161 873,1161 900,1162"/>
                <TextEquiv>
                    <Unicode>getroffen zusammen.</Unicode>
                </TextEquiv>
            </TextLine>
            <TextLine id="r2l24" custom="readingOrder {index:23;}">
                <Coords points="1717,1253 2824,1263 2824,1213 2770,1203 1717,1202"/>
                <Baseline points="1728,1244 1782,1245 1836,1245 1890,1246 1945,1246 1999,1246 2053,1246 2108,1246 2162,1246 2216,1246 2271,1246 2325,1246 2379,1246 2433,1246 2488,1245 2542,1245 2596,1245 2651,1246 2705,1246 2759,1246 2814,1247"/>
                <TextEquiv>
                    <Unicode>wundersame Wandlung. Dem Weibe, das ihm opfermuthig</Unicode>
                </TextEquiv>
            </TextLine>
            <TextLine id="r2l25" custom="readingOrder {index:24;}">
                <Coords points="578,1262 1644,1260 1684,1252 1684,1205 577,1212"/>
                <Baseline points="587,1253 641,1253 695,1253 750,1254 804,1254 858,1254 913,1255 967,1255 1021,1255 1076,1255 1130,1255 1184,1255 1239,1254 1293,1254 1347,1253 1402,1253 1456,1252 1510,1251 1565,1250 1619,1249 1674,1247"/>
                <TextEquiv>
                    <Unicode>Schuhen schüttelte? Warum er Alles, was ihn an uns, an</Unicode>
                </TextEquiv>
            </TextLine>
            <TextLine id="r2l26" custom="readingOrder {index:25;}">
                <Coords points="1718,1293 2813,1292 2813,1259 2762,1249 1718,1255"/>
                <Baseline points="1729,1288 1782,1288 1836,1288 1890,1289 1943,1289 1997,1289 2051,1289 2104,1289 2158,1289 2212,1289 2266,1289 2319,1289 2373,1288 2427,1288 2480,1288 2534,1288 2588,1287 2641,1287 2695,1287 2749,1287 2803,1287"/>
                <TextEquiv>
                    <Unicode>zur Seite steht, nimmt er dessen Gesundheit übel. Er ist eifer¬</Unicode>
                </TextEquiv>
            </TextLine>
            <TextLine id="r2l27" custom="readingOrder {index:26;}">
                <Coords points="574,1303 1673,1297 1672,1253 1618,1247 573,1259"/>
                <Baseline points="584,1296 640,1296 697,1297 754,1297 811,1297 867,1298 924,1298 981,1298 1038,1298 1095,1297 1151,1297 1208,1297 1265,1296 1322,1296 1379,1295 1435,1294 1492,1293 1549,1292 1606,1291 1663,1290"/>
                <TextEquiv>
                    <Unicode>die Seinen fesselt, dahingab um des Erfolges willen?</Unicode>
                </TextEquiv>
            </TextLine>
            <TextLine id="r2l28" custom="readingOrder {index:27;}">
                <Coords points="1724,1339 2627,1352 2814,1339 2814,1293 1724,1302"/>
                <Baseline points="1733,1329 1786,1329 1840,1330 1893,1330 1947,1331 2000,1331 2054,1331 2107,1331 2161,1331 2214,1331 2268,1331 2322,1331 2375,1330 2429,1330 2482,1330 2536,1330 2589,1329 2643,1329 2696,1329 2750,1329 2804,1328"/>
                <TextEquiv>
                    <Unicode>süchtig auf das Leben, und er will das Mädchen mit sich in</Unicode>
                </TextEquiv>
            </TextLine>
            <TextLine id="r2l29" custom="readingOrder {index:28;}">
                <Coords points="574,1352 1643,1348 1681,1301 574,1303"/>
                <Baseline points="585,1339 639,1339 693,1338 747,1338 802,1338 856,1338 910,1338 964,1338 1019,1338 1073,1338 1127,1338 1181,1338 1236,1338 1290,1337 1344,1337 1398,1336 1453,1336 1507,1334 1561,1333 1615,1332 1670,1330"/>
                <TextEquiv>
                    <Unicode>Selten nur dringen wir so tief; in solchen Aus¬</Unicode>
                </TextEquiv>
            </TextLine>
            <TextLine id="r2l30" custom="readingOrder {index:29;}">
                <Coords points="1710,1383 2815,1376 2771,1328 1710,1334"/>
                <Baseline points="1721,1371 1775,1371 1829,1371 1883,1371 1938,1371 1992,1372 2046,1372 2100,1372 2155,1372 2209,1372 2263,1372 2317,1372 2372,1373 2426,1372 2480,1372 2534,1372 2589,1372 2643,1371 2697,1371 2751,1370 2806,1369"/>
                <TextEquiv>
                    <Unicode>das Grab hinabziehen, nicht aus Liebe, sondern aus Miß¬</Unicode>
                </TextEquiv>
            </TextLine>
            <TextLine id="r2l31" custom="readingOrder {index:30;}">
                <Coords points="575,1393 1269,1401 1420,1362 1483,1398 1672,1382 1672,1331 575,1351"/>
                <Baseline points="586,1383 639,1381 693,1381 747,1380 801,1380 855,1380 909,1380 962,1380 1016,1380 1070,1380 1124,1380 1178,1381 1232,1381 1286,1381 1339,1380 1393,1380 1447,1380 1501,1378 1555,1378 1609,1376 1663,1374"/>
                <TextEquiv>
                    <Unicode>nahmsfällen zucken wir überlegen die Achseln und</Unicode>
                </TextEquiv>
            </TextLine>
            <TextLine id="r2l32" custom="readingOrder {index:31;}">
                <Coords points="1726,1429 2809,1427 2821,1376 1726,1382"/>
                <Baseline points="1736,1416 1789,1415 1843,1415 1897,1414 1951,1414 2005,1414 2058,1414 2112,1414 2166,1414 2220,1414 2274,1414 2327,1414 2381,1414 2435,1414 2489,1414 2543,1414 2596,1414 2650,1413 2704,1413 2758,1413 2812,1412"/>
                <TextEquiv>
                    <Unicode>gunst. Ehe ihm das Fürchterliche aber gelingt, entflieht die</Unicode>
                </TextEquiv>
            </TextLine>
            <TextLine id="r2l33" custom="readingOrder {index:32;}">
                <Coords points="571,1430 1684,1428 1683,1386 1591,1378 571,1392"/>
                <Baseline points="581,1423 635,1423 690,1423 744,1423 799,1423 854,1423 908,1423 963,1422 1018,1422 1072,1422 1127,1422 1182,1421 1236,1421 1291,1421 1346,1420 1400,1420 1455,1419 1510,1419 1564,1418 1619,1417 1674,1417"/>
                <TextEquiv>
                    <Unicode>meinen, wir seien eben viel zu fein, wir seien</Unicode>
                </TextEquiv>
            </TextLine>
            <TextLine id="r2l34" custom="readingOrder {index:33;}">
                <Coords points="1714,1469 2763,1471 2821,1463 2821,1425 1714,1429"/>
                <Baseline points="1725,1456 1779,1457 1833,1457 1888,1457 1942,1457 1996,1457 2051,1457 2105,1457 2159,1457 2214,1457 2268,1457 2322,1457 2377,1457 2431,1456 2485,1456 2540,1456 2594,1456 2648,1456 2703,1455 2757,1455 2812,1455"/>
                <TextEquiv>
                    <Unicode>grausam gewerdene Seele. Der Gedanke, einen Menschen</Unicode>
                </TextEquiv>
            </TextLine>
            <TextLine id="r2l35" custom="readingOrder {index:34;}">
                <Coords points="574,1470 1548,1482 1675,1467 1675,1425 574,1429"/>
                <Baseline points="584,1466 638,1465 692,1465 746,1465 800,1465 854,1465 908,1465 962,1465 1016,1465 1070,1465 1125,1465 1179,1465 1233,1464 1287,1464 1341,1464 1395,1463 1449,1463 1503,1462 1557,1462 1611,1461 1666,1460"/>
                <TextEquiv>
                    <Unicode>viel zu gebildet, wir ständen viel zu hoch, als daß jener</Unicode>
                </TextEquiv>
            </TextLine>
            <TextLine id="r2l36" custom="readingOrder {index:35;}">
                <Coords points="1712,1504 2823,1508 2823,1468 2641,1452 1712,1469"/>
                <Baseline points="1721,1498 1775,1498 1830,1499 1884,1499 1939,1499 1993,1499 2048,1499 2102,1499 2157,1499 2211,1499 2266,1499 2321,1499 2375,1499 2430,1499 2484,1498 2539,1498 2593,1498 2648,1498 2702,1497 2757,1497 2812,1497"/>
                <TextEquiv>
                    <Unicode>vorzuführen, der deutlich gewahrt, wie er allmälig die Beute</Unicode>
                </TextEquiv>
            </TextLine>
            <TextLine id="r2l37" custom="readingOrder {index:36;}">
                <Coords points="447,1512 457,1512 461,1507 477,1505 494,1506 500,1512 510,1508 516,1514 528,1513 526,1461 514,1461 510,1457 498,1460 488,1450 481,1448 474,1456 459,1449 445,1451"/>
                <Baseline points="458,1502 488,1500 518,1500"/>
                <TextEquiv>
                    <Unicode>rill¬</Unicode>
                </TextEquiv>
            </TextLine>
            <TextLine id="r2l38" custom="readingOrder {index:37;}">
                <Coords points="576,1512 1685,1509 1684,1468 1584,1460 576,1470"/>
                <Baseline points="585,1507 639,1507 694,1507 748,1507 803,1507 857,1507 912,1507 966,1507 1021,1507 1075,1507 1130,1507 1184,1507 1239,1507 1293,1506 1348,1506 1402,1505 1457,1505 1511,1505 1566,1504 1620,1503 1675,1503"/>
                <TextEquiv>
                    <Unicode>Emporkömmling auch bei uns hätte seinen Weg machen</Unicode>
                </TextEquiv>
            </TextLine>
            <TextLine id="r2l39" custom="readingOrder {index:38;}">
                <Coords points="1722,1552 2760,1554 2825,1547 2825,1505 1722,1506"/>
                <Baseline points="1731,1541 1785,1541 1839,1541 1893,1541 1947,1541 2002,1541 2056,1541 2110,1540 2164,1540 2218,1540 2273,1540 2327,1540 2381,1539 2435,1539 2489,1539 2544,1539 2598,1539 2652,1539 2706,1539 2760,1539 2815,1539"/>
                <TextEquiv>
                    <Unicode>des Todes wird und der deshalb selbst die Serse rühren</Unicode>
                </TextEquiv>
            </TextLine>
            <TextLine id="r2l40" custom="readingOrder {index:39;}">
                <Coords points="450,1550 464,1548 474,1559 478,1555 488,1555 496,1546 528,1550 528,1514 516,1514 506,1506 500,1512 494,1506 450,1508"/>
                <Baseline points="460,1543 489,1543 518,1543"/>
                <TextEquiv>
                    <Unicode>hier</Unicode>
                </TextEquiv>
            </TextLine>
            <TextLine id="r2l41" custom="readingOrder {index:40;}">
                <Coords points="574,1554 1685,1547 1684,1509 1626,1505 573,1512"/>
                <Baseline points="584,1550 638,1550 693,1550 747,1550 802,1550 856,1550 911,1549 965,1549 1020,1549 1074,1549 1129,1548 1183,1548 1238,1548 1292,1547 1347,1547 1401,1547 1456,1547 1510,1546 1565,1546 1619,1546 1674,1546"/>
                <TextEquiv>
                    <Unicode>können. Nein, wir sind viel zu gescheidt. Wir brauchen keine</Unicode>
                </TextEquiv>
            </TextLine>
            <TextLine id="r2l42" custom="readingOrder {index:41;}">
                <Coords points="1723,1596 1840,1569 2001,1605 2820,1596 2819,1548 2688,1538 1723,1551"/>
                <Baseline points="1733,1583 1786,1583 1840,1583 1894,1583 1948,1583 2002,1583 2055,1583 2109,1583 2163,1583 2217,1583 2271,1583 2324,1583 2378,1583 2432,1583 2486,1583 2540,1582 2593,1582 2647,1581 2701,1580 2755,1579 2809,1578"/>
                <TextEquiv>
                    <Unicode>möchte dieser Gedanke ist von einer eigenthümlichen Macht</Unicode>
                </TextEquiv>
            </TextLine>
            <TextLine id="r2l43" custom="readingOrder {index:42;}">
                <Coords points="458,1601 468,1601 480,1591 498,1593 506,1589 520,1599 530,1599 530,1553 520,1553 510,1546 506,1548 496,1546 488,1555 478,1555 470,1561 458,1561"/>
                <Baseline points="467,1587 493,1586 520,1587"/>
                <TextEquiv>
                    <Unicode>heit,</Unicode>
                </TextEquiv>
            </TextLine>
            <TextLine id="r2l44" custom="readingOrder {index:43;}">
                <Coords points="573,1605 1412,1581 1585,1611 1680,1594 1680,1552 573,1554"/>
                <Baseline points="584,1592 638,1592 692,1591 746,1591 801,1591 855,1591 909,1591 963,1591 1018,1591 1072,1591 1126,1591 1180,1591 1235,1591 1289,1590 1343,1590 1397,1590 1452,1589 1506,1588 1560,1588 1614,1587 1669,1585"/>
                <TextEquiv>
                    <Unicode>Literatur. Dichter sind nicht so nothwendig, wie man uns</Unicode>
                </TextEquiv>
            </TextLine>
            <TextLine id="r2l45" custom="readingOrder {index:44;}">
                <Coords points="1720,1631 2755,1637 2823,1631 2823,1593 1720,1594"/>
                <Baseline points="1731,1625 1785,1625 1839,1625 1893,1625 1947,1625 2001,1625 2055,1625 2109,1625 2163,1625 2217,1625 2272,1625 2326,1625 2380,1625 2434,1624 2488,1624 2542,1624 2596,1624 2650,1624 2704,1624 2758,1624 2813,1623"/>
                <TextEquiv>
                    <Unicode>und Schönheit. Er ist schwarz in seiner Tiefe und tief in</Unicode>
                </TextEquiv>
            </TextLine>
            <TextLine id="r2l46" custom="readingOrder {index:45;}">
                <Coords points="476,1633 488,1633 496,1639 500,1637 502,1639 508,1633 512,1637 516,1637 520,1633 536,1635 536,1595 518,1597 508,1589 500,1593 476,1591"/>
                <Baseline points="485,1625 527,1625"/>
                <TextEquiv>
                    <Unicode>die</Unicode>
                </TextEquiv>
            </TextLine>
            <TextLine id="r2l47" custom="readingOrder {index:46;}">
                <Coords points="581,1648 1676,1636 1636,1592 581,1600"/>
                <Baseline points="592,1633 645,1633 699,1634 752,1634 806,1634 860,1634 913,1634 967,1634 1021,1634 1074,1634 1128,1634 1182,1633 1235,1633 1289,1633 1343,1632 1396,1631 1450,1631 1504,1630 1557,1629 1611,1628 1665,1627"/>
                <TextEquiv>
                    <Unicode>glauben machen will. Beileibe nicht. Theaterstücke von</Unicode>
                </TextEquiv>
            </TextLine>
            <TextLine id="r2l48" custom="readingOrder {index:47;}">
                <Coords points="1720,1679 2813,1684 2791,1627 1720,1631"/>
                <Baseline points="1730,1667 1783,1667 1837,1667 1890,1668 1944,1668 1998,1668 2051,1667 2105,1667 2158,1667 2212,1667 2266,1667 2319,1666 2373,1666 2426,1666 2480,1666 2534,1666 2587,1666 2641,1666 2694,1666 2748,1667 2802,1668"/>
                <TextEquiv>
                    <Unicode>seiner Schwärze. Er stößt ab und fesselt. Er ist widerlich,</Unicode>
                </TextEquiv>
            </TextLine>
            <TextLine id="r2l49" custom="readingOrder {index:48;}">
                <Coords points="453,1674 479,1675 485,1671 495,1677 501,1673 531,1676 532,1633 520,1633 516,1637 506,1635 498,1639 480,1630 453,1630"/>
                <Baseline points="462,1669 491,1670 521,1670"/>
                <TextEquiv>
                    <Unicode>lber.</Unicode>
                </TextEquiv>
            </TextLine>
            <TextLine id="r2l50" custom="readingOrder {index:49;}">
                <Coords points="567,1685 1557,1690 1683,1676 1683,1639 566,1645"/>
                <Baseline points="577,1675 631,1676 686,1676 741,1676 796,1676 851,1676 905,1676 960,1676 1015,1675 1070,1675 1125,1675 1179,1675 1234,1674 1289,1674 1344,1674 1399,1673 1453,1673 1508,1672 1563,1672 1618,1671 1673,1671"/>
                <TextEquiv>
                    <Unicode>Leut, welche hier, welche „loco“ im Kaffeehause gesehen</Unicode>
                </TextEquiv>
            </TextLine>
            <TextLine id="r2l51" custom="readingOrder {index:50;}">
                <Coords points="1713,1719 2435,1726 2699,1711 2699,1675 1713,1677"/>
                <Baseline points="1722,1708 1770,1708 1818,1709 1866,1709 1915,1709 1963,1709 2011,1709 2060,1709 2108,1709 2156,1709 2205,1709 2253,1708 2301,1708 2349,1708 2398,1708 2446,1708 2494,1707 2543,1707 2591,1707 2639,1708 2688,1708"/>
                <TextEquiv>
                    <Unicode>weil er wahr ist, und erhaben aus demselben Grunde.</Unicode>
                </TextEquiv>
            </TextLine>
            <TextLine id="r2l52" custom="readingOrder {index:51;}">
                <Coords points="448,1718 474,1714 486,1719 492,1717 506,1725 517,1716 539,1718 540,1676 502,1673 496,1677 484,1672 465,1676 449,1673"/>
                <Baseline points="458,1709 493,1711 528,1711"/>
                <TextEquiv>
                    <Unicode>diese</Unicode>
                </TextEquiv>
            </TextLine>
            <TextLine id="r2l53" custom="readingOrder {index:52;}">
                <Coords points="577,1729 1672,1726 1659,1674 577,1684"/>
                <Baseline points="586,1716 639,1717 693,1717 747,1717 801,1718 854,1718 908,1718 962,1718 1016,1718 1069,1717 1123,1717 1177,1717 1231,1716 1284,1716 1338,1715 1392,1715 1446,1714 1499,1713 1553,1712 1607,1711 1661,1710"/>
                <TextEquiv>
                    <Unicode>werden können, die führen wir nicht auf. Lächerlich! Sind</Unicode>
                </TextEquiv>
            </TextLine>
            <TextLine id="r2l54" custom="readingOrder {index:53;}">
                <Coords points="1801,1762 2799,1762 2819,1707 1800,1710"/>
                <Baseline points="1811,1750 1860,1750 1910,1751 1960,1751 2010,1751 2060,1751 2110,1751 2160,1751 2210,1751 2260,1751 2310,1751 2359,1750 2409,1750 2459,1750 2509,1750 2559,1749 2609,1749 2659,1749 2709,1749 2759,1749 2809,1749"/>
                <TextEquiv>
                    <Unicode>Die Art, in der Schnitzler sein Thema durchführt, be¬</Unicode>
                </TextEquiv>
            </TextLine>
            <TextLine id="r2l55" custom="readingOrder {index:54;}">
                <Coords points="578,1769 1613,1769 1685,1759 1685,1721 578,1733"/>
                <Baseline points="588,1760 642,1760 696,1760 751,1760 805,1760 860,1760 914,1760 968,1760 1023,1759 1077,1759 1132,1759 1186,1759 1240,1758 1295,1758 1349,1757 1404,1757 1458,1756 1512,1756 1567,1755 1621,1755 1676,1754"/>
                <TextEquiv>
                    <Unicode>unsere Theater Versuchsbühnen? Ja, wenn man es draußen</Unicode>
                </TextEquiv>
            </TextLine>
            <TextLine id="r2l56" custom="readingOrder {index:55;}">
                <Coords points="1721,1804 2819,1801 2819,1761 2753,1749 2279,1771 1721,1737"/>
                <Baseline points="1731,1793 1784,1793 1838,1793 1892,1793 1946,1793 2000,1793 2054,1793 2108,1793 2162,1793 2216,1794 2270,1794 2323,1793 2377,1793 2431,1793 2485,1793 2539,1793 2593,1793 2647,1793 2701,1793 2755,1792 2809,1792"/>
                <TextEquiv>
                    <Unicode>weist ungewöhnliche Begabung, die auf dem Wege zu ihrer</Unicode>
                </TextEquiv>
            </TextLine>
            <TextLine id="r2l57" custom="readingOrder {index:56;}">
                <Coords points="573,1807 1653,1810 1681,1761 572,1771"/>
                <Baseline points="583,1801 637,1802 691,1802 746,1802 800,1802 855,1802 909,1802 964,1802 1018,1801 1073,1801 1127,1801 1181,1801 1236,1800 1290,1800 1345,1800 1399,1799 1454,1798 1508,1798 1563,1797 1617,1796 1672,1796"/>
                <TextEquiv>
                    <Unicode>wagt, wenn das Ding draußen gefällt, dann lassen wir uns</Unicode>
                </TextEquiv>
            </TextLine>
            <TextLine id="r2l58" custom="readingOrder {index:57;}">
                <Coords points="1711,1841 2832,1840 2795,1796 1710,1800"/>
                <Baseline points="1720,1835 1775,1835 1830,1835 1885,1835 1940,1835 1995,1835 2050,1835 2105,1835 2160,1835 2215,1835 2271,1835 2326,1834 2381,1834 2436,1834 2491,1833 2546,1833 2601,1833 2656,1832 2711,1832 2766,1831 2822,1831"/>
                <TextEquiv>
                    <Unicode>vollen Selbstständigkeit ist. Damit haben wir bereits auf die</Unicode>
                </TextEquiv>
            </TextLine>
            <TextLine id="r2l59" custom="readingOrder {index:58;}">
                <Coords points="582,1852 1673,1849 1672,1808 1606,1797 582,1806"/>
                <Baseline points="592,1843 645,1843 699,1843 752,1843 806,1843 859,1843 913,1843 966,1843 1020,1843 1073,1843 1127,1843 1181,1842 1234,1842 1288,1842 1341,1841 1395,1841 1448,1840 1502,1839 1555,1839 1609,1838 1663,1837"/>
                <TextEquiv>
                    <Unicode>hervei. Und was ist das Ergebniß solcher Haltung? Wenn</Unicode>
                </TextEquiv>
            </TextLine>
            <TextLine id="r2l60" custom="readingOrder {index:59;}">
                <Coords points="1708,1898 2827,1897 2827,1844 2756,1833 1708,1841"/>
                <Baseline points="1719,1877 1773,1878 1828,1878 1883,1878 1938,1878 1993,1878 2048,1878 2102,1877 2157,1877 2212,1877 2267,1877 2322,1876 2377,1876 2432,1876 2486,1875 2541,1875 2596,1875 2651,1874 2706,1874 2761,1874 2816,1874"/>
                <TextEquiv>
                    <Unicode>Vorzüge und Mängel, auf die Licht= und Schattenseiten hin¬</Unicode>
                </TextEquiv>
            </TextLine>
            <TextLine id="r2l61" custom="readingOrder {index:60;}">
                <Coords points="444,1900 466,1898 481,1884 497,1884 503,1890 513,1882 519,1888 525,1888 533,1880 543,1880 543,1846 521,1848 501,1840 485,1846 473,1834 465,1838 461,1834 456,1838 444,1838"/>
                <Baseline points="454,1879 480,1879 506,1878 533,1880"/>
                <TextEquiv>
                    <Unicode>habe</Unicode>
                </TextEquiv>
            </TextLine>
            <TextLine id="r2l62" custom="readingOrder {index:61;}">
                <Coords points="582,1902 1542,1877 1603,1903 1679,1895 1679,1848 582,1852"/>
                <Baseline points="592,1886 645,1886 699,1886 753,1886 807,1886 861,1886 914,1886 968,1885 1022,1885 1076,1885 1130,1884 1183,1884 1237,1883 1291,1883 1345,1883 1399,1882 1452,1882 1506,1882 1560,1882 1614,1882 1668,1882"/>
                <TextEquiv>
                    <Unicode>Hauptmann, Sudermann und Fulda Wiener gewesen wären,</Unicode>
                </TextEquiv>
            </TextLine>
            <TextLine id="r2l63" custom="readingOrder {index:62;}">
                <Coords points="1714,1936 2738,1936 2819,1916 2819,1873 1714,1888"/>
                <Baseline points="1724,1920 1778,1920 1832,1920 1886,1920 1940,1920 1995,1920 2049,1920 2103,1919 2157,1919 2211,1919 2266,1919 2320,1918 2374,1918 2428,1918 2482,1917 2537,1917 2591,1917 2645,1917 2699,1917 2753,1916 2808,1916"/>
                <TextEquiv>
                    <Unicode>gedeutet. Je ausgeprägter eine Individualität, desto ent¬</Unicode>
                </TextEquiv>
            </TextLine>
            <TextLine id="r2l64" custom="readingOrder {index:63;}">
                <Coords points="432,1930 446,1930 456,1936 468,1926 488,1931 492,1927 514,1927 530,1935 542,1934 542,1882 531,1882 524,1888 507,1885 503,1889 485,1883 471,1891 463,1883 451,1882 441,1890 431,1890"/>
                <Baseline points="442,1922 472,1922 502,1922 532,1920"/>
                <TextEquiv>
                    <Unicode>licken</Unicode>
                </TextEquiv>
            </TextLine>
            <TextLine id="r2l65" custom="readingOrder {index:64;}">
                <Coords points="588,1934 1568,1938 1679,1927 1679,1891 588,1904"/>
                <Baseline points="598,1928 651,1928 705,1928 758,1928 812,1928 866,1928 919,1928 973,1928 1026,1927 1080,1927 1134,1927 1187,1926 1241,1926 1294,1925 1348,1925 1402,1924 1455,1924 1509,1923 1562,1923 1616,1923 1670,1922"/>
                <TextEquiv>
                    <Unicode>ie hätten ihre Dichtung nach Berlin senden müssen, wie</Unicode>
                </TextEquiv>
            </TextLine>
            <TextLine id="r2l66" custom="readingOrder {index:65;}">
                <Coords points="1732,1967 2823,1974 2822,1915 1732,1930"/>
                <Baseline points="1741,1961 1794,1961 1848,1961 1901,1962 1955,1962 2008,1962 2062,1962 2115,1961 2169,1961 2222,1961 2276,1961 2330,1961 2383,1960 2437,1960 2490,1960 2544,1960 2597,1959 2651,1959 2704,1959 2758,1959 2812,1959"/>
                <TextEquiv>
                    <Unicode>chiedener treten ihre Eigenschaften zutage. Wir wollen das</Unicode>
                </TextEquiv>
            </TextLine>
            <TextLine id="r2l67" custom="readingOrder {index:66;}">
                <Coords points="458,1970 474,1972 480,1968 488,1974 498,1968 512,1970 532,1968 532,1928 500,1930 492,1926 488,1930 486,1928 478,1930 472,1926 458,1926"/>
                <Baseline points="467,1963 495,1963 523,1963"/>
                <TextEquiv>
                    <Unicode>dem</Unicode>
                </TextEquiv>
            </TextLine>
            <TextLine id="r2l68" custom="readingOrder {index:67;}">
                <Coords points="573,1972 1682,1984 1681,1927 572,1936"/>
                <Baseline points="582,1970 636,1970 691,1970 745,1970 800,1970 854,1970 909,1970 963,1969 1018,1969 1072,1969 1127,1968 1181,1968 1236,1968 1290,1967 1345,1967 1399,1966 1454,1966 1508,1965 1563,1965 1617,1964 1672,1964"/>
                <TextEquiv>
                    <Unicode>Anzengruber, sie wären nach Berlin ausgewandert wie</Unicode>
                </TextEquiv>
            </TextLine>
            <TextLine id="r2l69" custom="readingOrder {index:68;}">
                <Coords points="1710,2007 2823,2010 2823,1974 2734,1958 1710,1973"/>
                <Baseline points="1719,2003 1773,2003 1828,2004 1882,2004 1937,2004 1992,2004 2046,2004 2101,2003 2156,2003 2210,2003 2265,2003 2320,2003 2374,2002 2429,2002 2484,2002 2538,2002 2593,2002 2648,2001 2702,2001 2757,2001 2812,2001"/>
                <TextEquiv>
                    <Unicode>Vortheilhafte hervorheben, das Abträgliche nicht verschweigen.</Unicode>
                </TextEquiv>
            </TextLine>
            <TextLine id="r2l70" custom="readingOrder {index:69;}">
                <Coords points="430,2023 442,2024 459,2011 480,2019 490,2013 502,2018 518,2011 534,2012 531,1968 515,1971 503,1967 491,1970 487,1975 478,1967 464,1970 460,1966 426,1966"/>
                <Baseline points="439,2011 467,2004 495,2003 523,2005"/>
                <TextEquiv>
                    <Unicode>Paris</Unicode>
                </TextEquiv>
            </TextLine>
            <TextLine id="r2l71" custom="readingOrder {index:70;}">
                <Coords points="575,2025 1684,2016 1684,1981 1595,1964 575,1974"/>
                <Baseline points="585,2013 639,2012 693,2012 748,2012 802,2012 857,2012 911,2012 966,2012 1020,2012 1075,2011 1129,2011 1183,2011 1238,2011 1292,2010 1347,2010 1401,2009 1456,2008 1510,2008 1565,2006 1619,2006 1674,2004"/>
                <TextEquiv>
                    <Unicode>Mauthner. Kurz: Wien war ein Literaturstadt. Das schön¬</Unicode>
                </TextEquiv>
            </TextLine>
            <TextLine id="r2l72" custom="readingOrder {index:71;}">
                <Coords points="1716,2055 2819,2050 2803,2005 1716,2009"/>
                <Baseline points="1726,2046 1780,2046 1834,2046 1888,2045 1942,2045 1997,2045 2051,2045 2105,2045 2159,2044 2213,2044 2268,2044 2322,2044 2376,2044 2430,2043 2484,2043 2539,2043 2593,2043 2647,2043 2701,2043 2755,2043 2810,2043"/>
                <TextEquiv>
                    <Unicode>Dabei müssen wir aber Eines sogleich in den Vordergrund</Unicode>
                </TextEquiv>
            </TextLine>
            <TextLine id="r2l73" custom="readingOrder {index:72;}">
                <Coords points="432,2066 452,2065 463,2056 467,2058 475,2053 497,2056 509,2063 531,2062 534,2013 518,2011 508,2018 502,2018 498,2013 479,2018 459,2011 445,2020 435,2020"/>
                <Baseline points="443,2048 469,2047 495,2049 521,2052"/>
                <TextEquiv>
                    <Unicode>gung.</Unicode>
                </TextEquiv>
            </TextLine>
            <TextLine id="r2l74" custom="readingOrder {index:73;}">
                <Coords points="566,2063 1679,2075 1678,2011 565,2026"/>
                <Baseline points="575,2054 629,2054 684,2054 738,2054 793,2054 848,2054 902,2054 957,2054 1012,2054 1066,2054 1121,2054 1176,2053 1230,2053 1285,2053 1340,2053 1394,2052 1449,2052 1504,2051 1558,2051 1613,2051 1668,2050"/>
                <TextEquiv>
                    <Unicode>geistige, das belletristische, das künstlerische Wien, es ist ge¬</Unicode>
                </TextEquiv>
            </TextLine>
            <TextLine id="r2l75" custom="readingOrder {index:74;}">
                <Coords points="1711,2094 2822,2103 2797,2049 1710,2055"/>
                <Baseline points="1721,2087 1775,2087 1830,2088 1884,2088 1939,2088 1993,2088 2048,2087 2102,2087 2157,2087 2211,2087 2266,2086 2320,2086 2375,2085 2429,2085 2484,2085 2538,2085 2593,2084 2647,2084 2702,2084 2756,2084 2811,2085"/>
                <TextEquiv>
                    <Unicode>rücken; das Rühmliche tritt mit freier Behendigkeit vor uns</Unicode>
                </TextEquiv>
            </TextLine>
            <TextLine id="r2l76" custom="readingOrder {index:75;}">
                <Coords points="458,2091 468,2091 486,2103 494,2097 500,2103 512,2097 520,2097 526,2103 538,2101 538,2059 524,2057 520,2061 508,2063 496,2055 486,2057 482,2053 474,2053 468,2059 458,2059"/>
                <Baseline points="467,2088 498,2090 529,2088"/>
                <TextEquiv>
                    <Unicode>den</Unicode>
                </TextEquiv>
            </TextLine>
            <TextLine id="r2l77" custom="readingOrder {index:76;}">
                <Coords points="587,2121 634,2129 676,2100 777,2114 857,2097 888,2117 920,2095 1150,2110 1150,2068 1089,2056 940,2073 904,2059 587,2066"/>
                <Baseline points="598,2095 625,2096 652,2097 679,2097 706,2097 733,2098 760,2098 787,2097 814,2097 841,2097 868,2097 895,2096 922,2096 949,2096 976,2096 1003,2095 1030,2095 1057,2095 1084,2095 1111,2095 1139,2096"/>
                <TextEquiv>
                    <Unicode>torben oder es ist im Sterben.</Unicode>
                </TextEquiv>
            </TextLine>
            <TextLine id="r2l78" custom="readingOrder {index:77;}">
                <Coords points="1714,2142 2819,2137 2819,2104 2747,2088 1714,2094"/>
                <Baseline points="1725,2128 1779,2129 1833,2129 1887,2129 1942,2129 1996,2129 2050,2129 2104,2129 2159,2129 2213,2129 2267,2129 2321,2128 2376,2128 2430,2128 2484,2128 2538,2127 2593,2127 2647,2127 2701,2126 2755,2126 2810,2125"/>
                <TextEquiv>
                    <Unicode>hin, das Tadelnswerthe muß erst durch die Kritik aus¬</Unicode>
                </TextEquiv>
            </TextLine>
            <TextLine id="r2l79" custom="readingOrder {index:78;}">
                <Coords points="433,2143 445,2142 452,2146 469,2138 486,2145 498,2137 512,2145 516,2141 540,2142 539,2102 509,2096 501,2103 495,2099 487,2103 448,2080 432,2082"/>
                <Baseline points="444,2134 472,2132 501,2131 530,2132"/>
                <TextEquiv>
                    <Unicode>tümer</Unicode>
                </TextEquiv>
            </TextLine>
            <TextLine id="r2l80" custom="readingOrder {index:79;}">
                <Coords points="660,2146 1577,2148 1678,2138 1678,2077 1440,2107 1329,2081 1279,2108 659,2101"/>
                <Baseline points="670,2140 719,2139 769,2139 819,2139 869,2138 919,2138 969,2138 1019,2138 1069,2137 1119,2137 1169,2137 1218,2137 1268,2137 1318,2137 1368,2136 1418,2136 1468,2136 1518,2135 1568,2134 1618,2133 1668,2132"/>
                <TextEquiv>
                    <Unicode>Und darum ist es denn auch kennzeichnend, daß das</Unicode>
                </TextEquiv>
            </TextLine>
            <TextLine id="r2l81" custom="readingOrder {index:80;}">
                <Coords points="1713,2187 2758,2187 2816,2177 2816,2137 1713,2141"/>
                <Baseline points="1723,2171 1777,2171 1831,2172 1885,2171 1939,2171 1993,2171 2047,2171 2102,2171 2156,2171 2210,2171 2264,2170 2318,2170 2372,2170 2426,2170 2481,2170 2535,2170 2589,2170 2643,2170 2697,2170 2751,2170 2806,2170"/>
                <TextEquiv>
                    <Unicode>gemittelt werden. Ehe diese jedoch das Gegensätzliche gegen</Unicode>
                </TextEquiv>
            </TextLine>
            <TextLine id="r2l82" custom="readingOrder {index:81;}">
                <Coords points="414,2180 436,2184 442,2178 476,2178 481,2182 501,2178 511,2184 517,2178 535,2178 535,2141 510,2143 498,2137 484,2146 468,2138 462,2142 444,2142 428,2132 414,2132"/>
                <Baseline points="425,2172 450,2174 475,2174 500,2173 525,2172"/>
                <TextEquiv>
                    <Unicode>ratur¬</Unicode>
                </TextEquiv>
            </TextLine>
            <TextLine id="r2l83" custom="readingOrder {index:82;}">
                <Coords points="569,2208 1674,2183 1673,2141 1607,2133 568,2131"/>
                <Baseline points="579,2184 633,2183 687,2183 741,2182 796,2182 850,2181 904,2181 958,2181 1013,2181 1067,2180 1121,2180 1175,2180 1230,2179 1284,2179 1338,2179 1392,2178 1447,2178 1501,2177 1555,2176 1609,2175 1664,2174"/>
                <TextEquiv>
                    <Unicode>jüngste Werk*) eines jungen Wiener Poeten den düsteren Titel</Unicode>
                </TextEquiv>
            </TextLine>
            <TextLine id="r2l84" custom="readingOrder {index:83;}">
                <Coords points="1721,2219 2822,2222 2787,2174 1721,2184"/>
                <Baseline points="1732,2214 1786,2214 1840,2214 1894,2214 1948,2214 2002,2214 2056,2213 2110,2213 2164,2213 2218,2213 2272,2213 2326,2213 2380,2212 2434,2212 2488,2212 2542,2211 2596,2211 2650,2211 2704,2210 2758,2210 2812,2210"/>
                <TextEquiv>
                    <Unicode>einander abzuwägen beginnt, hat sie sich zu fragen, was ein</Unicode>
                </TextEquiv>
            </TextLine>
            <TextLine id="r2l85" custom="readingOrder {index:84;}">
                <Coords points="433,2224 473,2225 481,2219 538,2224 537,2180 517,2178 511,2184 504,2180 496,2184 490,2178 486,2181 444,2177 432,2180"/>
                <Baseline points="443,2217 471,2215 499,2215 527,2215"/>
                <TextEquiv>
                    <Unicode>Wien</Unicode>
                </TextEquiv>
            </TextLine>
            <TextLine id="r2l86" custom="readingOrder {index:85;}">
                <Coords points="596,2232 1449,2238 1683,2222 1683,2184 596,2190"/>
                <Baseline points="606,2224 659,2224 712,2224 766,2223 819,2223 872,2223 926,2223 979,2222 1032,2222 1086,2222 1139,2221 1192,2221 1246,2220 1299,2220 1352,2220 1406,2219 1459,2219 1512,2218 1566,2218 1619,2217 1673,2217"/>
                <TextEquiv>
                    <Unicode>Sterben“ an sich trägt. Jugend und Poesie, beide wenden</Unicode>
                </TextEquiv>
            </TextLine>
            <TextLine id="r2l87" custom="readingOrder {index:86;}">
                <Coords points="1723,2266 2826,2263 2826,2222 2751,2210 1723,2220"/>
                <Baseline points="1732,2256 1786,2256 1840,2256 1894,2256 1948,2256 2003,2256 2057,2256 2111,2256 2165,2256 2219,2255 2274,2255 2328,2254 2382,2254 2436,2254 2490,2253 2545,2253 2599,2252 2653,2252 2707,2252 2761,2252 2816,2252"/>
                <TextEquiv>
                    <Unicode>Antor denn eigentlich gewollt haben mag; denn oft gehören</Unicode>
                </TextEquiv>
            </TextLine>
            <TextLine id="r2l88" custom="readingOrder {index:87;}">
                <Coords points="569,2273 1682,2265 1682,2223 1634,2219 843,2249 569,2208"/>
                <Baseline points="579,2265 633,2266 688,2266 742,2266 797,2266 852,2266 906,2266 961,2265 1016,2265 1070,2265 1125,2264 1180,2264 1234,2263 1289,2263 1344,2262 1398,2262 1453,2261 1508,2261 1562,2260 1617,2260 1672,2260"/>
                <TextEquiv>
                    <Unicode>das leuchtende Auge gemeiniglich dem Leben zu, Jugend</Unicode>
                </TextEquiv>
            </TextLine>
            <TextLine id="r2l89" custom="readingOrder {index:88;}">
                <Coords points="1714,2311 2817,2303 2774,2256 1714,2270"/>
                <Baseline points="1725,2298 1779,2298 1833,2298 1887,2298 1941,2298 1995,2298 2049,2298 2103,2298 2157,2298 2211,2297 2266,2297 2320,2297 2374,2297 2428,2296 2482,2296 2536,2296 2590,2296 2644,2295 2698,2295 2752,2295 2807,2294"/>
                <TextEquiv>
                    <Unicode>gewisse scheinbare Gebrechen zu seinen künstlerischen Absichten.</Unicode>
                </TextEquiv>
            </TextLine>
            <TextLine id="r2l90" custom="readingOrder {index:89;}">
                <Coords points="415,2321 429,2322 451,2305 471,2305 475,2309 487,2304 495,2306 515,2289 523,2297 533,2297 533,2275 520,2275 510,2267 472,2268 468,2265 464,2269 458,2265 448,2269 413,2262"/>
                <Baseline points="424,2302 457,2301 490,2300 523,2299"/>
                <TextEquiv>
                    <Unicode>hmerz¬</Unicode>
                </TextEquiv>
            </TextLine>
            <TextLine id="r2l91" custom="readingOrder {index:90;}">
                <Coords points="574,2313 1613,2321 1679,2315 1679,2266 574,2273"/>
                <Baseline points="585,2307 639,2307 693,2308 747,2308 801,2308 856,2308 910,2308 964,2308 1018,2308 1072,2307 1127,2307 1181,2306 1235,2306 1289,2305 1343,2305 1398,2304 1452,2304 1506,2303 1560,2303 1614,2302 1669,2302"/>
                <TextEquiv>
                    <Unicode>lechzt nach Genuß, Poesie lauscht jeder Regung des Herzens,</Unicode>
                </TextEquiv>
            </TextLine>
            <TextLine id="r2l92" custom="readingOrder {index:91;}">
                <Coords points="1714,2348 2827,2343 2794,2299 1713,2311"/>
                <Baseline points="1724,2339 1778,2339 1833,2340 1887,2340 1942,2340 1997,2340 2051,2340 2106,2340 2160,2340 2215,2340 2270,2339 2324,2339 2379,2339 2433,2338 2488,2338 2543,2338 2597,2337 2652,2337 2706,2336 2761,2335 2816,2335"/>
                <TextEquiv>
                    <Unicode>Zum Theile mag dies auch hier der Fall sein. Was der</Unicode>
                </TextEquiv>
            </TextLine>
            <TextLine id="r2l93" custom="readingOrder {index:92;}">
                <Coords points="418,2358 428,2358 436,2350 446,2358 466,2350 484,2358 500,2358 510,2351 534,2349 534,2299 524,2299 514,2291 496,2305 480,2309 464,2305 460,2310 447,2306 429,2322 417,2322"/>
                <Baseline points="427,2343 459,2344 492,2343 525,2343"/>
                <TextEquiv>
                    <Unicode>schichte</Unicode>
                </TextEquiv>
            </TextLine>
            <TextLine id="r2l94" custom="readingOrder {index:93;}">
                <Coords points="573,2355 1678,2355 1654,2305 573,2313"/>
                <Baseline points="584,2350 638,2351 692,2351 746,2351 800,2350 855,2350 909,2350 963,2349 1017,2349 1071,2349 1126,2348 1180,2348 1234,2347 1288,2347 1342,2346 1397,2346 1451,2345 1505,2345 1559,2345 1613,2344 1668,2344"/>
                <TextEquiv>
                    <Unicode>sie schildert mit heißblütigem Wort die gewaltige That, sie</Unicode>
                </TextEquiv>
            </TextLine>
            <TextLine id="r2l95" custom="readingOrder {index:94;}">
                <Coords points="1726,2388 2815,2379 2797,2341 1726,2346"/>
                <Baseline points="1737,2381 1790,2382 1843,2382 1897,2382 1950,2381 2003,2381 2057,2381 2110,2381 2163,2380 2217,2380 2270,2380 2323,2379 2377,2379 2430,2378 2483,2378 2537,2378 2590,2378 2643,2378 2697,2378 2750,2379 2804,2379"/>
                <TextEquiv>
                    <Unicode>Autor nun wollte? Sicherlich nicht, ein Buch ge¬</Unicode>
                </TextEquiv>
            </TextLine>
            <TextLine id="r2l96" custom="readingOrder {index:95;}">
                <Coords points="408,2400 448,2400 456,2392 468,2394 480,2389 490,2397 505,2389 539,2391 539,2349 513,2349 491,2358 469,2350 446,2358 436,2350 428,2358 408,2362"/>
                <Baseline points="417,2384 444,2386 472,2385 500,2385 528,2387"/>
                <TextEquiv>
                    <Unicode>enwart</Unicode>
                </TextEquiv>
            </TextLine>
            <TextLine id="r2l97" custom="readingOrder {index:96;}">
                <Coords points="578,2400 1675,2398 1647,2346 578,2351"/>
                <Baseline points="589,2392 642,2392 696,2392 750,2392 804,2392 858,2392 912,2392 965,2391 1019,2391 1073,2391 1127,2391 1181,2390 1235,2390 1289,2389 1342,2389 1396,2388 1450,2388 1504,2387 1558,2386 1612,2386 1666,2385"/>
                <TextEquiv>
                    <Unicode>forscht nach den Erscheinungen, die unser Dasein hervorruft,</Unicode>
                </TextEquiv>
            </TextLine>
            <TextLine id="r2l98" custom="readingOrder {index:97;}">
                <Coords points="1727,2432 2780,2438 2826,2432 2826,2375 2243,2408 1727,2387"/>
                <Baseline points="1738,2423 1791,2424 1845,2425 1899,2425 1953,2425 2007,2425 2061,2425 2115,2424 2169,2424 2223,2423 2277,2422 2330,2422 2384,2421 2438,2420 2492,2420 2546,2419 2600,2419 2654,2419 2708,2419 2762,2419 2816,2420"/>
                <TextEquiv>
                    <Unicode>schrieben zu haben, denn er hatte wirklich Etwas zu</Unicode>
                </TextEquiv>
            </TextLine>
            <TextLine id="r2l99" custom="readingOrder {index:98;}">
                <Coords points="582,2450 1654,2440 1672,2398 581,2398"/>
                <Baseline points="592,2434 645,2435 699,2435 752,2435 806,2435 859,2435 913,2434 966,2434 1020,2433 1073,2432 1127,2432 1181,2431 1234,2430 1288,2430 1341,2429 1395,2428 1448,2428 1502,2428 1555,2427 1609,2427 1663,2427"/>
                <TextEquiv>
                    <Unicode>sie fühlt der Zeit den Puls. Nichts von alledem im</Unicode>
                </TextEquiv>
            </TextLine>
            <TextLine id="r2l100" custom="readingOrder {index:99;}">
                <Coords points="1728,2477 2815,2476 2815,2427 1728,2431"/>
                <Baseline points="1738,2466 1791,2466 1844,2466 1898,2466 1951,2466 2004,2466 2058,2466 2111,2466 2164,2466 2218,2465 2271,2465 2324,2465 2378,2464 2431,2464 2484,2464 2538,2463 2591,2463 2644,2462 2698,2462 2751,2461 2805,2461"/>
                <TextEquiv>
                    <Unicode>sagen. Eine harte, bösartige, grimmige Beobachtung hatte er</Unicode>
                </TextEquiv>
            </TextLine>
            <TextLine id="r2l101" custom="readingOrder {index:100;}">
                <Coords points="454,2477 472,2475 480,2482 486,2476 498,2482 513,2474 547,2477 548,2386 522,2393 504,2389 492,2397 478,2391 465,2399 455,2399"/>
                <Baseline points="464,2469 500,2470 536,2470"/>
                <TextEquiv>
                    <Unicode>aulen</Unicode>
                </TextEquiv>
            </TextLine>
            <TextLine id="r2l102" custom="readingOrder {index:101;}">
                <Coords points="584,2490 1606,2489 1679,2482 1679,2432 584,2448"/>
                <Baseline points="595,2476 648,2476 702,2476 755,2476 809,2476 863,2476 916,2475 970,2475 1024,2475 1077,2475 1131,2474 1185,2474 1238,2474 1292,2473 1346,2473 1399,2472 1453,2471 1507,2471 1560,2470 1614,2469 1668,2468"/>
                <TextEquiv>
                    <Unicode>„Sterben“. Bei aller Kraft wie müde! Bei aller Schwelgerei</Unicode>
                </TextEquiv>
            </TextLine>
            <TextLine id="r2l103" custom="readingOrder {index:102;}">
                <Coords points="1711,2516 2786,2518 2810,2476 1711,2480"/>
                <Baseline points="1722,2507 1775,2507 1829,2508 1883,2508 1937,2508 1991,2508 2045,2508 2099,2508 2153,2508 2207,2508 2261,2507 2314,2507 2368,2507 2422,2506 2476,2506 2530,2506 2584,2505 2638,2505 2692,2505 2746,2504 2800,2504"/>
                <TextEquiv>
                    <Unicode>zu verkünde# mit Unerbittlichkeit hat er sie uns dargestellt:</Unicode>
                </TextEquiv>
            </TextLine>
            <TextLine id="r2l104" custom="readingOrder {index:103;}">
                <Coords points="403,2532 420,2534 446,2516 494,2521 502,2517 522,2527 543,2523 543,2477 513,2474 504,2482 492,2476 476,2480 442,2470 432,2460 404,2458"/>
                <Baseline points="414,2511 443,2512 473,2511 502,2511 532,2513"/>
                <TextEquiv>
                    <Unicode>indurch</Unicode>
                </TextEquiv>
            </TextLine>
            <TextLine id="r2l105" custom="readingOrder {index:104;}">
                <Coords points="573,2528 1339,2505 1502,2536 1677,2516 1677,2480 572,2488"/>
                <Baseline points="582,2518 636,2518 690,2518 744,2518 799,2518 853,2518 907,2518 962,2518 1016,2517 1070,2517 1125,2517 1179,2516 1233,2516 1287,2515 1342,2515 1396,2514 1450,2513 1505,2513 1559,2512 1613,2511 1668,2510"/>
                <TextEquiv>
                    <Unicode>wie übersättigt! Bei aller Zartheit des Liebesgefühls wie</Unicode>
                </TextEquiv>
            </TextLine>
            <TextLine id="r2l106" custom="readingOrder {index:105;}">
                <Coords points="1718,2555 2821,2552 2774,2510 1718,2507"/>
                <Baseline points="1727,2549 1781,2549 1835,2549 1889,2550 1943,2550 1997,2550 2051,2550 2106,2550 2160,2549 2214,2549 2268,2549 2322,2549 2376,2549 2430,2548 2485,2548 2539,2548 2593,2547 2647,2547 2701,2547 2755,2547 2810,2546"/>
                <TextEquiv>
                    <Unicode>Das Sterben macht niederträchtig, das ist der Sinn und In¬</Unicode>
                </TextEquiv>
            </TextLine>
            <TextLine id="r2l107" custom="readingOrder {index:106;}">
                <Coords points="436,2558 450,2559 454,2563 460,2559 480,2569 504,2568 527,2553 549,2552 551,2522 537,2521 522,2526 516,2522 498,2523 488,2516 482,2520 462,2515 456,2521 437,2524"/>
                <Baseline points="447,2552 477,2554 507,2555 538,2557"/>
                <TextEquiv>
                    <Unicode>abge¬</Unicode>
                </TextEquiv>
            </TextLine>
            <TextLine id="r2l108" custom="readingOrder {index:107;}">
                <Coords points="584,2566 1669,2561 1668,2517 1610,2511 583,2528"/>
                <Baseline points="594,2562 647,2562 700,2561 753,2561 807,2561 860,2561 913,2560 966,2560 1020,2559 1073,2559 1126,2559 1179,2558 1233,2558 1286,2557 1339,2557 1392,2556 1446,2556 1499,2555 1552,2555 1605,2553 1659,2553"/>
                <TextEquiv>
                    <Unicode>entsagend! Was ist die Handlung der seltsamen Novelle:</Unicode>
                </TextEquiv>
            </TextLine>
            <TextLine id="r2l109" custom="readingOrder {index:108;}">
                <Coords points="1721,2601 2824,2601 2801,2549 1720,2555"/>
                <Baseline points="1731,2591 1785,2592 1839,2593 1893,2593 1947,2593 2001,2593 2055,2592 2109,2592 2163,2592 2217,2591 2272,2590 2326,2590 2380,2589 2434,2589 2488,2588 2542,2588 2596,2588 2650,2588 2704,2588 2758,2588 2813,2589"/>
                <TextEquiv>
                    <Unicode>halt seiner Ausführungen. Wie vie sittliche Gesundheit mit</Unicode>
                </TextEquiv>
            </TextLine>
            <TextLine id="r2l110" custom="readingOrder {index:109;}">
                <Coords points="404,2620 414,2621 443,2601 473,2605 485,2599 497,2608 517,2604 533,2608 534,2556 524,2555 494,2569 469,2567 461,2559 453,2563 439,2552 421,2560 417,2556 405,2558"/>
                <Baseline points="415,2593 442,2595 469,2596 496,2596 524,2594"/>
                <TextEquiv>
                    <Unicode>oft und</Unicode>
                </TextEquiv>
            </TextLine>
            <TextLine id="r2l111" custom="readingOrder {index:110;}">
                <Coords points="569,2603 1662,2612 1676,2561 569,2572"/>
                <Baseline points="580,2603 634,2603 688,2603 742,2603 797,2603 851,2602 905,2602 960,2602 1014,2602 1068,2601 1123,2601 1177,2601 1231,2600 1285,2600 1340,2599 1394,2598 1448,2597 1503,2597 1557,2596 1611,2595 1666,2594"/>
                <TextEquiv>
                    <Unicode>Sie zeigt uns einen Mann, der an einem unheilbaren Siech¬</Unicode>
                </TextEquiv>
            </TextLine>
            <TextLine id="r2l112" custom="readingOrder {index:111;}">
                <Coords points="1714,2639 2780,2649 2814,2597 1713,2597"/>
                <Baseline points="1723,2632 1777,2633 1831,2634 1885,2634 1939,2635 1993,2635 2047,2635 2101,2634 2155,2634 2209,2634 2263,2633 2317,2633 2371,2632 2425,2632 2479,2631 2533,2631 2587,2631 2641,2631 2695,2631 2749,2631 2804,2632"/>
                <TextEquiv>
                    <Unicode>der seelischen, die seelische mit der leiblichen zusammenhängt,</Unicode>
                </TextEquiv>
            </TextLine>
            <TextLine id="r2l113" custom="readingOrder {index:112;}">
                <Coords points="575,2651 1680,2650 1680,2607 1633,2600 575,2605"/>
                <Baseline points="586,2644 640,2644 694,2645 748,2645 802,2645 857,2645 911,2645 965,2645 1019,2644 1073,2644 1128,2643 1182,2643 1236,2642 1290,2642 1344,2641 1399,2641 1453,2640 1507,2639 1561,2639 1615,2638 1670,2638"/>
                <TextEquiv>
                    <Unicode>thum zugrunde geht. Und was erzählt uns das eigenartige</Unicode>
                </TextEquiv>
            </TextLine>
            <TextLine id="r2l114" custom="readingOrder {index:113;}">
                <Coords points="2757,2683 2767,2683 2773,2677 2791,2676 2801,2687 2819,2686 2821,2644 2809,2643 2800,2634 2777,2649 2759,2648"/>
                <Baseline points="2768,2671 2810,2673"/>
                <TextEquiv>
                    <Unicode>sich</Unicode>
                </TextEquiv>
            </TextLine>
            <TextLine id="r2l115" custom="readingOrder {index:114;}">
                <Coords points="1720,2681 2748,2683 2748,2637 1720,2639"/>
                <Baseline points="1730,2676 1780,2676 1830,2676 1881,2676 1931,2676 1982,2676 2032,2676 2082,2676 2133,2675 2183,2675 2234,2675 2284,2674 2334,2674 2385,2674 2435,2673 2486,2673 2536,2673 2586,2673 2637,2673 2687,2674 2738,2674"/>
                <TextEquiv>
                    <Unicode>das legt er mit einer meisterlichen Hand dar, in der</Unicode>
                </TextEquiv>
            </TextLine>
            <TextLine id="r2l116" custom="readingOrder {index:115;}">
                <Coords points="401,2683 440,2688 450,2678 462,2676 504,2693 514,2685 526,2691 542,2689 543,2645 521,2647 513,2640 505,2644 479,2642 452,2652 442,2651 426,2637 402,2639"/>
                <Baseline points="412,2678 442,2678 472,2679 502,2679 532,2680"/>
                <TextEquiv>
                    <Unicode>n. Die</Unicode>
                </TextEquiv>
            </TextLine>
            <TextLine id="r2l117" custom="readingOrder {index:116;}">
                <Coords points="582,2695 1616,2695 1682,2687 1682,2648 581,2651"/>
                <Baseline points="592,2687 646,2687 700,2687 754,2687 808,2687 862,2687 916,2687 970,2686 1024,2686 1078,2686 1132,2685 1186,2685 1240,2684 1294,2684 1348,2683 1402,2682 1456,2682 1510,2681 1564,2680 1618,2680 1673,2679"/>
                <TextEquiv>
                    <Unicode>Buch? Wie das Sterben roh, gemein, egoistisch macht, wie</Unicode>
                </TextEquiv>
            </TextLine>
            <TextLine id="r2l118" custom="readingOrder {index:117;}">
                <Coords points="2758,2719 2768,2719 2776,2725 2784,2725 2788,2728 2796,2724 2800,2726 2802,2724 2804,2726 2808,2724 2822,2725 2823,2684 2811,2686 2809,2684 2803,2688 2793,2677 2759,2676"/>
                <Baseline points="2767,2714 2812,2715"/>
                <TextEquiv>
                    <Unicode>Er</Unicode>
                </TextEquiv>
            </TextLine>
            <TextLine id="r2l119" custom="readingOrder {index:118;}">
                <Coords points="1726,2722 2730,2730 2730,2680 2673,2674 1726,2681"/>
                <Baseline points="1737,2716 1786,2717 1835,2718 1884,2718 1933,2718 1982,2718 2031,2718 2080,2718 2129,2718 2178,2717 2228,2717 2277,2716 2326,2716 2375,2715 2424,2715 2473,2715 2522,2715 2571,2715 2620,2715 2669,2715 2719,2716"/>
                <TextEquiv>
                    <Unicode>frauenhafte Zartheit mit männlichem Nachdruck vermält.</Unicode>
                </TextEquiv>
            </TextLine>
            <TextLine id="r2l120" custom="readingOrder {index:119;}">
                <Coords points="410,2733 434,2728 450,2742 467,2726 477,2724 495,2739 523,2725 537,2729 538,2691 526,2691 520,2685 506,2692 500,2688 473,2692 455,2675 433,2687 411,2685"/>
                <Baseline points="420,2719 447,2722 474,2722 501,2721 528,2723"/>
                <TextEquiv>
                    <Unicode>sich ge¬</Unicode>
                </TextEquiv>
            </TextLine>
            <TextLine id="r2l121" custom="readingOrder {index:120;}">
                <Coords points="581,2742 1588,2740 1678,2721 1678,2687 581,2693"/>
                <Baseline points="592,2729 645,2729 699,2729 753,2729 807,2728 861,2728 914,2728 968,2728 1022,2728 1076,2728 1130,2727 1183,2727 1237,2727 1291,2726 1345,2725 1399,2725 1452,2724 1506,2723 1560,2722 1614,2721 1668,2720"/>
                <TextEquiv>
                    <Unicode>es Alles, was mit dem Leben zusammenhängt, von ihm aus¬</Unicode>
                </TextEquiv>
            </TextLine>
            <TextLine id="r2l122" custom="readingOrder {index:121;}">
                <Coords points="1711,2764 2812,2758 2812,2724 2744,2708 1711,2724"/>
                <Baseline points="1722,2758 1776,2759 1830,2759 1884,2759 1938,2760 1992,2760 2046,2759 2100,2759 2154,2759 2208,2759 2262,2758 2316,2758 2370,2758 2424,2757 2478,2757 2532,2757 2586,2757 2640,2756 2694,2756 2748,2756 2802,2757"/>
                <TextEquiv>
                    <Unicode>kümmert sich nicht um die bekannte Lehre, daß dem Ver¬</Unicode>
                </TextEquiv>
            </TextLine>
            <TextLine id="r2l123" custom="readingOrder {index:122;}">
                <Coords points="402,2770 434,2780 448,2769 460,2767 472,2775 503,2768 541,2768 540,2725 490,2732 474,2722 454,2739 435,2727 417,2737 401,2736"/>
                <Baseline points="411,2763 441,2764 471,2764 501,2763 531,2761"/>
                <TextEquiv>
                    <Unicode>es Ein¬</Unicode>
                </TextEquiv>
            </TextLine>
            <TextLine id="r2l124" custom="readingOrder {index:123;}">
                <Coords points="575,2782 1375,2762 1424,2788 1668,2774 1682,2722 575,2742"/>
                <Baseline points="586,2772 640,2772 694,2771 748,2771 803,2771 857,2771 911,2770 965,2770 1020,2770 1074,2770 1128,2769 1182,2769 1237,2769 1291,2768 1345,2768 1399,2767 1454,2767 1508,2765 1562,2765 1616,2764 1671,2763"/>
                <TextEquiv>
                    <Unicode>geht und aus ihm hervorblüht, zersetzt und zernichtet. Nur</Unicode>
                </TextEquiv>
            </TextLine>
            <TextLine id="r2l125" custom="readingOrder {index:124;}">
                <Coords points="1714,2807 2746,2813 2823,2808 2823,2764 1714,2767"/>
                <Baseline points="1724,2800 1778,2801 1832,2802 1887,2802 1941,2802 1996,2802 2050,2802 2104,2802 2159,2802 2213,2801 2268,2801 2322,2801 2376,2800 2431,2800 2485,2799 2540,2799 2594,2798 2648,2798 2703,2798 2757,2798 2812,2798"/>
                <TextEquiv>
                    <Unicode>brechen Krankheit zugrunde liege; mit Sicherheit macht er</Unicode>
                </TextEquiv>
            </TextLine>
            <TextLine id="r2l126" custom="readingOrder {index:125;}">
                <Coords points="405,2816 425,2818 431,2812 441,2816 457,2808 492,2820 518,2820 530,2811 540,2811 540,2769 509,2767 491,2771 487,2767 457,2782 429,2772 405,2774"/>
                <Baseline points="414,2805 443,2806 472,2805 501,2805 530,2805"/>
                <TextEquiv>
                    <Unicode>en nicht</Unicode>
                </TextEquiv>
            </TextLine>
            <TextLine id="r2l127" custom="readingOrder {index:126;}">
                <Coords points="577,2819 1436,2830 1670,2811 1670,2768 577,2782"/>
                <Baseline points="588,2812 641,2812 695,2813 748,2813 802,2813 855,2813 909,2812 962,2812 1016,2812 1069,2811 1123,2811 1177,2811 1230,2810 1284,2810 1337,2809 1391,2808 1444,2808 1498,2807 1551,2806 1605,2806 1659,2805"/>
                <TextEquiv>
                    <Unicode>drei Menschen lernen wir kennen. Den Kranken, welcher leidet,</Unicode>
                </TextEquiv>
            </TextLine>
            <TextLine id="r2l128" custom="readingOrder {index:127;}">
                <Coords points="1714,2849 2800,2855 2812,2803 1713,2807"/>
                <Baseline points="1723,2842 1777,2843 1831,2843 1885,2844 1939,2844 1993,2844 2047,2844 2101,2844 2155,2843 2209,2843 2263,2842 2317,2842 2371,2841 2425,2841 2479,2841 2533,2840 2587,2840 2641,2841 2695,2841 2749,2841 2803,2842"/>
                <TextEquiv>
                    <Unicode>es uns begreiflich, wie die Krankheit im Verlaufe des durch</Unicode>
                </TextEquiv>
            </TextLine>
            <TextLine id="r2l129" custom="readingOrder {index:128;}">
                <Coords points="385,2878 398,2878 446,2853 476,2871 502,2871 510,2863 541,2867 540,2812 498,2825 468,2811 448,2821 429,2813 417,2817 411,2811 385,2818"/>
                <Baseline points="395,2851 422,2848 449,2848 476,2849 503,2849 531,2847"/>
                <TextEquiv>
                    <Unicode>hand zu</Unicode>
                </TextEquiv>
            </TextLine>
            <TextLine id="r2l130" custom="readingOrder {index:129;}">
                <Coords points="587,2861 1676,2854 1675,2814 1568,2805 587,2820"/>
                <Baseline points="596,2856 649,2855 702,2855 756,2855 809,2854 863,2854 916,2854 970,2854 1023,2854 1077,2853 1130,2853 1183,2853 1237,2853 1290,2852 1344,2852 1397,2851 1451,2850 1504,2849 1558,2848 1611,2847 1665,2845"/>
                <TextEquiv>
                    <Unicode>die Geliebte, die ihn pflegt, den Arzt, der ihn betreut.</Unicode>
                </TextEquiv>
            </TextLine>
            <TextLine id="r2l131" custom="readingOrder {index:130;}">
                <Coords points="1725,2897 2803,2895 2819,2853 1724,2848"/>
                <Baseline points="1734,2885 1787,2886 1841,2886 1895,2886 1949,2886 2003,2886 2056,2886 2110,2886 2164,2885 2218,2885 2272,2884 2325,2883 2379,2883 2433,2882 2487,2882 2541,2882 2594,2882 2648,2882 2702,2882 2756,2882 2810,2883"/>
                <TextEquiv>
                    <Unicode>sie verursachten Degenerationsprocesses verbrecherische Triebe</Unicode>
                </TextEquiv>
            </TextLine>
            <TextLine id="r2l132" custom="readingOrder {index:131;}">
                <Coords points="580,2903 1562,2904 1676,2893 1676,2855 579,2862"/>
                <Baseline points="589,2897 642,2897 696,2897 750,2897 804,2897 858,2897 912,2897 965,2896 1019,2896 1073,2895 1127,2895 1181,2894 1235,2894 1289,2893 1342,2892 1396,2892 1450,2891 1504,2890 1558,2890 1612,2889 1666,2889"/>
                <TextEquiv>
                    <Unicode>Die Schilderung beginnt damit, daß der Held von einem</Unicode>
                </TextEquiv>
            </TextLine>
            <TextLine id="r2l133" custom="readingOrder {index:132;}">
                <Coords points="1724,2941 2821,2954 2795,2888 1724,2897"/>
                <Baseline points="1734,2928 1787,2929 1841,2929 1895,2929 1949,2929 2003,2929 2056,2928 2110,2928 2164,2928 2218,2927 2272,2926 2325,2926 2379,2926 2433,2925 2487,2925 2541,2925 2594,2925 2648,2925 2702,2925 2756,2925 2810,2926"/>
                <TextEquiv>
                    <Unicode>weckt. Der wesentlich moralistische Inhalt bestimmt die Form</Unicode>
                </TextEquiv>
            </TextLine>
            <TextLine id="r2l134" custom="readingOrder {index:133;}">
                <Coords points="577,2947 1642,2946 1684,2938 1684,2893 577,2903"/>
                <Baseline points="588,2940 642,2939 696,2939 750,2939 805,2939 859,2938 913,2938 967,2937 1022,2937 1076,2937 1130,2936 1184,2935 1239,2935 1293,2934 1347,2934 1401,2933 1456,2933 1510,2932 1564,2932 1618,2932 1673,2931"/>
                <TextEquiv>
                    <Unicode>Arzte erfährt, er sei verloren; er werde in einem Jahre nicht</Unicode>
                </TextEquiv>
            </TextLine>
            <TextLine id="r2l135" custom="readingOrder {index:134;}">
                <Coords points="399,2946 448,2944 466,2954 476,2954 484,2946 504,2952 524,2948 530,2954 538,2948 550,2950 550,2893 538,2893 530,2885 520,2891 490,2881 476,2887 448,2883 423,2899 399,2893"/>
                <Baseline points="410,2939 436,2940 462,2940 488,2940 514,2940 540,2939"/>
                <TextEquiv>
                    <Unicode>ne von</Unicode>
                </TextEquiv>
            </TextLine>
            <TextLine id="r2l136" custom="readingOrder {index:135;}">
                <Coords points="587,2985 1517,2994 1676,2980 1676,2936 587,2949"/>
                <Baseline points="598,2982 651,2982 704,2981 758,2981 811,2980 865,2980 918,2980 971,2979 1025,2979 1078,2979 1132,2978 1185,2978 1238,2978 1292,2977 1345,2977 1399,2976 1452,2976 1505,2975 1559,2974 1612,2973 1666,2972"/>
                <TextEquiv>
                    <Unicode>mehr auf der Erde wandeln. Er ist zuerst verzweifelt. Dann</Unicode>
                </TextEquiv>
            </TextLine>
            <TextLine id="r2l137" custom="readingOrder {index:136;}">
                <Coords points="397,3000 407,3000 421,2988 439,3001 464,2987 484,2989 488,2985 494,2991 498,2987 540,2988 541,2953 521,2947 509,2955 496,2951 466,2955 444,2942 438,2946 398,2944"/>
                <Baseline points="407,2978 438,2981 469,2982 500,2981 531,2980"/>
                <TextEquiv>
                    <Unicode>Pfauen¬</Unicode>
                </TextEquiv>
            </TextLine>
            <TextLine id="r2l138" custom="readingOrder {index:137;}">
                <Coords points="589,3029 1649,3026 1689,3018 1689,2976 588,2987"/>
                <Baseline points="598,3023 652,3023 706,3023 760,3023 814,3022 868,3022 922,3022 976,3021 1030,3021 1084,3021 1139,3020 1193,3020 1247,3019 1301,3019 1355,3018 1409,3017 1463,3017 1517,3016 1571,3015 1625,3015 1680,3014"/>
                <TextEquiv>
                    <Unicode>findet er sich darein. Endlich schöpft er Hoffnung. Aber er</Unicode>
                </TextEquiv>
            </TextLine>
            <TextLine id="r2l139" custom="readingOrder {index:138;}">
                <Coords points="1803,3025 2745,3052 2833,3022 2834,2977 1803,2979"/>
                <Baseline points="1813,3017 1863,3020 1914,3022 1964,3024 2015,3024 2065,3025 2116,3025 2166,3025 2217,3025 2267,3024 2318,3024 2368,3023 2419,3023 2469,3022 2520,3021 2570,3021 2621,3021 2671,3022 2722,3023 2772,3025 2823,3026"/>
                <TextEquiv>
                    <Unicode>*) „Sterben“, Novelle von Arthur Schnitzler, Balin</Unicode>
                </TextEquiv>
            </TextLine>
            <TextLine id="r2l140" custom="readingOrder {index:139;}">
                <Coords points="402,3034 436,3036 464,3047 481,3031 491,3029 497,3033 505,3029 547,3031 547,2984 467,2986 442,3000 422,2988 412,2998 402,2998"/>
                <Baseline points="413,3022 444,3024 475,3024 506,3023 537,3024"/>
                <TextEquiv>
                    <Unicode>daheim</Unicode>
                </TextEquiv>
            </TextLine>
            <TextLine id="r2l141" custom="readingOrder {index:140;}">
                <Coords points="387,3081 1983,3090 2018,3032 386,3025"/>
                <Baseline points="396,3066 476,3067 557,3066 637,3066 718,3066 799,3065 879,3064 960,3064 1040,3063 1121,3062 1202,3061 1282,3060 1363,3060 1443,3059 1524,3059 1605,3059 1685,3060 1766,3060 1846,3061 1927,3063 2008,3064"/>
                <TextEquiv>
                    <Unicode>son den sieht sich schwinden. Und nun vollzieht sich in ihm eine, bei S. Fischer.</Unicode>
                </TextEquiv>
            </TextLine>
            <TextEquiv>
                <Unicode>Sterben
box 1/2

—e Vurfer
ge, M ernd n P tulne  lich. N.
Verbleib den Angehörigen Auskunft geren zu müssen, ihren Ent¬
ige
— Julius kann nichts dafür. — Ich bitte Dich, lieber Ru¬
schluß zur Reife gebracht haben. Wie Horky sagt, gab er dem
cky
Dir
dolph, erschieße mich und dann Dich, denn ohne
Drüngen der Gelicbten nach, setzte den Revolver an den Kopf des
dke,
kein Leben. — Halte Wort, denn Du weist, an meinem Leben liegt
Mädchens und drückte da der erste Schuß versagte, zwei¬
Wie mir ist, kann
 *
mir nichts, denn ich will mit Dir sterben
gen
mal los. Mit einem Aufschrei stürzte Marie Wityska zu Tode
ich Dir nicht sagen, unser Kaffeehaus ist jetzt ganz todt; Nach¬
getroffen zusammen.
wundersame Wandlung. Dem Weibe, das ihm opfermuthig
Schuhen schüttelte? Warum er Alles, was ihn an uns, an
zur Seite steht, nimmt er dessen Gesundheit übel. Er ist eifer¬
die Seinen fesselt, dahingab um des Erfolges willen?
süchtig auf das Leben, und er will das Mädchen mit sich in
Selten nur dringen wir so tief; in solchen Aus¬
das Grab hinabziehen, nicht aus Liebe, sondern aus Miß¬
nahmsfällen zucken wir überlegen die Achseln und
gunst. Ehe ihm das Fürchterliche aber gelingt, entflieht die
meinen, wir seien eben viel zu fein, wir seien
grausam gewerdene Seele. Der Gedanke, einen Menschen
viel zu gebildet, wir ständen viel zu hoch, als daß jener
vorzuführen, der deutlich gewahrt, wie er allmälig die Beute
rill¬
Emporkömmling auch bei uns hätte seinen Weg machen
des Todes wird und der deshalb selbst die Serse rühren
hier
können. Nein, wir sind viel zu gescheidt. Wir brauchen keine
möchte dieser Gedanke ist von einer eigenthümlichen Macht
heit,
Literatur. Dichter sind nicht so nothwendig, wie man uns
und Schönheit. Er ist schwarz in seiner Tiefe und tief in
die
glauben machen will. Beileibe nicht. Theaterstücke von
seiner Schwärze. Er stößt ab und fesselt. Er ist widerlich,
lber.
Leut, welche hier, welche „loco“ im Kaffeehause gesehen
weil er wahr ist, und erhaben aus demselben Grunde.
diese
werden können, die führen wir nicht auf. Lächerlich! Sind
Die Art, in der Schnitzler sein Thema durchführt, be¬
unsere Theater Versuchsbühnen? Ja, wenn man es draußen
weist ungewöhnliche Begabung, die auf dem Wege zu ihrer
wagt, wenn das Ding draußen gefällt, dann lassen wir uns
vollen Selbstständigkeit ist. Damit haben wir bereits auf die
hervei. Und was ist das Ergebniß solcher Haltung? Wenn
Vorzüge und Mängel, auf die Licht= und Schattenseiten hin¬
habe
Hauptmann, Sudermann und Fulda Wiener gewesen wären,
gedeutet. Je ausgeprägter eine Individualität, desto ent¬
licken
ie hätten ihre Dichtung nach Berlin senden müssen, wie
chiedener treten ihre Eigenschaften zutage. Wir wollen das
dem
Anzengruber, sie wären nach Berlin ausgewandert wie
Vortheilhafte hervorheben, das Abträgliche nicht verschweigen.
Paris
Mauthner. Kurz: Wien war ein Literaturstadt. Das schön¬
Dabei müssen wir aber Eines sogleich in den Vordergrund
gung.
geistige, das belletristische, das künstlerische Wien, es ist ge¬
rücken; das Rühmliche tritt mit freier Behendigkeit vor uns
den
torben oder es ist im Sterben.
hin, das Tadelnswerthe muß erst durch die Kritik aus¬
tümer
Und darum ist es denn auch kennzeichnend, daß das
gemittelt werden. Ehe diese jedoch das Gegensätzliche gegen
ratur¬
jüngste Werk*) eines jungen Wiener Poeten den düsteren Titel
einander abzuwägen beginnt, hat sie sich zu fragen, was ein
Wien
Sterben“ an sich trägt. Jugend und Poesie, beide wenden
Antor denn eigentlich gewollt haben mag; denn oft gehören
das leuchtende Auge gemeiniglich dem Leben zu, Jugend
gewisse scheinbare Gebrechen zu seinen künstlerischen Absichten.
hmerz¬
lechzt nach Genuß, Poesie lauscht jeder Regung des Herzens,
Zum Theile mag dies auch hier der Fall sein. Was der
schichte
sie schildert mit heißblütigem Wort die gewaltige That, sie
Autor nun wollte? Sicherlich nicht, ein Buch ge¬
enwart
forscht nach den Erscheinungen, die unser Dasein hervorruft,
schrieben zu haben, denn er hatte wirklich Etwas zu
sie fühlt der Zeit den Puls. Nichts von alledem im
sagen. Eine harte, bösartige, grimmige Beobachtung hatte er
aulen
„Sterben“. Bei aller Kraft wie müde! Bei aller Schwelgerei
zu verkünde# mit Unerbittlichkeit hat er sie uns dargestellt:
indurch
wie übersättigt! Bei aller Zartheit des Liebesgefühls wie
Das Sterben macht niederträchtig, das ist der Sinn und In¬
abge¬
entsagend! Was ist die Handlung der seltsamen Novelle:
halt seiner Ausführungen. Wie vie sittliche Gesundheit mit
oft und
Sie zeigt uns einen Mann, der an einem unheilbaren Siech¬
der seelischen, die seelische mit der leiblichen zusammenhängt,
thum zugrunde geht. Und was erzählt uns das eigenartige
sich
das legt er mit einer meisterlichen Hand dar, in der
n. Die
Buch? Wie das Sterben roh, gemein, egoistisch macht, wie
Er
frauenhafte Zartheit mit männlichem Nachdruck vermält.
sich ge¬
es Alles, was mit dem Leben zusammenhängt, von ihm aus¬
kümmert sich nicht um die bekannte Lehre, daß dem Ver¬
es Ein¬
geht und aus ihm hervorblüht, zersetzt und zernichtet. Nur
brechen Krankheit zugrunde liege; mit Sicherheit macht er
en nicht
drei Menschen lernen wir kennen. Den Kranken, welcher leidet,
es uns begreiflich, wie die Krankheit im Verlaufe des durch
hand zu
die Geliebte, die ihn pflegt, den Arzt, der ihn betreut.
sie verursachten Degenerationsprocesses verbrecherische Triebe
Die Schilderung beginnt damit, daß der Held von einem
weckt. Der wesentlich moralistische Inhalt bestimmt die Form
Arzte erfährt, er sei verloren; er werde in einem Jahre nicht
ne von
mehr auf der Erde wandeln. Er ist zuerst verzweifelt. Dann
Pfauen¬
findet er sich darein. Endlich schöpft er Hoffnung. Aber er
*) „Sterben“, Novelle von Arthur Schnitzler, Balin
daheim
son den sieht sich schwinden. Und nun vollzieht sich in ihm eine, bei S. Fischer.</Unicode>
            </TextEquiv>
        </TextRegion>
    </Page>
</PcGts>
