3276 4068
452 169 781 245 Sterben
462 203 785 287 S U
952 171 1304 258 box 1/2
1430 666 1865 879 Vorndedt
1504 1082 1970 1202 ETRANGER
1061 1443 2440 1540 UN JEUNE ECRIVAIN VIENNOIS: M. ARTHUR SCHNITZLER
1123 1596 2425 1689 II vient de paraitre une traduction française de Mourir, roman d’un
1056 1676 2427 1760 jeune écrivain viennois, M. Arthur Schnitzler (1). On ne peut que s’er.
1066 1727 2424 1802 féliciter. L’ceuvre est de valeur et inléressante. D’autre part, la person¬
1058 1789 2420 1859 nalité de l’auteur est de celles qui méritent de fizer l’attention. Sa der¬
1067 1838 2429 1909 nière pièce, représentée, l’automne dernier, au Burgtheater de Vienne, y
1069 1911 2436 1988 a obtenu un succès retentissant, succès qui la suit sur les diverses scènes
1060 1952 2426 2024 allemandes dont elle est en train de faire le tour. On ne peut naturelle¬
1058 2014 2420 2078 ment préjuger l’avenir, mais il semble d’ores et déjà que M. Schnitzler
1067 2071 2425 2146 soit en train de conquérir une place marquante dans la jeune littérature
1058 2126 2422 2214 allemande. Et ceci me serait déjà une raison suflisante pour parler de
1065 2178 1200 2257 lui ici
1124 2203 2416 2310 Dans tous les pays, on le sait, les diverses écoles littéraires se suc¬
1060 2289 2420 2351 cedent volontiers de façon analogue. La régularité classigze, devenant
1066 2344 2426 2406 à la longue conventionnelle et fade, prépare les voies aux tumultes des
1067 2409 2429 2477 emportements romantiques. Ceux-ci démodés à leur tour, le réalisme
1061 2448 2426 2523 vient precher avec succès le retour à la simple nature, et quand l’obser¬
1075 2517 2427 2574 vation sans discernement risque de ne plus laisser subsister que la vul¬
1058 2572 2428 2648 garité, on est assez naturellement amené à grandir la portée des ceuvres
1062 2621 2422 2683 en les teintant de symbolisme plus ou moins mystique. Mais au cours de
1067 2679 2433 2756 ces évolutions et réactions successivement, les littératures des différents
1065 2746 2420 2807 peuples influent genéralement les unes sur les autres de manière très
1067 2798 2420 2870 notable. Presque toujours les ######teurs s’en vont chercher à l’étranger
1070 2848 2422 2916 des exemples à l’appui de leur„et des modeles conformes à leurs
1065 2902 2427 2956 aspirations. Quand, il y a quelques années, de jeunes littérateurs alle¬
1056 2951 2427 3031 mands voulurent rompre avec les traditions de l’école précédente et pro¬
1062 3024 2429 3082 clamèrent la nécessité d’un retour à l’imitation directe de la réalité
1074 3071 2432 3152 vivante et vraie, Alexandre Dumas, Zola, Maupassant et Bourget leur
1112 3151 1880 3266 (4) Nourir, traduit par M. Vallotte (Perrin), Paris.
