3276 4164
258 194 370 288 3.
389 206 729 289 Sterben
391 247 612 335 K  2 a —
901 217 1255 318 box 1/2
1022 523 2452 803 de
986 660 1054 770 4
694 684 1025 823 SEtet
1358 1634 2067 1736 LE LIVRE A PARIS.
1047 1800 2382 1860 Francis de Pressensé: Le Cantinal Manning. — Arthur Schnitzler
1365 1854 2074 1907 (traduction Gaspard Vallette): Mourir.
1043 1917 2385 1989 CEST un très beau livre que celui que M. de Pressensé vient
1051 1974 2384 2050 d’écrire sur le Cardinal Manning. C’est un livre de psychologie,
1055 2044 2388 2109 c’est un livre de philosophie, c’est un livre d’histoire, c’est un
1052 2105 2068 2161 livre de piété et de profond sentiment religieux.
1097 2139 2381 2236 Le Cardinal Manning fut un grand convertisseur. II s’est
1051 2224 2381 2296 converti lui-méme, d’abord; il a converti, ensuite, un grand
1051 2285 2393 2354 nombre de ses amis, de ses admirateurs et de ses auditeurs.
1057 2346 2382 2418 Et enfin, de l'autre cöté du détroit, il a bien à peu près converti
1049 2406 1414 2487 M. de Pressensé.
1097 2476 2388 2542 II s’en faut d’une ligne. M. de Pressensé ressemble aux
1056 2531 2391 2596 augustes personnages qui proclament l'alliance franco-russe
1058 2603 2382 2676 par tous les synonymes possibles du mot alliance, en n’évitant
1056 2659 2386 2728 que ce mot lui-méme, II confesse son catholicisme à toutes
1057 2722 2386 2799 les lignes de son livre et par toutes les expressiens possibles, rien
1051 2780 2388 2853 n’y manquant que les trois mots: “je suis catholique.“ Il est
1050 2846 2387 2923 certain que la gräce du Cardinal Manning a opéré, et M. de
1056 2902 1907 2964 Pressensé est tres loin d’en disconvenir.
1108 2965 2386 3032 II pourra méme se produire un phénomène psychologique
1061 3027 2389 3112 très intéressant. M. de Pressensé pourra rester protestant,
1063 3095 2389 3163 pendant que son livre convertira un certain nombre de pro¬
1061 3149 2392 3229 testants au catholicisme. I aura été le canal par ou la gräce
1062 3217 2172 3289 du Cardinal Manning se sera épanchée sur les ames.
1106 3284 2387 3351 je ne my oppose nullement, ayant pour toutes les religions
1065 3346 2396 3415 chrétiennes des sympathies qu'il m’est difficile d’empécher qui
1058 3407 2397 3462 ne soient égales, et étant tout près de chérir M. de Pressensé
1062 3459 2401 3533 dans le catholicisme comme je le chéris dans cequi lui reste
1049 3519 1299 3603 de Genéve.
