3276 4068
248 28 354 110 3.
394 26 723 103 Sterben
895 24 1253 121 box 1/2
393 82 726 148 d Tertesesae den e he tene.
943 527 1220 614 ETHANGEH.
1701 522 1782 604 850
414 592 1775 679 on l’émetion profonde se vele de poésie, et ce sont assurêment les
412 665 626 740 meilloures.
472 714 1768 774 Délicatesse, esprit, émotion, poésic, voild cerles des dons rares ct mer¬
416 781 1765 836 veilleux. Joints à la maitrise de la forme que j'ai déja signalér, ils
409 833 1776 896 peuvent suffire à créer des ceuvres hors de pair. Que M. Schnitzler se
412 888 1767 952 laisse done aller à etre uniquement lui-meme et oublie surtbut toutes
413 944 1772 1016 les influences étrangères, II nous a déja donné des ceuvres pleines de
405 1013 1769 1069 promesses : on est en droit, semble-t-il, d’atlendre mienx encore de lui.
1276 1185 1688 1256 Christian SCHEFER.
705 1274 763 1349 81
548 1300 1888 1390 Sssenlig ien eine greshe arte der Apen bel, weiche durch ihre (ediegenten
539 1376 1433 1451 und Schönheit jeden Leser des Werkes erfreuen wird.
664 1486 1891 1569 Arthur Schnitzler. Die Pariser „Nouvelle Revue“ enthält in ihrer
553 1538 1895 1610 jüngsten Nummer, in der Rubrik, die der literarischen und künstlerischen Bewegung
546 1592 1893 1660 des Auslandes gewidmet ist, einen Essay über Arthur Schnitzler, worin ganz
545 1655 1889 1706 besonders auf die eben erschienene französische Uebersetzung von „Sterben“ auf¬
549 1693 1896 1754 merksam gemacht wird. „Der Wiener Autor,“ heißt es, „schwört, wie die meisten
547 1744 1885 1804 der jungdeutschen Literaten, zur Fahne des Naturalismus. Wie sie und ehne
550 1794 1885 1855 Zweifel durch ihre Vermittlung unterliegt er dem Einslufs von Tumas und
556 1841 1889 1899 Bourget, von Zola und Maupassant. Schnitzler hat das 30. Lebensjahr noch
551 1901 1897 1953 nicht überschritten. Die Zahl seiner Schriften ist noch ziemlich gering: Eine
561 1939 1886 2001 Sammlung dialogisierter Skizzen unter dem Tuel „Anatol“, zwei dreigetige
557 1994 1889 2046 Dramen („Das Märchen“ und „Liebelei“) und der Roman, dessen Übersetzung
559 2036 1895 2095 jetzt vorliegt. Die coneise, reine Form ist die vorzüglichste Eigenschaft dieses
559 2077 1901 2143 Antors. Seinem Roman fehlen, von so eminent pinchologischem Interesse er ist,
547 2140 1904 2202 die weitschweisigen, peinlich genauen Analysen. Er ist eine Folge einfacher, prä¬
557 2191 1904 2243 eiser Bilder, an denen nichts überflüssig ist. Auf die Vereinsachung wendet
563 2226 1897 2292 Schnitzler überhaupt seine beständige, siets wachsende Sorgfalt. Sein erstes Stück
580 2292 1902 2344 Das Märchen“ gehört zur Schule von Alexander Dumas: für's Thentre Libre
563 2333 1889 2392 ist sein zweites Stück „Liebelei“, das — vielleicht ein wenig zu sehr — die be
556 2382 1905 2440 rühmte „Kunst der Vorbereitungen“ missachtet, das aber Wert legt auf Kraft und
554 2428 1901 2497 Klarheit des Dialogs. Der Autor liebt hier zuweilen das, was man gemeinig.ich
572 2478 1905 2533 „Roheit“ nennen möchte, aber diese Art brutaler, trockener Ironie scheint nicht in
562 2519 1906 2584 seinem Naturell zu liegen, wenn man nach einigen seiner ersten Stizzen schließen
561 2584 1906 2645 darf, die wahre Kleinodien an Zartheit und Geist, an leichter und fröhlicher
551 2623 749 2696 Verve sind.“
726 2744 848 2827 —
880 2815 1208 2859 stigtie, dischs. sans
642 2818 807 2860 la parfie
873 2850 1346 2895 orgeng  Pmame parhiries bell
562 2819 807 2918 Suneer Peit
1313 2887 1516 2936 186 pelfeclio
915 2917 1520 3015 Romans. — Poösies.
1075 2989 1155 3060 1126
623 3005 768 3062 Mourre.
896 3658 1021 3727 dtert
658 3682 733 3734 n00
855 3720 964 3770 3 (P.
651 3725 700 3773 1
1977 2063 2026 2120 755
2235 738 2345 798 Al 165
2222 788 2346 840 e re¬
2230 872 2342 930 S pré¬
2217 917 2346 986 lui de
2215 991 2349 1072 ntrait
2251 1046 2346 1097 d’es¬
2221 1084 2359 1150 toiila
2224 1127 2352 1185 ,il a
2224 1178 2346 1229 nser-
2213 1215 2355 1271 Imme
2227 1259 2348 1317 petite
2213 1305 2357 1364 in pen
2209 1389 2347 1441 l 6nu¬
2225 1429 2344 1489 Nava¬
2256 1476 2347 1528 go6-
2208 1515 2348 1592 velles,
2202 1751 2351 1829 nation,
2153 1818 2347 1882 Due Fau¬
2184 1861 2353 1913 dans le
2176 1891 2364 1963 Gseaux
2195 1946 2360 2000 rmante
2202 1990 2355 2057 bre des
2191 2068 2356 2134 ait à la
2206 2112 2357 2176 battait
2203 2164 2347 2220 e8. Au¬
2194 2205 2350 2262 cipline,
2196 2249 2355 2304 eräune
2191 2380 2354 2433 ine de
2191 2421 2352 2478 esoin de
2195 2465 2351 2516 s. Par¬
2188 2508 2361 2568 entleur
2178 2550 2346 2609 uels re¬
2191 2696 2357 2766 ure M.
2181 2752 2345 2811 ette re¬
2189 2798 2348 2853 s voiles,
2186 2842 2350 2896 a. 9. Sa
2185 2884 2344 2949 assuré.
2177 3012 2294 3070 urs!
2181 3067 2357 3125 gonsoler
2178 3113 2359 3175 Canaris,
2179 3160 2353 3217 evoir v.
2171 3239 2358 3324 asquelig.
2746 749 2859 821 M
2429 819 3230 876 Quel serait l’état mental d’un homme
2386 866 3229 923 qui sauroit, de science certaine qu'il n'a
2380 910 3218 966 plus qu’une année à vivre? Supposez un
2381 962 3211 1010 phtisique qui recucillerait de son méde
2383 997 3222 1042 Ein un pronostic funebre. D’abord il
2386 1039 3221 1105 hassera la pensée importune de sa mort
2388 1094 3225 1144 prochaine, il gardera quand mème Fes¬
2395 1126 3228 1186 poir de la guérison. Puis pen d peu il
2386 1171 3226 1227 reconnaftra les progrès du mal et sentira
2390 1220 3223 1267 qu’il lui est impossible d’échapper à la
2395 1258 3233 1307 destince qui lui a été révélée. II se verra
2389 1298 3231 1349 dans une situation analogue à celle d’un
2388 1343 3233 1414 condamné à mort qui ne peut compter
2397 1383 2658 1444 sur sa gräce.
2431 1423 3231 1479 Un romancier aliemand, M. Arthur
2389 1463 3237 1527 Schnitzler — quia en la bonne fortune
2392 1515 3229 1570 de trouver sur les borde du lac Léman,
2398 1557 3228 1609 à Lausanne, un traducteur attentif et élé-
2396 1597 3226 1654 gant en la personne de M. Gaspard Val¬
2393 1649 3230 1707 lette — s’est livré à l’étude de ce pro¬
2388 1680 3228 1734 blème de psychologie. Son cuvre, gont
2392 1733 3234 1789 le titre ne trompe pas, Mourir, (1) ne
2396 1778 3233 1836 comporte que trois personnäges, le ma¬
2393 1813 3228 1868 lade, sa maftresse, son médecin. P’en
2402 1854 3231 1912 oubliais un quatrième, la Nature impas¬
2395 1909 3227 1956 sible, perpétuellement jeune et devo¬
2387 1938 3229 1993 rante. Une tristesse noire enveloppe ce
2396 1995 3232 2055 drame qu’aucune lueur consolante n’6¬
2400 2033 2518 2090 claire
2431 2062 3225 2128 Le moribond, appelé Félix par ironie
2396 2117 3231 2167 n’est pas un résigné. II s’entonce dans
2392 2157 3229 2212 le néanten poussant des cris d’angoisse;
2393 2203 3228 2254 lessystèmes philosophiques ou religienx
2395 2246 3222 2295 ne peuvent rien sur son esprit, possédé
2400 2290 3230 2340 tout entier par l’horreur de la mort st
2393 2331 3232 2387 le désir monstrueux d’entrafner avec lui
2392 2367 3229 2430 cenx qui l’aiment. Quel livre cruel et
2391 2416 3233 2467 qui, en blasphémant la mort, stérilise la
2397 2466 3239 2518 joie de vivre! M. Vallette, qui l’a traduit,
2390 2502 3234 2553 ayant sous les yeux le décor des Alpes
2404 2547 3234 2600 Vaudoises, des eimes déchiquetées de la
2387 2588 3241 2645 Dent du Midi, du Léman bleu, pouvait
2396 2635 3233 2683 facilement échapper á ce réve et appeler
2391 2674 3238 2725 à son secours les prestiges de l’éternelle
2394 2719 3229 2772 Maia. Latmosphère enclose des villes
2393 2768 3233 2812 rendra plus pénétrante, plus énervante
2396 2811 3233 2858 l’odenn cadavérique qui émane du roman
2396 2849 3233 2915 de M. Schnitzler. Avis aux lecteurs qui
2382 2890 2908 2955 n’ont pas le ccour solide.
2762 2939 2876 3015 Al
2436 2983 3239 3070 & Passé un certain chiffre, la fortune
2400 3050 3242 3110 devient de la fantaisie v. Cette fine pen¬
2401 3103 3249 3156 séeappartient 5 M. Georges Ohnet qui
2398 3152 3245 3198 la compléte en indiquant le maxirium
2403 3189 3243 3243 du bonhour en co monde: cent mille
2433 3237 2939 3295 (*) Un vol in-48. Lemerre.
2426 3279 3042 3367 (4) Un vol. in-18. Perrim et die
2376 3462 2886 3604 u
2299 3595 3099 3804 Snaent
