3276 4068
275 47 744 135 3. Sterben
908 72 1273 166 box 1/2
119 1051 466 1138 ber setzen! Dere.,
341 1090 1480 1179 Vorlage; die letztere hatte nämlich vorgeschlagen: „§. 131.
124 1124 319 1190 ie haben
342 1159 1484 1223 Wer erdichtete oder entstellte Thatsachen, von denen er weiß
115 1166 311 1230 itte und
350 1213 1479 1284 oder den Umständen nach annehmen muß, daß
120 1215 320 1290 n sie ihr
364 1305 1472 1374 Steub, Pichler; er muthet mehr als ein Schüler der Rea¬
150 1322 324 1381 nach Art
353 1368 1464 1419 listen Rosegger, Anzengruber und Ganghofer an. Den Inn¬
159 1369 318 1433 niederen
352 1403 1469 1469 thaler Dialekt — Schönherr scheint in Innsbruck zu Hause
124 1415 310 1481 zu Dienst¬
353 1457 1474 1519 zu sein — verwendet er ganz meisterlich. Er zeichnet durch¬
123 1464 311 1523 belspielern,
355 1510 1476 1560 wegs Bauernfiguren, Sonderlinge aus den Alpen. Bei dem
124 1503 314 1571 en, schnell
355 1554 1472 1605 Reichthum der Literatur aus diesem Gebiete ist es schwer,
132 1557 311 1618 enhumor:
359 1606 1481 1655 immer originell zu sein, aber Schönherr trifft diese schwere
128 1601 313 1659 sünderzelle
356 1643 1445 1701 Kunst. „'s Heiligwasserweibele“. „Der lappete Hannes
127 1649 310 1728 harfrichter
372 1685 1482 1756 „Der Schwegler“ sind solch originelle Figuren. Schönherr be¬
187 1698 323 1758 geräth,
356 1746 1481 1793 trachtet liebevoll, aber nichts weniger als sentimental ver¬
129 1738 312 1807 iefer kann
357 1792 1487 1841 klärend seine guten Tiroler; er hat die mit G#üte gepaarte
129 1793 321 1850 ig steigen.
353 1827 1474 1887 Ueberlegenheit des echten Humoristen. Er kennt seine Tiroler
130 1837 312 1896 eundliches
362 1877 1474 1946 Bauern; er weiß, wie hart, wie engherzig, wie abergläubisch,
120 1880 316 1955 derschaut!
352 1926 1474 1997 wie geizig, aber auch wie treuherzig, wie ausdauernd, wie
123 1935 316 1999 zu inter¬
356 1977 1474 2036 arm sie sind. Schönherr verfolgt keinerlei Nebentendenzen,
131 1974 327 2040 opist der
356 2012 1479 2069 er ist weder social noch politisch tendenziös; in kräftiger
129 2016 314 2086 ständigem
359 2060 1473 2126 Holzschnittmanier, knapp und klar zeichnet er die Charaktere,
125 2073 321 2138 henschaften
358 2118 1481 2168 und sehr geschickt spitzt er seine Geschichten zu. Einzelne
151 2119 325 2180 realistisch
355 2152 1465 2216 Schnurren, wie „Die Uebergah'“ „Der nuie Dokter“
126 2164 326 2224 staturalist;
363 2198 1305 2279 „Der Treffer=Wastl“, sind von heiterster Wirkung.
119 2211 317 2271 Kälte des
449 2227 1476 2310 Für den größeren Styl des modernen Sittenroman#
182 2255 314 2318 Glacé¬
358 2296 1486 2354 veranlagt erscheint ein anderer junger Oesterreicher: S##
150 2306 315 2364 beschreibt
370 2336 1477 2398 Grünborg, dessen erstes Buch: „Das Verbrechen:
132 2352 324 2416 ein Kind
364 2391 1488 2452 Liebe. Aus den Tagebüchern des Fräuleins v. Z.“*)
101 2398 319 2460 mn, daß er
369 2447 1474 2494 wir nicht ohne starke Bewegung gelesen haben. Grünberg
153 2447 318 2506 und daß
369 2481 1480 2545 hat etwas, was unseren auf Technik und Einzelbeobachtung
119 2495 319 2555 reben aus
365 2531 1476 2591 so viel Sorgfalt verwendenden Dichtern häufig fehlt: näm¬
128 2535 321 2607 menschlich
358 2574 1474 2630 lich Leidenschaft, Energie im Fühlen und Erfinden; sein
129 2589 325 2649 ber ihnen,
372 2622 1489 2686 stürmisches Naturell vermag den Leser auch dann hinzu¬
142 2635 323 2695 Jahre alt
357 2680 1475 2730 reißen, wenn dieser einige Bedenken über die Wahrschein¬
126 2681 236 2741 vickelt,
279 2683 326 2739 so
368 2713 1481 2775 lichkeit der Geschichte hegt. Ohne Zweifel steht Victor Grün¬
129 2728 322 2795 lassen das
368 2765 1491 2821 berg in diesem Buche unter der mächtigen Einwirkung der
360 2807 1480 2868 Werke Marie Ebner's, zumal von „Unfühnbar“, wozu sich
118 2820 322 2881 er Dichter
372 2859 1479 2917 seine Erzählung fast wie ein Gegenstück ausnimmt; aber er
139 2868 329 2925 Schön¬
373 2906 1485 2964 ist doch kein Nachahmer, kein Anempfinder, er denkt
126 2915 331 2975 d heiteren
360 2955 1493 3010 Ebner'sche Gedanken gleichsam weiter; nur seine Jugend
367 2999 1491 3055 macht ihn abhängig vom älleren Meister. In Grünberg's
115 3005 325 3072 rr knüpft
360 3039 1495 3107 Buche erzählt das Fräulein v. Z. selbst in Tagebuchsorm
124 3054 324 3122 ie Lentner,
461 3091 1241 3177 *) Brünn, Verlag von Karafiat & Sohn, 1835.
1710 2274 1746 2327 r
1980 980 2710 1052 chnebuckein die aus Wien und Krakau —
1700 1042 2680 1097 efertigung eingeschickten Schriftstücke als Petitionen um
1716 1063 2895 1145 führzung der Robot ausahen. In einigen Gemeinden des Dinge sich
1755 1142 2888 1197 ganz gegentheilig verhalten, und daß sich dies gleich nach den
1747 1181 2895 1245 Osterfeiertagen zeigen werde. Im Hohenwart=Club stehe demnächst
1760 1216 2883 1284 eine Entscheidung bevor, zu welcher die gegenwärtige Lage dränge.
1699 1311 2882 1390 l ihre Geschichte Schritt für Schritt, wie sie sie erlebt. Sie ver¬
1699 1377 2891 1441 ego lobt sich auf Wunsch ihrer Eltern mit dem schönen, ebenbürtigen
1705 1415 2886 1479 un Manne. Während der Brautzeit ertappt sie ihren Bräutigam bei
1758 1466 2888 1526 einer Treulosigkeit: er küßte eine ihrer kleinen unbedeutenden
1701 1471 1743 1524 1d
1712 1504 2881 1560 nis Freundinnen. Darob wird das leidenschaftliche Fräulein so
1758 1543 2885 1619 aufgebracht, daß es vom Verlobten nichts mehr hören will,
1709 1597 2900 1650 zu obzwar es schon so weit mit ihm gekommen ist, daß es ihn
1708 1646 2898 1731 utrheiraten müßte. Sie zieht geradeso wie die Bozena der
1764 1692 2886 1752 Ebner die Schande der lieblosen Ehe vor. Ihre Eltern ver¬
1760 1738 2892 1801 bannen sie in ein entlegenes Schloß. Dort wird sie von
1707 1764 1747 1810 c
1765 1792 2883 1847 einem todten Kinde entbunden. Nun setzt ein neues dichte¬
1700 1805 1749 1860 ist
1763 1845 2893 1903 risches Motiv ein. Sie hat den Tod des Kindes gewünscht:
1706 1851 1755 1899 ie
1762 1884 2891 1941 aus Haß für seinen Vater. Als sie aber erfährt, daß es
1763 1929 2886 1992 wirklich todt zur Welt kam, da wird sie wahnsinnig; sie
1767 1976 2887 2036 hält sich für schuldig an diesem Tode, sie meint: ihr Wunsch
1760 2017 2889 2079 habe das Kind getödtet. Und sie läßt sich diese Ueberzeugung
1761 2075 2891 2127 durch gar keine gegentheilige Versicherung nehmen und hält
1765 2125 2895 2176 ihre Ueberführung in eine Irrenanstalt für die gerechte
1760 2160 2895 2215 Strafe ihres Verbrechens. Dies die äußerlichsten Umrisse der
1768 2207 2896 2266 mit nicht gewöhnlicher psychologischer Einsicht dargestellten
1764 2263 2900 2317 Geschichte. Der unmittelbare Ton des Tagebuches ist meist
1765 2314 2889 2367 glücklich getroffen. Die Leidenschaft, die wilde Raserei der
1771 2344 2900 2411 Holdin und ihr ergebenes Wesen am Schlusse sind glaubhaft
1774 2397 2889 2455 und fesselnd geschildert; schwach ist nur die Zeichnung des
1775 2441 2895 2504 schuldtragenden Verlobten, über dessen Charakter man nicht
1772 2498 2896 2557 klar wird. Grünberg ist ein Talent, das warme Förderung
1777 2544 1925 2607 verdient.
1863 2555 2887 2645 Da man heutzutage über schöne Literatur nicht mehr
1774 2629 2903 2695 sprechen kann, ohne der Leistungen der Frauen auf diesem
1768 2669 2885 2734 Gebiete zu gedenken, so seien zum Schlusse noch zwei Bücher
1778 2730 2888 2790 hervorgehoben, die eine Empfehlung verdienen und gleichfalls
1778 2779 2893 2839 von ganz neuen Dichterinnen herrühren. Die eine tritt unter
1774 2809 2896 2879 männlichem Pfeudonym auf: Max v. Berthof, und bringt
1768 2877 2898 2929 eine Sammlung kleiner Erzählungen: „Eine heroische
1779 2910 2890 2971 Cur und andere Novellen“ (Dresden, Pierson, 1895),
1769 2956 2892 3011 Verthof ist satirisch angelegt, schreibt pikant und hat guten
1781 3003 2904 3066 Humor. Seine Satire ist der Ausdruck eines edlen, über
1777 3064 2906 3111 die moralischen Schwächen und socialen Schäden der Gegen¬
1765 3101 2898 3173 wart entrüsteten Gemüths; der Humor Berthof's ist viel
2926 1130 2969 1177 jen
2917 1218 2976 1275 po
2928 1307 2974 1368 m
2924 1359 2978 1424 Se
2930 1418 2977 1480 un
2927 1547 2977 1604 sch
2926 1596 2972 1654 Pi
2926 1643 2972 1696 die
2924 1738 2982 1800 das
2927 1789 2988 1839 am
2926 1830 2990 1893 rol
2921 1973 2983 2027 ist
2925 2019 2981 2076 die
2925 2069 2985 2127 hei
2929 2116 2991 2163 un
2915 2153 2982 2221 B
2933 2205 2995 2262 Di
2939 2253 2985 2307 ein
2929 2300 2991 2353 die
2935 2345 2989 2406 M
2933 2394 2985 2443 tre
2934 2436 2994 2504 Lei
2934 2581 2993 2635 stir
2935 2674 2987 2735 in
2935 2775 2994 2829 rei
2938 2863 2997 2923 de
2932 2910 2989 2969 D
2935 2959 2991 3018 wi
2932 3004 3002 3063 Les
2933 3104 2996 3159 we
