3276 4068
465 201 784 278 Sterben
649 257 760 317 ereertene
959 196 1311 291 box 1/2
1101 774 1192 862 858
1532 779 2043 880 LA NOUVELLE HEVUE.
1101 848 2470 933 jamais que les renseignements strictement indispensables à l'intelligence
1102 925 2465 997 du sujet. L’oeuvre est donc un peu grise. Elle est cependant d’un
1090 974 2470 1064 mérite très réel, mérite qu’il est toutefois difficile de faire comprendre
1099 1032 2465 1111 ici, car tout résidant dans l’adresse avec laquelle le dialogue est écrit, il
1097 1103 2467 1167 faudrait procéder par longues cilations, II est meme incontestable
1098 1151 2461 1212 qu’mourette marque, à certains égards, un progrès sur ie Conte.. ot
1097 1209 2465 1294 cependant, je me demande si je n’eusse pas préféré voir M. Schnitzler
1103 1262 2135 1337 rester pius fidele au système qu’il suivait tout d’abord.
1156 1327 2454 1398 La simplicité et la sobriété sont assurément des qualités à cultiver,
1094 1368 2464 1442 mais on est en droit de se demander si M. Schnitzler n’est pas en danger
1096 1434 2456 1509 d’aller un peu loin. Aforce de supprimer tout ce qui.n’est pas essentiel,
1088 1480 2453 1564 il risque de laisser venir, par moments, à l’esprit du lecteur, des objec¬
1094 1541 2464 1617 tions et des doutes qu’il ferait mienx d’éc##ortout d’abord. Voici le héros
1096 1597 2466 1674 de Mourir, per exemple. Nous ne savons rien de lui si ce n’est qu’il est
1100 1658 2458 1736 malade et a une maltresse. Son passé nous est, totalement inconnu. Or
1095 1708 2456 1786 tout le livre ne s’explique que si nous lui supposons un Certain passé.
1088 1748 2467 1841 Autant aurait valu, des lors, nous renseigner immédiatement à cel égard.
1095 1827 2456 1891 Des remarques analogues pourraient éire faites à propos d’monrelle.
1095 1880 2456 1941 Je sais bien que ces façons de faire sont aujourd’hui à la r. Je sais
1094 1932 2465 1998 bien aussi qu’en éliminant un grand nombre de details c## arrive à
1091 1996 2457 2060 produire un certain effet de grandissement des personnages: tout
1089 2054 2457 2117 homme simplilié de la sorte tend à devenir I’Homme et c’est ainsi que
1094 2102 2463 2174 les ceuvres des ccoles réalistes en arrivent, comme je le remarqueis
1098 2157 2455 2228 tout à lheure, à se teinter de symbole. Mais elles deviennent souvent, par
1087 2209 2464 2293 cela meme, moins sincères et moins vraies. Or la vérité et la sincérité
1091 2269 2478 2326 me paraissent étre les soucis dominants de M. Schnitzler. Quant à la
1091 2331 2466 2396 question de mode, je ne veux point lui faire l'’injure de croire qu'il s’en
1087 2378 2311 2454 préoccupe, et je suppose qu’il subit son influence malgré lui.
1146 2438 2454 2508 Aun autre égard encore, l’influence de certains groupes de djeunesp
1096 2502 2452 2578 n’est peut-étre pas tres favorable à M. Schnitzler. On retrouve de
1090 2547 2458 2617 ci de là, dans ses derniers écrits, des traces de ce que nous sorhmes
1088 2610 2455 2676 convenus d’appeler élégamment la g rosserie n, celle tendance difficile
1080 2647 2455 2740 à définir, ou entre, pour une large part, une ironie brutale el sans
1086 2715 2457 2780 gaieté, s’exerçant ##nstamment aux dépens des réalités vulgaires de la
1094 2776 2453 2845 vie. Or M. Schnitzler ne semble etre, par tempérament, ni froid ni
1096 2831 2457 2892 brutal. Pour le prouver, j’aimerais, si ia place ne m’étail mesurée, à citer
1086 2884 2465 2964 ici quelques extraits d’Anatole. II ya dans ces petites scènes de veri¬
1085 2945 2459 3020 tables bijoux de délicetesse et d’esprit et, si l’on y retrouve une assez
1091 2998 2442 3078 forte dose d’ironie, elle est loujours, comme il convient, légère et rieuse.
1086 3051 2452 3135 II semble incontestable cependant que l’auteur soit porté plutôt vers les
1091 3113 2455 3187 sujets tristes et poignants. Mais rien n’empéche d’etre triste, poignant
1079 3171 2452 3254 meme, sans étre brutal: il ya dane Amoureite et dans Mourir des pages
