3276 4164
218 236 713 335 3. Sterben
358 315 409 375 —
535 311 682 379 een
867 249 1235 366 bex 1/2
1302 941 1842 1047 LETTRES A MA COUSINE
2165 955 2244 1028 347
886 1039 2257 1138 pable n'est sorti que le dégont, la haine, qu'un mortel et invincihle
897 1111 1038 1174 ennui.
935 1143 2250 1237 # II réfléchit à la fuite des ans, à la chaine rivée pour toujours par
888 1224 2251 1283 Thabitude, à l’infinie tristesse de l’amour devenu un vice ias. II se
892 1279 2250 1335 vit lui-méme, dans T’avenir, lie à cette chair comme T’esclave asen
898 1328 2230 1387 carcan, privé de volenté et de pensée, abruti et vide; il vit la concu¬
894 1383 2249 1448 bine défleurir, vieillir, s'abandonner sans résistance à l'euvre du
893 1435 2246 1499 temps; il vit la maison déserte, désolde, silencieuse... Sa haine con¬
883 1486 2237 1553 tre l’inconsciente créature ne s’étalt jamais soulevée avec autant de
897 1546 2244 1607 violence. Dorénavant, pensait-f, je ne pourrai vivre ni avec elle ni
890 1588 1484 1666 sans elle. „ Voilà pour l'un.
944 1635 2253 1714 Voici maintenant comiment finit le couple de M. Rod: & Sortis du
898 1718 2239 1768 monde selon leur veen, ils en sentaient encore tout le poids sur
901 1756 2243 1814 leurs ccurs. Destructif et vainqueur, Tamour renverse les obsta¬
897 1809 2249 1874 cles. Mais, après le triomphe, voici qu'il s'affaiblit, II ne délivre
889 1871 2238 1932 point ceux qui attendaient de lui l’espace et la liberté. Sur le
887 1920 2241 1984 prisonnier fugitif plane Pombre de la prison, qui le pénêtre et qui
894 1975 2236 2029 le glace. 9 — Nous mourrons, n’est-ce pas? tu l'as promis! demande
891 2022 2240 2084 Geneviève au'sveille en sursaut, la nuit, le souvenir de son enfant.
889 2091 2240 2145 — Qui, répond le tendre électricien. — Mais si ce qu’on dit de l’au¬
894 2124 2238 2203 tre vie élait vrai? — Non, non. C’est impossible! Une seule chose est
896 2187 2230 2259 certaine: nous serons affranchis de ce poids que nous avons tou¬
890 2227 2239 2305 jours senli peser sur nous; nous serons entres dans le repos éternel. )
924 2286 2241 2355 Quant au poitrinaire allemand, à mesure’qu'il sent sa fin S’appro¬
887 2341 2227 2401 cher, son égoisme féroce se plait à torturer la douce et dévouée eréa¬
898 2401 2242 2470 ture, qui, lout en se sacrifiant à lui depuis un an, Cprouve elle-mème
884 2448 2230 2506 de plus en pius & une infinie lassitude v, sent se faner son émotion
892 2503 2244 2561 et son amour, et “ douleur se changer gen un mélange d’anxiété et
895 2555 2237 2617 d’indifférence v. II trouve juste qu’elle souffre, puisqu’il souffre. Il
885 2604 2239 2661 Jui en veut de vivre, puisgu“t vr. mourir, Il est jalonx, défiant; il
884 2673 2245 2730 Sirrite de sa päleur comme d’un mensonge, de son dévouement
883 2717 2242 2780 comme d’une hypocrisie. & Hlépiait le moment ou #lle tstooignerait
889 2769 2237 2837 quelque impatience, ou elle se trahirait par un mot, par un regard,
881 2827 2242 2896 ou il pourrait lui jeter au visage une parole méchante pour Jui faire
889 2877 2238 2942 comprendre qu'il n'avait pas été sa dupe une seule minute, que son
891 2933 2237 2987 hypocrisie lui répugnait, et qu'elle cüt à le laisser mourir en paix. 9
889 2979 2228 3039 Ou'elle le laisse mourir en vaix? Non, il ne veut pas mourir seul:
888 3031 2233 3098 une peur affreuse, une angoisse horrible l’obsède.,, II faut qu’elle
887 3088 2227 3144 consente à mourir avec lui, qu'elle le lui promette.. Mais jamais elle
880 3135 2234 3206 n’osera, elle aime trop la we! El alors la pensée meurtrière, comme
875 3199 2241 3271 une araignée monstrueuse tapie sous son cräne, lui ronge continuel¬
