3228 4164
201 200 675 275 3. Sterben
343 259 676 318 Serettere esetete seeenene
846 196 1208 298 box 1/2
2206 904 2308 975 8o1
1413 870 1835 996 LE LIVRE A PARIS.
961 1000 2299 1096 encore mourir avec moi?—Et alors la certitude la pénétra qu'il
959 1063 2300 1145 le voudrait encore. Mais ce n’était dlus limage c'un komme
951 1131 2299 1195 jenne et aimant qui lui apparaissait et qui ini demandait de
958 1197 2301 1271 s'étendre d ses côtés pour le sommeil de Leternité. Non, C’était
958 1251 2291 1330 un égoiste, un jaloux qui l’entrainait de force avec lui, simple¬
956 1314 1592 1394 ment parce qu’elle Ctait à lui.“
1003 1385 2291 1466 Et tout en méme temps, elle l'aime encore et ne peut détacher
963 1443 2300 1506 son cceur de celui qui n’est plus celui qu’elle aime, mais qui l'a
962 1505 2287 1574 été; et comme notre étre moral se compose moitié de souvenirs,
962 1570 2292 1635 moitié de sensations actuelles, et que les uns ne sont pas moins
962 1630 2285 1701 vivants que les autres, il ya je ne sais quelle confusion dou¬
961 1677 2296 1752 loureuse de haine et d’amour, d’effroi et d’affection, de dégout
962 1756 2295 1827 involontaire et de pitié, de regrets pieux et déjà d’espérances
970 1821 2293 1878 coupables dans cette pauvre cervelle “d’ange, qui ne peut pas
965 1866 2298 1941 s’empécher d’être un étre humain; et c’est ce qui fait que la
963 1937 2008 2014 page suivante me parait un petit chef-d’euvre:
1005 2000 2299 2067 * Cétaient des souvenirs qui remontaient à son esprit. Des
974 2055 2302 2129 jours et des nuits de bonheur radieux. Elle Cvoquait des
961 2122 2297 2186 heures ou il l'avait tenue dans ses bras, tandis que passait sur
967 2180 2295 2256 eux dans la chambre le souffie de jeunesse du printemps.
973 2233 2294 2313 Elle avait maintenant un vague sentiment que le parfum
968 2299 2296 2374 du jardin n’osait pas pénétrer jusqu'à cux. Elle allait
971 2359 2299 2434 alors à la fenétre pour l'aspirer à longs traits; des cheveux
967 2421 2298 2491 morts du malade une odeur fade semblait se répandre
970 2491 2295 2552 qui pénétrait l’air de la chambre.—Et puis, quoi encore?
970 2548 2296 2614 Ah! si seulement c’était fini! Qui, fini! Elle n'avait plus
967 2613 2287 2693 peur de cette idée-la. Le mot perfide lui venait aux lévres,
963 2663 2291 2730 qui transforme en hypocrite compassion le plus épouvan¬
970 2731 2291 2802 table des souhaits: s’il pouvait étre délivré!— Et quoi
966 2791 2301 2856 encore? Elle se voyait assise sur un banc, au pied d’un grand
970 2860 2291 2916 arbre, là, dehors, dans le jardin, toute pale et défaite par les
973 2913 2296 2975 larmes. Mais ces signes de deutt n’existaient que sur son
959 2984 2292 3044 visage. Sur son ame un repos delicieux était descendu qu'elle
973 3044 2293 3109 ne connaissait plus depuis longtemps, depuis si longtemps! Et
967 3096 2282 3181 elle voyait encore une forme humaine, la sienne, se lever,
965 3159 2290 3239 gagner la rue et s’en aller lentement. Car mainlenant, elle
955 3220 2283 3296 pouvait s’en aller ou il lui plaisait.,. Elle souhaita qu'il se
958 3292 2289 3360 réveillät. Car à le revoir ainsi, elle se sentait remplie d’une
955 3356 2285 3431 indicibie peine, d’une angoisse pour lui qui la consamait.
