3276 4068
291 140 367 235 3
438 133 769 224 Sterben
427 199 777 258 uenetenentenenennenene
931 137 1288 244 box 1/2
1119 735 1215 829 360
1589 711 2199 839 Prof. Dr. Richard Maria Werner.
1126 844 2675 925 Vitalismus erklärte mir das Vorhandensein der Organismen, und ich
1122 915 2665 986 glaubte auer dies vorzüglich zu versrehen. Kamen mir ja einmal
1108 968 2671 1042 Zweifel an meinem Verständnis für diese Begriffe, so verschob ich die
1121 1016 2670 1096 Klärung auf später, auf eine unbestimnte, entfernte Zeit, da die rechte
1117 1072 2669 1146 Gelegenheit dazu konnnen würde..... Auch ohne über diese Fragen
1123 1133 2303 1191 nachzudenken, kann man leben, sogar ganz gut leben.“
1238 1181 2600 1266 „Ob man ohne dies Nachdenken auch ebenso gut sterben kann.
1125 1238 1793 1332 mnachte ich mir das denn klar?
1239 1294 2653 1362 „Ich bin der verkörperte Durchschnitts-Typus jener Phalanx halb¬
1113 1358 2672 1433 gebildeter Menschen, die mit leerer Seele und Spott auf den Lippen
1110 1413 2661 1477 vortrefflich alle Weltanschauungen und metaphysischen Ideen entbehren
1118 1468 2663 1530 können und dabei sehr oft die am stürmischsten vordringenden Mit¬
1114 1529 2661 1601 glieder der Gesellschaft sind (ich war auch einmal eines von ihnen), die
1118 1589 2661 1659 einhergehen, die Augen zur Erde gerichtet und vom Himmel ab¬
1113 1651 2668 1713 gewandt..... Und man kann dabei gut leben, aber auch nur
1118 1694 2628 1774 leben: wenn's jedoch zum Sterben kommt, packt uns die Verzweiflung.
1233 1749 2664 1815 „Erst dann gehen uns die Augen auf. Wir erkennen die ganze¬
1112 1809 2661 1882 Hinfälligkeit der Grundlagen unserer bisherigen Weltanschauung und
1116 1874 2661 1939 wundern uns über uns selbst. Aus Herren des Lebens werden wir¬
1113 1912 1720 2001 Sklaven des Todes“
1227 1962 2652 2051 Er befindet sich in einem Gemütszustande, ähnlich jenem des
1115 2033 2662 2101 Wassers, das keine Flüssigkeit mehr, aber auch noch kein Dampf ist;
1122 2088 2663 2155 er fühlt sich als einen Ubergang, eine Verwandlung, eine Zwischenzeit;
1123 2153 2655 2214 „ich bin ein zwischen Dogmatik und Skepticismus hin- und herpendelndes
1117 2207 2647 2280 Wesen, stets bereit, zu einem dieser Extreme überzulaufen — ein Wesen,
1118 2258 2654 2341 das nicht mehr das ist, was es war, und noch nicht weiss, was es
1111 2314 1430 2394 werden wird.“
1227 2371 2662 2442 Man muss zugestehen, dass Dombrowski für das Ringen der gegen¬
1110 2428 2649 2496 wärtigen Zeit ein richtiges Verständnis zeigt und mit Glück gerade dem
1106 2481 2655 2548 Sterbenden solche Betrachtungen nahe legt. Rudnicki beneidet seine
1115 2547 2646 2612 Schwester Sophie um ihren Kinderglauben und ebenso seinen Freund
1105 2603 2656 2676 Stasch um seinen praktischen Positivismus; zu ihm blicken beide liebend
1114 2656 2639 2716 und verehrend auf, er aber hat das Gefühl, dass er ganz allein ist, ver¬
1108 2714 2645 2775 einsamt und verlassen, weil er sich nirgendwo anhalten kann. Da kommt
1105 2767 2635 2840 seine ältere Schwester Amelka zu seiner Pflege, die ruhig in sich ge¬
1102 2828 2647 2886 festete, klarblickende, rasch handelnde Natur, zu der er wie zur Mutter
1110 2876 2646 2944 aufschaut. Und von dem Moment zieht Ruhe in sein Inneres. Die
1109 2926 2645 3003 „Energie der Resignation“, die er sonst nur auf Augenblicke gewonnen
1108 2998 2641 3054 hatte, nun ist sie der Ergebung gewichen, dem blinden Vertrauen, dem
1102 3043 2649 3122 Fügen unter eine höhere Macht. Jetzt kann er sich auch mit der Kirche
1108 3105 2649 3167 versöhnen und empfindet Linderung in dem Bibelspruche, den ihm ein
1113 3163 2636 3231 würdiger Priester vorsagt: „Kommt her zu mir alle, die ihr mühselig
1100 3222 2644 3312 und beladen seid: ich will euch erquicken.“ Jetzt steht der Tod vor
