3228 4164
205 227 322 303 3.
342 236 679 309 Sterben
851 239 1211 323 box 1/2
837 1164 1250 1233 MERCVRE DE FRANCE
549 1151 615 1227 558
543 1260 1557 1316 a publié une Lettre sur la Possie de M. G Tarde, l’auteur
554 1304 1554 1348 des& Lois de l'’Imitation p et de gLa Logique sociale. v ll me
547 1339 1548 1398 serait impossible d’extraire quelques passages de cetten Let¬
550 1383 1546 1430 tre # sans étre obligé de discuter; cela m’entrainerait loin,
550 1416 1553 1485 et je crains que mes citations n’aient été déja trop abon¬
551 1462 672 1510 dantes.
583 1501 1557 1562 Que ces messieurs veullent bien m’ercuser et me faire
551 1534 972 1597 crédit de quelque temps.
1175 1580 1471 1653 RODERT DE SOUzA.
586 1659 1552 1719 Post-Seripium 7. — La superbe de M. René Ghil est toujours
549 1718 1550 1769 amusante. Je m’attendais à une de ses manifestations, mais
556 1742 975 1795 je l’espérais plus sérieuse.
581 1760 1550 1835 Je crois qu'il suffira au lecteur de relire une des phrases de
552 1819 1560 1877 la réponse de M. Chil et de se reporter à ma critique de
551 1860 1379 1908 Juillet pour juger la cause. Cette phrase, la voici:
590 1883 1551 1939 gli#nest de beusée que lorsque la sensation a été examinée
560 1936 1556 1981 en ses causes et fins et composants, comparée et jugée: et
548 1965 1544 2034 alors ce devient de la poésie intellectuelle vraiment, et scien¬
560 2009 736 2063 titique 9
587 2040 1539 2092 Quant à l’article de M. Chil de l’-Aube (Juin) sur la Beauté
555 2090 1556 2131 je l'ai bien lu, hélas! Comme il démontrait quele sens de la
560 2123 1549 2173 Beauté dans la création poétique était difinitivement oblitéré
552 2161 1307 2225 chez M. Ghil. il edt été cruel à moi C’insister.
581 2195 1549 2245 P.-S. JI. — Aura-t-on remarqué que les réponses an refe¬
551 2249 1553 2293 rendum de la Critique (5 Juiliet) étaient apocryphes: Toute
554 2285 1056 2343 la presse s’y est laissé prendre.
1376 2312 1464 2381 R. S.
630 2373 1099 2460 LETTRES ALLEMANDES
584 2447 1512 2516 Georg von Ompteda: Leidenschaften, in-12, Berlin, F. Fontane.
554 2502 1547 2542 Otto junus Bierbaum: Pankragius Graunger, der Weiberfernd, in-16,
558 2540 1543 2573 Berlin, Verein für Deutsches Schrifthum, 4 m. — Arthur Schmtzler
563 2570 1540 2606 Mourir traduit de l'allemand avec l’autorisation de l'auteur par Gas¬
563 2597 1546 2632 pard Vallette, in-16, Paris, Perrin et Cie, 3.50. — Arthur Schnitzler
561 2621 1547 2667 Liebelei, in-16, Berlin, S. Fischer, 2 m. — Peter Altenberg: Wie ich
1111 2650 1162 2683 —
1174 2651 1547 2704 Richard Schaukal: Perse
555 2657 1108 2693 es sehz, in-16, Berlin, S. Fischer z m.
562 2676 1203 2731 (1892-1806), in-16, Brunn, Rudolf M. Roher.
581 2727 1554 2781 Le bilan de la littérature allemande de ces derniers mois
556 2771 1558 2831 n'a pas été très brillant. II serait difficile de citer, dans la
556 2823 1544 2858 masse des publications récentes, un ouvrage apant joui d’une
561 2843 1551 2896 vogue particulière auprès du public, et je pense qu'aucun
553 2888 1557 2939 chef-d’cuvre n'a attiré l’attention soutenue des quelques cri¬
566 2926 1558 2977 tiques dont l’opinion s’impose. Après les belles promesses
559 2971 1552 3021 que faisaient à leurs débuts de jeunes écrivains dont il fut
564 3000 1555 3060 parlé ici, on peut à juste titre s’étonner de leur silence. L’école
561 3040 1557 3106 réaliste d’il y aquinze ans — celle qui faisait du réalisme un
2214 1159 2526 1228 SEPTEMBRE 1896
2807 1182 2874 1237 550
1870 1263 2870 1316 g drapeau 9 — est bien morte, sans qu'il se soit trouvé quel¬
1873 1302 2864 1355 qu'un pour la regretter, et le mouvement naturaliste au théä¬
1870 1341 2865 1391 tre, qui lui succéda, celui des Hauptmann, des Halbe et de
1868 1380 2873 1441 leur école, semble s’être épuisé des son premier effort.
1875 1416 2867 1473 Sera-t-il jamais capable de reprendre haleine: M. Hauptmann
1873 1460 2872 1516 s’est acharné à un sujet historique. Son Forian Geper, qui de¬
1867 1495 2862 1558 vait synthétiser la misère du paysan au sortir du Moyen-Age,
1878 1532 2861 1597 comme les Tisserands synthétisaient la misère de l’ouvrier
1870 1578 2863 1621 moderne, est devenu une cuvre vaste et informe que plu¬
1873 1609 2869 1663 sieurs théätres essayèrent en vain d’acclimater. Après son
1865 1655 2865 1706 énorme succès d’ily a trois ans, M. Max Halbe aura beau
1875 1693 2865 1734 trayailler, Neunesse restera sa dernière ceuvre. Quant’à M. Hart¬
1878 1732 2860 1777 eben, il semble avoir renoncé au théätre pour de vains jouets
1878 1770 2862 1826 philologiques. il reste les imitateurs du théätre français:
1880 1808 2859 1859 Mais M. Sudermann, zue le sort devait toujours favoriser, a
1875 1850 2858 1890 subi, Jui aussi, un échec sérieux durant la dernière saison,
1870 1887 2868 1933 et les récents drames de M. Louis Fulda sont vraiment trop
1873 1925 2870 1973 médiocres pour qu'il en faille parler. Berlin n’est décidément
1870 1962 2861 2014 pas la ville de l’art, et sa prépondérence en matière de théätre
1869 2005 2860 2043 semble gravement menacée depuis que la tentative de
1869 2035 2856 2085 M. Walter Harlan de créer à Leipzig un théätre libre perma¬
1874 2084 2861 2135 nent se trouve en si bonne voie. Un édifice répondant entié¬
1866 2116 2862 2173 rement aux besoins de la mise en scène moderne est actuelle¬
1879 2154 2811 2208 ment en construction. Mais quelles pièces modernes
1880 2186 2067 2238 ouera-t-on
1905 2222 2873 2272 Tout comme au théätre, Finfluence française continue à
1877 2268 2859 2313 prédominer dans le roman. Depuis M. Sudermann jusqu'à
1869 2308 2867 2351 M. Tovote, romanciers en vogue de l'autre côté du Rhin
1879 2346 2868 2387 ne peuvent oublier qu'ils ont lu notre grand Maupassant.
1874 2377 2869 2427 IIs rappellent malheureusement trop souvent qu'ils connais¬
1866 2421 2439 2473 sent aussi tous nos Marcel Prévert.
1909 2459 2865 2501 Les nouvelles du baron d’Omg da recrutent surtout leurs
1874 2498 2872 2540 lecteurs parmi la haute bourgeoisie libérale. Elles suffisent à
1870 2533 2871 2583 son modernisme. Ce sont des histoires lestement écrites, qui
1866 2579 2861 2628 ne prétendent pas réaliser l’idéal d’un art raffiné, de dernier
1869 2609 2303 2667 recueil du jeune auteur
2301 2610 2376 2654 —
2392 2613 2864 2665 ancien officier de cavalerie
1874 2652 2871 2705 in'a-t-on dit — s’intitule Leidenschaften (Passions) et porte
1867 2691 2863 2735 comme sous-titre & Histoires masculines, féminines et neu¬
1878 2730 2865 2775 tres 9. Une constante recherche de l’effet dans les situations,
1867 2770 2869 2812 voulant aboutir à des pointes d’ironie, s’étaye sur un brutal
1869 2808 2872 2854 réalisme des faits sans aucun approfondissement psychologi¬
1870 2848 2865 2891 que. L’un de ces récits cependant, par son allure amusante et
1871 2881 2872 2931 Thumour qui y perce parfois, se détache agréablement sur la
1877 2925 2871 2961 tonalité grise de l’ensemble. Une de nos élégantes demi-mon¬
1879 2956 2874 3013 daines, Lyane de Pierrechauds, est exilée par & son ami le duc
1875 3001 2861 3052 de * comme dit l'auteur Jui-méme, dans une toute petite
1869 3020 2869 3101 ville d’eau de 7’Outre-Rhin (sic) v. L’émoi qu'elle y cause,
