3228 4164
388 182 737 261 Sterben
253 188 734 298 3. Knnnnnuns
883 178 1259 283 box 1/2
1508 904 1928 1012 LE LITRE A PARIS.
2296 922 2401 1003 797
1103 1008 2389 1093 Non sans dechirement; car, remarquez bien que cet esprit,
1063 1087 2397 1165 affamé d’union, devait commencer par une sécession, par une
1062 1155 2387 1231 rupture. II devait quitter sa maison pour en gagner unc autre
1061 1207 2383 1283 qu'il jugealt plus vaste. II lui fallait, pour trouver sa patrie,
1060 1282 2387 1340 commencer par l’exil. Cest pour cela que longtemps, tout en
1066 1320 2383 1396 se sentant devenir catholique, il s’écriait que l'abjuration lui
1069 1387 2399 1466 faisait l’effet d’étre “la mort.“ Et, en effet, c’est à travers la
1071 1445 2070 1528 mort qu'il a été vers ce qu'il estimait étre la vie.
1101 1517 2393 1577 Drames terribles des grandes ämes! Combien en avons-nous
1069 1582 2392 1652 vu en ce siècle, qui parfois nous parait plat et qui est aussi
1055 1640 2393 1709 tragique que le seizième, ou que celui que vons vondrez! C’est
1067 1703 2390 1766 Scherer, qui rompt avec le protestantisme, pour venir à la
1063 1765 2401 1839 pensée lihre et pour aboutir au scepticisme, ou plutôt à
1069 1822 2391 1892 l’agnosticisme le plus complet, le plus intégral, que peut-étre
1065 1899 2391 1962 on ait jamais vu. Cest Renan, qui rompt avec le catholicisme
1076 1953 2389 2024 pour aboutir à une autre forme de scepticisme, au scepticisme
1066 2000 2395 2082 qui consiste à croire à tout, et à accheillir tous les contraires
1066 2071 2396 2155 comme des aspects divers de la verité. Cest Manning qui
1067 2135 2399 2194 abandonne le protestantisme pour se jeter dans le catholicisme
1072 2201 1889 2259 le plus tranché et le plus intransigennt.
1125 2246 2403 2321 Qu'est-ce à dire? que les ämes ont des besoins divers ct
1069 2303 2396 2385 contraires, et que chaque doctrine établie répond à un de ces
1078 2362 2403 2454 grands besoins en lui sacrihant les autres et en exigeant de
1075 2440 2395 2499 ses adeptes qu'ils sacrifient les autres, sans qu'auchne jusqu'a
1067 2490 2397 2567 présent soit assez vaste pour les satisfaire tous. Qui, le
1074 2551 2392 2647 besom d’autonomie spirituelle, d’independance spirituelle,
1068 2611 2400 2676 d’individualisme spirituel est légitime, et le protestantisie „
1076 2674 2403 2762 répond et le satisfait. Oui, le besoin de libre recherche ct
1077 2751 2394 2817 d’éternelle discussion et de doute renaissant pour aiguillonner
1080 2796 2395 2866 et stimuler à des recherches nouvelles est une forme encore,
1073 2853 2396 2928 et essentielle et légitime, de la vie de l’äme. Qui, le besoin
1077 2940 2402 2996 d’union, d’unanimité, de communion universelle dans une
1071 2994 2399 3050 meine pensèe est légitime aussi, et le catholicisme se présente
1079 3051 2404 3124 pour y satisfaire. Et ou se trouvera la doctrine qui pourra
1071 3112 2394 3177 concilier tant d’egigences diverses et contradictoires et contenir
1080 3171 2403 3246 en son sein une humanité qui a besoin et d’indépendance et
1064 3233 2395 3305 de cohésion, et qui a le désir du port et aussi de la tempéte:
1075 3294 2396 3357 II n'est guère à espérer que cette doctrine se rencontre jamais.
1064 3356 2393 3444 Respect, en attendant, à taus les hommes de foi et de
