3228 4164
214 195 692 271 3. Sterben
869 201 1220 287 box 1/2
498 1135 578 1196 500
794 1137 1202 1211 MERCVRE DE FRANCE
495 1222 1513 1291 Tenthousiasmie des uns, la métiance des autres, Tahurissement
502 1278 1501 1318 de plusieurs quand ils connaissent sa véritable situation so¬
496 1312 1497 1363 ciale, jusqu'à cc qu'enlin, à son depart, tout le monde ia féte
511 1355 1497 1399 comme une princesse, cela est pour M. d’Ompteda une jolie
499 1393 1498 1445 occasion de nous peindre les petits horizons de cette bonne
500 1428 1494 1489 bourgeoisie allemande. Mais pourquoi cite-t-il tant de fran¬
508 1473 1495 1524 çais: Pourquoi dit-il que la gsédutsante beauté s rentrera
503 1508 1500 1572 à Paris & des qu'elle aura reçu absolution (sic) de sa faute 9,
505 1547 1287 1599 et que la durée de son séjour est & incertaine s:
537 1584 1503 1642 Depuis qu'il a quitté la direction de la revue PAN — une
496 1623 1503 1684 autre de nos déceptions — M. O.-. Bierbaum s’est retiré dans
499 1659 1500 1715 un coin perdu du Tyrol, ou il habite, loin de l'agitation ber¬
503 1699 1499 1759 linoise, entièrement adonné à ses travaux, l’aile spacieuse
502 1742 1497 1794 d’un chäteau presque abandonné. IIya achevé un roman
498 1783 1499 1818 comique d’un tour d’esprit singulier avec de curieuses recher¬
499 1812 1492 1872 ches de style. Je l’avoue franchement, je n'aime pas in prose
501 1865 1504 1915 de M. Bierbaum: elle est contournée et artificielle, elle a quel¬
502 1898 1493 1953 que chose de vieillot qui, dans son article de critique, me dé¬
494 1938 1501 1984 sespère. Mais ici, dans cet humoristique Pankrazius Graun¬
501 1976 1503 2017 zer, tous ces défauts sont devenus presque des qualités. J'ai
504 2016 1498 2068 involontairement pensé à l’énorme Jean Paul en lisant l'his¬
499 2055 1495 2102 toire de ce célibataire endurcie en tournée matrimoniale, un
498 2093 1495 2136 Jean Paul qui auraitlu Dickens et l’duch Einer, de Vischer. Et
498 2129 1508 2180 le poête Bierbaum, celui qui a chanté jadis en des vers clas¬
501 2168 1496 2226 siques, le pocte qui sourit à chaque coin de page, dans les
503 2208 1502 2254 passages lyriques du roman, dans la délicieuse idylle du dé¬
497 2249 1268 2286 nouement, m’a consolé du prosateur Bierbaum.
537 2276 1494 2340 Une revue suisse, qui, je crois, a cessé de paraitre, avait en
495 2321 1496 2366 Theureuse idée de publier en traduction une longue nouvelle
504 2362 1498 2404 d’un jeune auteur viennois, Mourir, de M. Arthur Schnitzier.
496 2402 1493 2446 J'ai dit ailleurs tout le bien que je pensais de celivre: la lutte
504 2442 1490 2485 tragique, pour se raccrocher à la vie, J'un jeune homme s’en
496 2476 1496 2525 allant de la poitrine et voulant entrainer 7a-bas une maitresse
495 2514 1500 2568 qu'il adore et dont il ne peut se détacher. La traduction qui
502 2559 1492 2607 parait maintenant en volume est consciencieuse, quoique
499 2596 1501 2633 volontairement tronquée en certains endroits, écrite en une
503 2635 1499 2683 langue terne. M. Schnitzler est actuellement l’écrivain le plus
499 2676 1495 2712 en vue de cette pléiade de jeunes Viennois si pleine de pro¬
497 2710 1498 2763 messes. Les bords du Danube ont gartié un reste de vieille
500 2751 1504 2788 culture, un raffinement précieux dans les goüts et dans
495 2791 1490 2838 les habitudes, mélés à une résignation presque orientale.
495 2822 607 2874 II y
607 2831 1496 2877 est né un art tardif de virtuoses du style et du
492 2869 1500 2913 sentiment dont l'Allemagne du Nord ne serait pas capa¬
495 2902 1495 2943 ble. Aussi est-ce à Vienne qu'il faudra dorénavant cher¬
500 2942 1496 2989 cher l’art littéraire. Avec son drame: Liebelei (Amourette).
497 2980 1493 3023 M. Schnitzler eut le sen! succès théätral que put enregistrer
498 3019 1489 3082 I'Allemagne dans sa derniere saison. Joué à Vienne d’abord,
2248 1144 2561 1219 SEPTEMBRE 1896
2846 1157 2912 1224 561
1903 1245 2900 1305 au Burgtbeater, puis à Berlin, à Francfort et dans d’autres
1908 1291 2898 1337 villes d’Allemagne, la pièce s’imposa partout. Comme dans
1905 1336 2898 1375 son premier drame: Das Maerchen, l'auteur met en scène nos
1906 1376 2890 1423 amours de civilisés avec les ülles du peuple. Et ici le jeune
1903 1408 2893 1452 homme qui ne croyait se payer qu'un caprice est aimé entie¬
1909 1447 2895 1502 rement, avec toute la passion d’un petit cceur naif. Hélas!
1900 1484 2898 1538 lorsqu'il meurt tué en duel à cause d’une &chère madames,
1904 1524 2892 1574 une liaison sérieuse celle-là, la jeune fille reste seule aveccette
1905 1562 2891 1612 question amère: & Et moi? — Que suis-je pour lui?8 — Au
1898 1601 2888 1647 charme de la couleur locale, cette légere atmosphère vien¬
1903 1638 2889 1691 noise qu'il sent jusque dans ses nuances les plus subtiles
1899 1681 2890 1734 s'ajoute chez M. Schnitzler la vibrante sympathie pour ce
1896 1720 2875 1765 peuple dont il se sent frère. 1e sceptique désenchanté qu'i
1897 1760 2884 1812 est forcément, puisqu'il est hemme du monde, devient un pas
1895 1789 2887 1848 sionné de la vie qu’il aime avec tout le sang de son cceuf
1901 1830 2232 1883 parce qu'il est poête.
1923 1869 2890 1934 M. Altenberg a toute l’étoffe qu'il faudrait pour étre un
1898 1907 2882 1961 poéte lui aussi, mais je crains bien qu'il ne veuille jamais
1895 1950 2887 1995 faire l'effort qui lui permettrait de réaliser son réve. La vie
1899 1990 2892 2025 viennoise est décidément trop douce. Si l’on y aime parfois tra¬
1889 2024 2884 2082 giquement, on se contente pourtant en général de petitesidyl¬
1900 2066 2885 2112 les tendres, de bouquets de flirts, de pätisseries et de cafés-con¬
1891 2102 2883 2142 certs. On note quelques vagues reveries, onsaisit au vol quel¬
1898 2142 2881 2185 ques images fugaces. M. Pierre Altenberg publie ses carnets de
1887 2179 2886 2226 notes. IIn'a nul souci de composition. Les liaisons dans lesidées
1894 2221 2881 2268 sont faites chez lui par des tirets ou des petits points. Quelles
1886 2252 2889 2299 jolies pages de voiume cela fait, avec des bouts de phrases à
1888 2297 2878 2341 faire réver M. Poictevin. On ferait vingt romans de tous ces
1881 2329 2885 2382 fonds de tiroirs! Quel dommage que M. Altenberg n’en ait pas
1886 2374 2879 2426 tenté au moins un seul. je le regrette sincèrement, car Wie
1888 2409 2876 2464 ich es sehe (Comme je vois les choses) est un des plus curieux
1886 2447 2883 2503 livres de la littérature allemande moderne. II y#a la des
1885 2490 2880 2540 analyses de cette singulière végétation qui croit dans les pro¬
1884 2522 2875 2569 fondeurs de l’äme humaine, de ces plantes délicates qut se
1882 2567 2872 2614 colorent de mille nuances et s’agitent au moindre souffle;
1882 2606 2868 2656 quelques-uns seuls savent les déméler, età peine si nous avons
1883 2639 2877 2693 déja une langue pour les dire. Des enfants jouent et causent
1876 2682 2872 2729 autour de leur nière, et dans leurs paroles nous croyons saisir
1873 2724 2873 2779 des correspondances mystérieuses avec nos’ pensées les plus
1875 2750 2877 2800 secrêtes. Deux ámes se rencontrent, et leurs premières pa¬
1872 2800 2876 2846 roles les font se comprendre, les choses complexes et dispa¬
1875 2831 2876 2878 rates font place à une lumineuse harmonie. M. Altenberg a
1875 2872 2876 2922 saisi cela. Et je crois que je lui peräonne son manque de
1876 2909 2867 2954 logique dans les idées, le fatigant retour de ses procédés
1880 2950 2867 2995 toujours pareils, la fausse élégance de ses intérieurs, puisque
1881 2990 2868 3053 sa sentimentalité s’est plue à nous esquisser quelques traits
1880 3025 2461 3080 nouveaux de g l’äme européenne 9.
