3276 4068
251 179 376 275 3.
394 187 739 258 Sterben
900 193 1271 285 box 1/2
527 676 1464 764 Unternehmen für Zeitungs-Ausschnitte.
1384 740 1528 791 Ausschnitt
404 744 1289 914 105 „OBSERVER“
1404 779 1638 894 Nr. 87
282 905 1686 972 L. österr. bekördl. conc. Bureau für Zeitungsberichte u. Personalnachrichten
461 955 1519 1044 Wien, IX/1, Türkenstrasse 17.
598 1036 1347 1121 — Filiale in Budapest: „Figyelé“ —
379 1101 1599 1185 Vertretungen in Berlin, Chicago, London, Newyerk, Paris, Stockholm.
286 1230 1515 1320 Kusschnitt ans: # #r#l ###c Szcel
938 1306 1298 1446 J3aul
293 1387 570 1472 vom 7/2
715 1587 1386 1678 Sterben. Novellen von Arthur Schnitz¬
746 1651 1177 1712 ler. Berlin, S. Fischer.
765 1691 1385 1759 Arthur Schnitzler, der Dichter des
269 1560 630 1787 2
703 1727 1335 1796 Dramas „Liebelei“ dessen Umfang
1346 1746 1394 1796 so
709 1768 1401 1841 gering und dessen Tragik so groß ist, und
716 1827 1394 1875 von „Anatole“ einer Reihe moderner
724 1860 1394 1913 Sittenbilder in dramatischer Form, die
341 1788 669 1932 6. 20
716 1896 1383 1953 übersprudeln von Laune und Witz und
718 1942 1381 1993 eigentlich recht ernsthaft zu nehmen sind
713 1975 1384 2033 hat uns in „Sterben“ eine dichterische
722 2008 1389 2071 Schöpfung von hohem litterarischen Werthe
392 2014 591 2097 20 7
703 2056 1385 2105 bescheert — nur lesen soll man sie nicht
701 2092 1381 2148 müssen! Die Geschichte von dem Sterben
711 2134 1383 2180 eines Schwindsüchtigen, dem auf sein An¬
702 2167 1392 2224 dringen der berühmte Arzt mitgetheilt, daß
269 2103 482 2262 21
701 2211 1392 2265 er nur ein Jahr noch zu leben habe, ist
708 2248 1383 2302 psychologisch meisterhaft berichtet, aber sie
699 2282 1380 2337 ist furchtbar! Nicht eine psychologische oder
313 2246 633 2377 Meihater
712 2331 1380 2387 physische Phase, die der Sterbende bis zum
702 2366 1380 2423 Verzweiflungsstadium, bis zu der körper¬
710 2401 1378 2461 lichen Auflösung durchkämpft, hat der
707 2437 1385 2491 Autor zu schildern vergessen — es ist ein
377 2438 580 2536 Se
699 2480 1385 2534 Sterben, wie es, Gott sei Dank, Wenigen
699 2521 1374 2578 auferlegt ist! Und zu diesem Non plus
704 2563 1374 2614 ultra gesellt sich, den Fall wesentlich ver¬
706 2597 1371 2651 schärfend, ein schönes, blühend=gesundes Weib,
704 2640 1377 2684 das dem Sterbenden in rührendster Hingabe
701 2677 1373 2733 zu Eigen ist. Als Marie das Todesurtheil
304 2683 686 2759 Für 50 Zeitungsausc
1473 2690 1636 2761 inclusive
699 2715 1371 2769 des Geliebten vernommen, da versichert sie
378 2736 455 2789 100
609 2754 644 2796 „
1506 2750 1615 2794 Porto.
694 2750 1284 2810 ihm in einer hochdramatischen Scene:
1305 2757 1360 2805 Id
332 2777 451 2831 „ 200
702 2791 1294 2844 habe mit Dir gelebt, ich werde mit
1310 2799 1376 2843 Dir
328 2816 460 2867 " 500
605 2792 655 2868 7
1450 2821 1649 2880 im Voraus.
703 2831 1364 2885 sterben! Wir Beide haben dasselbe Schicksal;
324 2852 464 2907 „ 1000
699 2869 1359 2924 ich kann nicht leben ohne Dich! Ich schwöre
690 2902 773 2952 Dir“
1393 2892 1697 2953 sschnitte ist das
765 2915 1368 2962 — „Schwöre nicht!“ fällt ihr Felix
426 2892 673 2966 Im Gegensatz
1390 2937 1710 2993 auch steht es den
700 2944 1365 2999 feierlich in's Wort, „Du könntest falsch
309 2942 654 3001 Abonnemont durch
1419 2979 1561 3027 ändern.
688 2984 1361 3039 schwören!“ — Und es kamen die Monate des
322 2984 650 3050 Abonnenten frei die
698 3020 1365 3083 langsamen unaufhaltsamen Dahinsiechens,
690 3059 1360 3119 in denen jede Hoffnung versiegt, und die Müdig¬
690 3099 1365 3152 keit als Wohlthat empfunden wird, weil sie
689 3140 1362 3197 doch verhindert, den ungeheuren Schmerz
689 3178 1368 3237 des Abschieds im Voraus zu fühlen. Und
691 3216 1361 3267 dann kam endlich auch der Tag, an dem
686 3253 1358 3310 Marie, auf das Aeußerste zerquält von der
687 3293 1354 3350 tausendfältigen Marter, diesen geliebten
686 3330 1358 3393 Kranken eine Woche nach der anderen pflegen
686 3373 1357 3424 zu müssen, ohne auf etwas Anderes als
682 3416 1356 3468 auf ein Wunder hoffen zu können, das erste
681 3446 1355 3506 Mal dachte: „Wenn es nur vorüber wäre!“
738 3486 1363 3542 Und sie schrak fortan nicht mehr vor dem
677 3515 1353 3583 Gedanken zurück; sie täuschte den fürchterlichsten
673 3556 1356 3618 der Wünsche sich selbst hinweg mit jenem
681 3601 1362 3666 opportunen Mitleid: „Dann wäre er doch
675 3643 1353 3698 erlöst!“—— Und eines Tages ist er er¬
657 3668 1018 3746 löst, und — sie auch!
1174 3690 1318 3758 A. W.
2140 780 2629 849 2 Raint, dis iklan sieg.
2131 805 3158 891 Vor allem markant aber für diese neue Poesie der
2030 871 3157 945 Innenwelt ist Arthur Schnitzlers Novelle „Sterben“. 15
2133 917 3162 984 Das Aeußerliche ist hier völlig gleichgiltig geworden.
2029 964 3164 1022 Schnitzler gibt kein Nationale seiner Figuren; wir erfahren
2030 1014 3154 1085 nichts über ihren Stand; es sind meistens künstlerisch
2035 1061 3160 1130 Genießende, die keine äußere Sorgen haben, die daher
2042 1103 3160 1174 ganz sich ihrem Gefühlsleben hingeben können; kein
2034 1150 3166 1226 Vatersname wird genannt, der Vorname genügt. Die
2035 1196 3168 1269 Hauptsache sind die innerlichen Vorgänge. Hier wird
2038 1247 3159 1313 nun mit einer virtuosen Kunst das Gemütsleben eines
2047 1292 3167 1368 Schwindsüchtigen geschildert, der sicher weiß, daß er in
2106 1382 2553 1446 12) Berlin, Fontane 1895.
2115 1432 2552 1495 13) Berlin, Fontane 1895.
2115 1473 2682 1536 14) Dämon Kleist, Berlin, Fischer.
2116 1528 2435 1594 15) Berlin, Fischer.
2076 1589 2154 1649 269
2315 1589 2636 1743 Mag
2685 1856 3130 2069 Omureh
1814 2039 2069 2116 für Litteratur.
2812 2039 2957 2111 Nl. 9
1835 2170 2947 2241 einem Jahre sterben muß, mit all den Stimmungsschwank¬
1837 2231 2959 2297 ungen aus Trotz und Hoffnung, mit all den blitzartig
1842 2277 2954 2331 sich einstellenden, schnell variirenden Empfindungsnüancen
1840 2324 2954 2378 des Gerührtseins über sich selber, der stolzen Ueberlegenheit
1836 2371 2953 2423 in den philosophisch=stoischen Stunden, der jähen krampfigen
1828 2415 1958 2481 Angst.
1922 2455 2956 2521 All das aber ist rein künstlerisch gegeben und hat
1833 2512 2947 2561 nichts zu tun mit gewissen Ausartungen moderner
1841 2558 2955 2611 „Nervenpoeten“, die auf ihr liebes heimliches Selbst
1834 2608 2952 2665 süchtig=zärtlich lauschen um aus der mühsam erhaschten
1840 2653 2944 2713 Beute ein Büchlein zu machen. Sie sind doch nur eine
1834 2695 2951 2752 etwas interessantere Spezies der Buchmacher, aber keine
2319 2834 2464 2940 2
