3228 4164
226 240 318 334 3.
371 243 698 320 Sterben
423 291 490 352 20 1
511 293 693 356 nn
861 238 1222 355 box 1/2
1478 963 1813 1056 LA OUINZAINE
966 1044 2320 1143 dre patience; et pas de patience du tout. 6 Un quait dheure, cela
965 1138 2320 1203 n’est rien; une demi-heure, cela commence à compter v; et du désir,
963 1177 2319 1246 et de la colère, et des soupgons, des jalousies, des angoisses: & Oh!
969 1230 2319 1310 la mort, au lien de ces tortures que renouvelle chaque jour la vie!
967 1286 2324 1358 Etla mort dans T’amour! Viens, partors... Après, ce sera le repos,
963 1346 2112 1412 T’oubli, la paix La course d la mort qui recommence!
1007 1381 2319 1466 IIyaune pérityphlite de Mne Geneviève, avec opération chirurgi¬
965 1461 2323 1519 cale, — etsupplice de T’amoureux qui seuffre de n’y pas assister, qui
968 1500 2313 1584 vondrait des détails, et qui, se décidant à un coup de téte, part pour
966 1557 1121 1634 Etretat.
1000 1583 2325 1679 Soup ns du mari, explications avec sa femme, dont il n'a jamais
968 1659 2319 1732 douté, mais qulil veut défendre conire un entrainement possible;
967 1723 2326 1784 explication de méme nature avec Martial, qui maintient superbement
962 1769 2317 1845 ales droits du cceur v, & l’amour plus fort que vos leis, vos conven¬
967 1823 2327 1893 tions, vos codes, votre morale 9 — hardi, Ravachol! — et qui d’un
964 1875 2318 1948 beau mouvement de mélodrame s’en va chercher Geneviève sous la
974 1930 2314 1985 vérandah et lui dit: & Geneviève! Venez! Partons! Partons! „.
963 1980 2185 2046 Mais elle se laissa tomber en gémissant: , Je ne peux pas! „
1006 2023 2317 2106 II est parti: elle en meurt de d honte v. Car elle fut läche, elle l’a
977 2083 2326 2153 trahl. Elle a son enfant, c’est vrai: mais lui n'a rien! Elle manque à
974 2147 2325 2202 lous ses devoirs en l’abandonnant... Elie part donc le soir méme.
967 2196 2319 2259 Elle effleure de ses lévres le front du petit Jacques endormi, s’échap¬
971 2244 2314 2317 pe par une porte dérobée, et s’en va retrouver à Paris, dans l’atelier,
965 2293 2319 2361 Martial, qui. après S’étre accoudé au pont des Saints-Pères (coucher
965 2363 2322 2430 de scleil sur Notre-Dame), au lieu d’aller à l’église — vil savait bien
976 2401 2320 2472 que les vodtes sonl vides! — était rentré prendre son revolver..
1014 2461 1286 2535 Enfin, seuls!
1012 2486 2324 2575 Etcette solitude tant désirée pèse sur eug très lourd. Vons savez:
976 2572 2326 2636 & lombre de la prison vqui plane sur leur bonheur! El par peur de
971 2634 2324 2680 de cette ombre ces Gribouilles de Tamour entrentdans ia nuitsans fin
1022 2667 2330 2745 Vous riez, ma cousine: c’est que vous vous tenez en bonne santé
1027 2731 2320 2786 comme vos petits canards. Si vous étiez un peu chlorolique, senti¬
977 2772 2323 2849 mentale ou migraineuse, vous trouveriez cette mort charmante, si
975 2844 2341 2903 douce! si scuriante! si poétique I.... Cest en eilet comme cela qu'on
975 2885 2089 2948 meurt... à l’Opéra. Tas de poseurs et de comédiens!
1608 2986 1650 3067 4
1018 3079 2341 3169 Qui appelle ces amoureux de la mort des g poseurs ## et des
1007 3158 2333 3217 comédiens „? Hé! cest le jeune malade du roman de M. Schnitzler.
983 3193 2335 3284 II est condamné à mort, lui, pour la chute des feuilles. Tout comme
