3228 4164
238 215 717 306 3. Sterben
494 280 618 349 We n
891 221 1231 336 vox 1/2
1117 926 1206 1027 554
1638 918 1969 1031 LA OUINZAINE
1116 1014 2482 1118 des le gloire de M. d'Annunzio. Et M. T'abbé Charbonnel qui dit
1119 1098 2484 1159 " Maitre 9 à Zola, a trouvé ces luxures effrénées d’un dément et
1120 1149 2482 1219 d’une épileplique, auxquelles se méle le ragodt d’une religiosité
1115 1213 2472 1269 sacrilege, un sujet bien digne d’étuds, et il i'a étudié, von sans
1112 1263 2469 1328 admiration, dans la Rerue de Paris. Et M. Doumic — vous ie voyez,
1108 1317 2477 1378 ma cousine, tous nos critiques les pius délicats et les plus vertuenx
1116 1369 2473 1431 ont donné — a le plus qu'il a pu atténué sa fine ironie pour parler
1113 1427 2470 1483 respectueusement à la Sorbonne et dans la Nevue bleue de ce disci¬
1116 1477 2474 1534 ple adroit de Maupassant et de Dostolewski. d’Edgar Poß et de Bau¬
1114 1522 1264 1593 delaire
1162 1557 2475 1656 Ces mèmes critiques, sauf peut-être M. Charbonnel, qui a écrit
1114 1636 2468 1705 sur Rome un article enthousiaste, ne supporteraient pas la pensée
1116 1681 2469 1750 que l'Académie püt donner le père de Nana ei de la Mouquette
1107 1744 2469 1803 comme confrère à Me Perraud et à M. Anatole France, et le charger
1114 1787 1742 1853 de distribuer des prix de vertu.
1148 1838 2483 1897 Mais puisque ces sembres histoires nous viennent d’ltalie, de
1104 1865 2475 1961 Suisse et d’Allemagne, c’est éiégance de cosmopolite de icur faire un
1104 1955 2376 2034 succès en France... Et je leur fais donc, moi aussi, ma réclame
2371 1960 2461 2017 — 4
1110 1996 1364 2077 ma manière.
1143 2210 2466 2287 Ma cousine, nous avons eu ce mois-ci ce que les journaux appellent
1105 2273 2469 2341 la série rouge: le père qui étrangle son hls et le jette en un buisson;
1109 2322 2466 2377 le père qui égorge sa fille à coups de rasoir; le mari qui tre sa
1111 2375 2469 2447 femme à coups de revolver, — plus o. dinaire cela; — le gendre qui
1111 2428 2469 2487 assomme sa belle-mère, — cela plus logique; et le suicide manque
1107 2482 2456 2549 de Liane de Pougy; sans compter le pauvre diable de braconnier
1110 2535 2462 2595 fusillé par les gardes de M. de Rothschild, la femme écrasée à l’Opéra,
1104 2583 2466 2650 Tassassinat du shah de Perse, la rencontre des trains d’Adelia, la
1108 2640 2453 2711 catastrophe de Rochebelle, la bombe de Barcelone, et le beau car¬
1109 2695 2466 2773 nage de Moscou.,. Je vous devais une cbronique de sang et d’bor¬
1107 2749 2186 2803 reur: gräce àla littérature d’aujourd'hui, vous T’avez.
1145 2786 2464 2882 Qui dit encore que les livres sont faits pour distraire, charmer,
1101 2852 2065 2933 élever ?.. Retournez à vos couvées, ma cousine.
2020 2951 2402 3031 GABRIEL AUBRAY.
