3228 4164
249 234 351 319 3.
394 238 739 312 Sterben
895 241 1257 327 box 1/2
541 292 732 340 eneteanie.
516 1554 1035 1653 Teleton 12801.
186 1609 1347 1733 M4 1 0 Unternehmen für Zeitungs-Ausschnitte
1435 1678 1605 1737 Ausschnitt
1380 1708 1469 1816 Nr.
584 1710 1201 1842 „OBSERVER‘
206 1844 1598 1908 I. österr. behördl. concess. Bureau für Zeitungsberichte und Personalnachrichten
500 1901 1319 1992 Wien, IX/1 Türkenstrasse 17.
400 1999 1386 2065 — Filiale in Budapest: „Figyelö“, VIII. Josefsring 31 a. —
731 2119 1277 2234 Prager Zeitung
192 2155 632 2237 Ausschnitt aus:
392 2286 761 2380 11. MAl 1898
211 2316 336 2384 vom
390 2377 552 2461 pelieben.
454 2408 1254 2482 Emiräni. (Sterben.) Novelle von Arthur
399 2450 1422 2519 Ier. „In's Böhmische übersetzt von 37.Jable¬
397 2512 1414 2559 (Prag, Verlag der Zeitschrift „Rozhledy“.) Eine nacht¬
403 2542 1415 2598 schwarze Landschaft, aus der nur einige helle Wolkenstreifen
413 2589 1419 2634 und die bleichen Steinkreuze eines Friedhofes gespensterhaft
401 2627 1417 2670 hervorschimmern — das in das von E. Orlik ausgeführte
400 2662 1411 2705 Umschlagsbild des Buches. Der Trauerhülle entspricht der
412 2699 1404 2748 düstere Inhalt. Man sollte es kaum glauben, daß ein Kind
410 2737 1414 2786 der lebenslustigen Phäakenstadt an der Donau, so eindrin¬
402 2780 1419 2824 gende Blicke in die Nachtseite der menschlichen Natur gethan
398 2815 1418 2857 haben könnte. Ja, auch die Wiener haben sich verandert.
407 2850 1418 2894 Der Inhalt ist in kurzem folgender: Marie, ein lebens¬
389 2885 1416 2936 frisches Mädchen, hat ihrem schwindsüchtigen Liebhaber Felix
413 2922 1413 2965 übereitelt das Versprechen gegeben, sie wolle mit ihm ver¬
406 2962 1419 3005 eint sterben. Felix weist zuerst dieses Opfer zurück; je meb¬
409 3000 1416 3043 er aber den Tod herannahen fühlt, umso heftiger wünsch
411 3035 1421 3075 er, seine Geliebte möchte doch ihr Versprechen erfüllen. Der
413 3073 1421 3118 Anblick des furchtbaren langsamen Hinsterbens des jungen
411 3113 1415 3153 Mannes bewirkt in dem Mädchen einen natürlichen Rück¬
498 3149 1416 3196 — sie klammert sich nun an das Leben. Und als
412 3149 504 3196 schlag
409 3183 1417 3231 Felix in der Todesagonie sich auf sie stürzt, um sie zu er¬
404 3222 1417 3271 drosseln, da flieht Maria entsetzt von seinem Sterbelager in
400 3262 1410 3304 die Nacht hinaus. Zurückgekehrt findet sie den Geliebten
403 3300 1412 3345 lodt unb starr auf dem Boden liegend. Schnitzler zeigt sich
405 3328 1411 3378 auch in diesem aufregenden Nachtstücke als ein Meister in
399 3374 1417 3418 der Beherrschung des Wortes und in der Schilderung der
410 3410 1423 3467 intimsten Seelenprozesse.- Die Uebersetzung Javürek's folgt
400 3451 1415 3494 mit innigem Verständniß den Feinheiten des Originals.
408 3487 1405 3531 Jaroslav Kamper führt die Novelle durch einen kurzen kri¬
401 3525 1191 3588 tischen Aufsatz beim böhmischen Publikum ein.
1276 3521 1382 3587 A. R.
580 3584 1217 3658 Bezugs-Bedingungen.
1280 3634 1366 3700 7.50
203 3638 1104 3729 Für 50 Zeitungsausschnitte (Artikel oder Notizen)
1413 3670 1547 3723 inclusive
1271 3683 1321 3727 14.
1212 3696 1248 3740 „
994 3703 1037 3750 „
292 3702 366 3749 100
1268 3722 1327 3768 25.—
1215 3737 1249 3775 9
1428 3711 1545 3776 Zahridar
288 3743 363 3787 200
1416 3762 1573 3812 im Voraus
994 3779 1041 3829 „
285 3781 362 3827 500
1240 3799 1326 3855 100.
238 3823 368 3882 " 1000
336 3842 1611 3918 Im Gegensatze zu anderen Bureaux für Zeilungsausschnitte ist das
1287 3882 1604 3940 auch stcht es den
219 3889 1198 3952 Abonnement durch keine bestimmte Zeitdlauer begrenzt,
220 3920 1524 4000 Abonnenten frei die aulgegebenen Themen zu ergänzen oder zu ändern.
1585 675 1722 803 (670
1587 808 1671 938 4
2379 195 2706 294 47—0
1802 322 1886 387 584
2190 324 2663 402 LES LANGUES MODERNES
1842 425 3041 495 Arthur Schyitzler. — Mourlr. Traduit de l’allemand par
1798 483 2819 546 Alzir Hunna et O. Bounstac. (Rieder, 1925. 187 p. in-16).
1836 534 3032 616 Mourir est une des premières nouvelles de Schnitzler. Nous
1801 603 3029 655 avons aimé à en retrouver dans la traduction française le
1797 639 3049 712 charme doulourenx et eruel. Deux idées fixes, divergentes se.
1806 696 3032 751 développent chez deux personnages lics du plus étroit, du plus
1807 740 3039 788 sincère amour: chez l’homme, malade etqui se sait condamné, le
1798 783 3028 837 besoin d’emmener avec lui, dans la mort, la maitresse passionné¬
1808 830 3032 891 ment aimée; chez elle, toute jeune et saine, l’horreur croissante de
1802 868 3025 933 la mort, de la maladie, de cet organisme qu’elle voit lentement se
1804 922 3024 986 détruire auprès d’elle. I’amour n’est pas ici plus fort que la wort,
1804 970 3024 1023 mais la mort plus forte que Pamour et la vie plus forte que tout.
1799 1016 3029 1078 Une ironie sans pitié demasque un à un les mensonges du senti¬
1801 1057 3034 1106 ment, les caleuls inconscients de l’égoisme ou de la pitié. Mais
1804 1105 3032 1161 une gräce legère, un doux paysage, une exquise modération
1790 1147 3022 1214 donnent ä ce drame eruel un charme impalpable, mélancolique
1798 1207 3030 1259 et attendri. La traduction est fidéle et le plus souvent aisée.
1792 1235 3022 1306 M. Maurice Scheyer l'a fait précéder d’une préface enthousiaste
1799 1285 3032 1347 on Patmosphère schnitzlérienne est évoquée avec vérité et avec
1795 1331 1924 1394 oésie.
2607 1371 2998 1453 Geneviève Biarovis.
1944 1468 2381 1559 —
2380 1580 2695 1668 Telefon 12801.
1777 1579 2046 1692 N 10
2088 1674 2989 1754 Unternehmen für Zeitungs-Ausschnitte
3079 1696 3234 1771 Ausschnit
3022 1770 3235 1864 Nr. 44
2233 1750 2868 1875 „OBSERVER“
1835 1863 3228 1936 I. österr. behördl. concess. Bureau für Zeitungsberichte und Personalnachrichte
2138 1941 2959 2012 Wien, IX/1 Türkenstrasse 17.
1977 2005 2992 2083 Filiale in Budapest: „Figyelö“, VIII. Josefsring 31a.
2334 2143 2946 2242 Politik (Prag
1826 2175 2273 2260 Ausschnitt, aus:
2343 2251 2678 2349 5— JUN 1898
1827 2341 1955 2400 vom
2034 2497 3102 2571 — A. Schnitzler: „Umiráni.“ Autorisovany pfeklas
1955 2549 3073 2609 . Javürka. P Näkladem „Rozhledä“. Nach „Liebelei
1946 2595 3090 2657 und „Anatol“ liegt nun auch Schnitzler's „Sterhen“ in einer böh¬
1957 2640 3080 2700 mischen Uebersetzung vor. „Sterben“ ist wohl Schnitzler's bestes
1953 2685 3011 2723 Werk. Hier steht der Wiener Autor künstlerisch am höchsten.
1959 2711 3089 2759 ist ein feines, ein künstlerisches Buch, weil es auf alles äußere
1960 2757 3090 2797 Beiwerk verzichtet und blos den inneren Vorgängen und den lei¬
1966 2788 3086 2836 festen Regungen der Seele nachgeht. Es ist eben rein innerlich.
1961 2822 3091 2871 Das langsame Dahinsiechen eines Menschen, das langsame Ver¬
1961 2862 3090 2911 welken und Verblühen einer empfindlichen, raffinirten Seele wird
1961 2899 3089 2946 darin mit delikaten Farbentönen und feinen Strichen geschildert.
1959 2935 3085 2988 Wie die Krankheit uns feige macht, wie mit dem körperlichen
1958 2969 3085 3028 Siechthum auch die geistigen und moralischen Kräfte allmälig
1969 3009 3089 3067 schwinden, wie sich zwischen dem Sterbenden und den Ueberleben¬
1963 3058 3086 3101 den nach und nach ein tiefer Abgrund aufthut, wie die trügerische
3027 3091 3082 3142 ha
1957 3088 3028 3135 Hoffnung immer wieder dem Kranken vorschwebt — das Alles
1958 3133 3083 3178 Schnitzler in der Novelle schlicht und doch vornehm, mit feinen
1956 3164 3086 3209 Empfinden wiedergegeben. Ein wehmüthiger, tief trauriger Zu¬
1960 3194 3087 3253 geht durch das Buch. Etwas von der traurigen Stimmung eines
1964 3230 3084 3290 Sonnenunterganges im Spätherbst, von der Stunde des Abschie¬
1963 3276 3086 3332 des, liegt über seinen Seiten. Das Durchschnittspublikum wird
1969 3320 3085 3363 der „Liebelei“ zujubeln, die Oberflächlichen werden „Anatol“
1965 3350 3092 3403 reizend finden, aber die Kenner werden das „Sterben“ allen, auch
1963 3387 3086 3442 den späteren Arbeiten Schnitzler's vorziehen und an der feinen
1961 3423 3083 3473 psychologischen Detailmalerei des Buches Gefallen finden. Die
1967 3472 3085 3516 böhmische Uebersetzung ist in einer sehr elegauten Ausstattung, mit
1958 3511 3094 3560 einer stimmungsvollen Lithographie von Emil Orlik geschmückt,
1959 3544 3086 3602 erschienen. Der Uebersetzung ist ein kurzes. Vorwort von Jaroslav
1949 3589 2395 3651 [Kamper vorangeschickt.
2194 3593 2827 3674 Dezuge-Bedingungen.
2889 3641 2981 3719 7.50
2825 3663 2873 3725 fl.
1815 3664 2818 3714 Für 50 Zeitungsausschnitte (Artikel oder Notizen)
3030 3669 3161 3750 inclusive
2876 3701 2970 3745 14.—
1898 3710 1962 3750 100
2814 3709 2858 3757 „
2598 3705 2644 3752 „
2117 3720 2152 3766 „
3040 3730 3149 3764 Porto.
2877 3741 2933 3783 25.—
2495 3762 2536 3800 „
1896 3748 1975 3792 200
2601 3754 2640 3802 „
3038 3758 3149 3794 Zahlbar
2863 3779 2939 3825 55.—
3014 3780 3183 3838 im Voraus
1892 3787 1973 3830 500
2822 3798 2859 3835 „
2376 3798 2414 3842 „
2815 3814 2933 3876 „100.
1873 3824 1969 3875 1000
1942 3856 3218 3918 Im Gegensatze zu anderen Bureaux für Zeitungsausschnitte ist de¬
2805 3906 2889 3953 —
2901 3893 3223 3961 auch steht es den
1814 3901 2810 3951 Abonnement durch keine bestimmte Zeitdauer begrenzt;
1823 3951 3123 4005 Abonnenten frei die aufgegebenen Themen zu ergänzen oder zu ändern.
