3392 4320
161 204 212 286 1
2019 149 2395 223 —
1477 198 1960 305 box 36/7
285 206 1456 305 Panphletsoffbrints
1085 836 2041 924 Friedrich Rosenthal, Jungwiener Novellistik.
717 960 2418 1054 Rahmen organischen und möglichen Geschehens, schied Irrtümer und aber¬
715 1052 2434 1146 gläubische Vermutungen aus: das Wunder des Erlebens blieb gleichwohl
710 1119 2423 1209 bestehen. Und wenn auch die Gefahr der Verallgemeinerung und Überspitzung
716 1167 2428 1229 wie bei jeder umwälzenden Entdeckung nahe lag, so stiegen doch die dichte¬
700 1233 2421 1318 rischen Möglichkeiten ins Unermeßliche. Erkenntnis und Phantafte reichen
711 1284 2415 1381 sich die Hände zu einem alles umspannenden Bund. Dazu kommt, wie ich
712 1345 2418 1418 schon angedeutet, die Entwicklung einer Sprachkunst, die diesem Reichtum
699 1417 2420 1494 eine würdige Form, seinen feinen Unterschiedlichkeiten einen bezeichnenden
703 1459 2416 1545 Ausdruck geben konnte. Nichts wird mehr nebensächlich. Jedes Wort hat
706 1520 2421 1609 seine Beziedung, seinen Doppelsinn, seine Deutung. Probleme, die 100 Jahre
694 1600 2419 1656 vorher nur äußerlich oder mit einer genial zufälligen, nachtwandlerischen
695 1652 2428 1711 Sicherheit bezwungen wurden, können nun menschlich, allmenschlich gefaßt
703 1708 2409 1768 werden. Man vergleiche etwa einen Traum, den E. T. A. Hoffmann auf¬
700 1778 2419 1826 zeichnet, in seiner bewunderungswürdigen dämonischen oder skurrilen, aber
692 1834 2419 1892 willkürlichen Phantasie mit irgend einem Traumbild eines heutigen Dichters,
698 1879 2404 1941 etwa mit den wundervollen kurzen Visionen, die in Hauptmanns „Atlantis“
693 1953 2422 2000 der Held hat. Wie hier, um mit Wassermann zu reden, „die Paradoxie jedes
699 1991 2412 2089 Traumes in irgendetnem Punkte eine greifbare Wahrheit hat“ wie in der
695 2067 2407 2129 Verzerrung ungesucht der bereits früher angedeutete Sinn offenbar wird, wie
692 2124 2407 2210 überhaupt kein Gefühl und kein Gegenstand für sich selbst steht, wie das
690 2171 2407 2263 Bewußtsein des Träumenden sich von seiner Stellung innerhalb des Traumes
696 2248 2404 2324 abhebt, ist ganz meisterlich charakteristisch für unsere heutige Erfahrung. Oder
696 2314 2408 2382 man vergleiche etwa eine romantische Erzählung, die ein vorher prophezeites
701 2369 2407 2436 Erlebnis in seiner Erfüllung darstellt mit Schnitzlers wundervoller Novelle
686 2412 2403 2466 „Die Weissagung“ in dem Band „Dämmerseelen“. Hier ist trotz einer schein¬
681 2473 2397 2543 baren Unwahrscheinlichkeit nichts Zufall im metaphysischen Sinn. Der höchste
695 2536 2414 2618 Augenblick unseres Daseins ist wie ein Bild, das fertig gemalt ist, wie eine
694 2595 2393 2659 Szene, die gedichtet und vollkommen gestellt ist. Durch wen das geschieht, ist
682 2651 2394 2713 einerlei, denn alle regiert ein hoher Wille. Man sieht, wie die Dinge inner¬
678 2719 2392 2785 holb der gegebenen Weltanschauung merkwürdig begründet sind. In dieser
688 2769 2390 2837 Weltanschauung aber ist für alles Platz. Und ihr tiefer Sinn ist: Alle Dä¬
690 2835 2394 2884 monie des Lebens ist in uns. Nicht außerhalb. Auch die Natur spiegelt nur
690 2886 2396 2950 unsere innersten Heimlichkeiten. Auf die Historie gewendet, gibt das ganz
682 2953 2392 3024 neue und wunderhafte Möglichkeiten. Denn aus dem Winkel kleiner, un¬
689 3005 2254 3058 scheinbarer Menschlichkeiten ergeben sich dann die großen Geschehnisse.
792 3063 2391 3145 In diesem Rahmen gewinnt auf einmal das Wort „Schicksal“ eine eigen¬
690 3128 2396 3191 artige und ungewöhnliche Bedeutung. Sie klebt nicht mehr am Requisit, wie in
674 3191 2389 3267 jener bestimmten Form des Dramas, die eine menschliche Verschuldung lokal be¬
688 3249 2396 3313 grenzt sühnt und hohe Wirkungen auf geringe Ursachen zurückführt, um damit ein
684 3305 2382 3386 billiges Gruseln zu erwecken. Sie steht auch fern jenem nüchternen Rationalismus,
677 3368 2385 3420 der die Logik aller menschlichen Handlungsweise in den Mittelpunkt setzte.
683 3428 2387 3504 Was ein individualistisches Drama erträumte und errang, in der Brust des
685 3470 2385 3562 Menschen seine Schicksalssterne zu finden, das ist hier im Rahmen der erzäh¬
683 3540 2387 3621 lenden Kunst zur Wahrheit gemacht, aber die Seele ist so reich und kompli¬
671 3606 2396 3668 ziert, ihre Spiegelungen und Schaltierungen sind so vielfach geworden, daß
2331 4101 2381 4146 400
2431 4063 2517 4143 82200
