<?xml version="1.0" encoding="UTF-8" standalone="yes"?>
<PcGts xmlns="http://schema.primaresearch.org/PAGE/gts/pagecontent/2013-07-15" xmlns:xsi="http://www.w3.org/2001/XMLSchema-instance" xsi:schemaLocation="http://schema.primaresearch.org/PAGE/gts/pagecontent/2013-07-15 http://schema.primaresearch.org/PAGE/gts/pagecontent/2013-07-15/pagecontent.xsd">
    <Metadata>
        <Creator>prov=University of Rostock/Institute of Mathematics/CITlab/Gundram Leifert/gundram.leifert@uni-rostock.de:name=ONB_Newseye_GT_M1+(htr_id=10810)::::v=2.4.2
prov=University of Rostock/Institute of Mathematics/CITlab/Tobias Gruening/tobias.gruening@uni-rostock.de:name=de.uros.citlab.module.baseline2polygon.B2PSeamMultiOriented:v=2.4.2
prov=University of Rostock/Institute of Mathematics/CITlab/Tobias Gruening/tobias.gruening@uni-rostock.de:name=/mnt/transkribus/LA/DEA/URO/LA_news_onb_att.pb:de.uros.citlab.segmentation.CITlab_LA_ML:v=2.4.2
Transkribus</Creator>
        <Created>2019-10-07T15:16:50.200+02:00</Created>
        <LastChange>2019-10-09T00:57:08.954+02:00</LastChange>
        <TranskribusMetadata docId="224245" pageId="9515310" pageNr="1" tsid="16618053" status="IN_PROGRESS" userId="40391" imgUrl="https://files.transkribus.eu/Get?id=YTSKJRLHOGSDKMLSPMOQFBCP&amp;fileType=view" xmlUrl="https://files.transkribus.eu/Get?id=ZWDFWHZPIJYIFIQCVOXWLGQB" imageId="6203544"/>
    </Metadata>
    <Page imageFilename="224245_0001.jpeg" imageWidth="3392" imageHeight="4320">
        <ReadingOrder>
            <OrderedGroup id="ro_1711443489050" caption="Regions reading order">
                <RegionRefIndexed index="0" regionRef="r1"/>
            </OrderedGroup>
        </ReadingOrder>
        <TextRegion orientation="0.0" id="r1" custom="readingOrder {index:0;}">
            <Coords points="205,347 205,3772 2384,3772 2384,347"/>
            <TextLine id="r1l1" custom="readingOrder {index:0;}">
                <Coords points="193,380 1076,425 1985,372 1892,308 1483,351 193,316"/>
                <Baseline points="205,375 293,378 381,380 470,382 558,383 647,384 735,385 824,386 912,386 1001,386 1089,385 1177,384 1266,384 1354,383 1443,382 1531,381 1620,379 1708,378 1797,377 1885,376 1974,375"/>
                <TextEquiv>
                    <Unicode>1. Panphlets offnrints box 36/7</Unicode>
                </TextEquiv>
            </TextLine>
            <TextLine id="r1l2" custom="readingOrder {index:1;}">
                <Coords points="1568,976 1613,956 1631,962 1668,937 1722,964 1740,957 1756,969 1782,971 1806,963 1803,861 1772,874 1750,868 1733,884 1693,874 1669,893 1657,884 1624,885 1599,864 1564,881"/>
                <Baseline points="1577,939 1604,937 1631,935 1658,933 1685,931 1712,930 1739,930 1766,931 1794,934"/>
                <TextEquiv>
                    <Unicode>□</Unicode>
                </TextEquiv>
            </TextLine>
            <TextLine id="r1l3" custom="readingOrder {index:2;}">
                <Coords points="1056,1008 1105,1031 1819,1031 1819,983 1727,967 1678,987 1499,961 1056,978"/>
                <Baseline points="1067,1020 1104,1019 1141,1018 1178,1016 1215,1016 1252,1015 1289,1015 1326,1015 1363,1016 1400,1016 1438,1017 1475,1017 1512,1018 1549,1018 1586,1019 1623,1019 1660,1019 1697,1020 1734,1019 1771,1019 1809,1018"/>
                <TextEquiv>
                    <Unicode>Friedrich Rosenthal, Jungwien..</Unicode>
                </TextEquiv>
            </TextLine>
            <TextLine id="r1l4" custom="readingOrder {index:3;}">
                <Coords points="2255,1023 2268,1024 2278,1033 2287,1032 2293,1037 2300,1037 2307,1031 2309,1034 2314,1030 2329,1033 2334,973 2316,970 2307,978 2300,977 2293,984 2282,981 2276,973 2259,970"/>
                <Baseline points="2265,1018 2292,1020 2319,1022"/>
                <TextEquiv>
                    <Unicode>91</Unicode>
                </TextEquiv>
            </TextLine>
            <TextLine id="r1l5" custom="readingOrder {index:4;}">
                <Coords points="1896,1035 1916,1035 1927,1029 1947,1029 1962,1035 1978,1024 1989,1024 1989,982 1978,982 1976,985 1958,971 1936,982 1920,971 1912,974 1896,971"/>
                <Baseline points="1907,1023 1943,1023 1979,1023"/>
                <TextEquiv>
                    <Unicode>741</Unicode>
                </TextEquiv>
            </TextLine>
            <TextLine id="r1l6" custom="readingOrder {index:5;}">
                <Coords points="673,1154 2319,1189 2390,1130 1189,1088 673,1137"/>
                <Baseline points="684,1154 768,1156 853,1157 938,1158 1023,1159 1108,1160 1192,1161 1277,1161 1362,1162 1447,1162 1532,1163 1616,1163 1701,1164 1786,1164 1871,1165 1956,1166 2040,1167 2125,1168 2210,1170 2295,1171 2380,1174"/>
                <TextEquiv>
                    <Unicode>Arbeit Berufenen reif schienen, tauchten auf. Nicht mehr, wie bis jetzt, geht</Unicode>
                </TextEquiv>
            </TextLine>
            <TextLine id="r1l7" custom="readingOrder {index:6;}">
                <Coords points="678,1222 2039,1251 2335,1242 2396,1187 679,1191"/>
                <Baseline points="690,1215 774,1217 859,1218 944,1220 1028,1221 1113,1222 1198,1223 1282,1224 1367,1224 1452,1225 1537,1225 1621,1226 1706,1226 1791,1227 1875,1227 1960,1228 2045,1228 2129,1229 2214,1229 2299,1230 2384,1231"/>
                <TextEquiv>
                    <Unicode>es um Völker und nationale Ehre, sondern um die seltsam gelagerten Schichten</Unicode>
                </TextEquiv>
            </TextLine>
            <TextLine id="r1l8" custom="readingOrder {index:7;}">
                <Coords points="676,1261 2391,1282 2203,1229 676,1235"/>
                <Baseline points="688,1274 772,1275 857,1275 941,1276 1026,1277 1111,1278 1195,1279 1280,1280 1364,1281 1449,1282 1534,1283 1618,1284 1703,1285 1787,1286 1872,1287 1957,1287 2041,1288 2126,1288 2210,1288 2295,1288 2380,1288"/>
                <TextEquiv>
                    <Unicode>im inneren Land, um neue Klassen und neue Werte und eine anders gestaltete</Unicode>
                </TextEquiv>
            </TextLine>
            <TextLine id="r1l9" custom="readingOrder {index:8;}">
                <Coords points="679,1331 2387,1346 2069,1290 679,1307"/>
                <Baseline points="689,1334 773,1335 857,1336 942,1337 1026,1337 1110,1338 1195,1339 1279,1340 1363,1340 1448,1341 1532,1342 1616,1343 1701,1343 1785,1344 1869,1345 1954,1346 2038,1346 2122,1347 2207,1347 2291,1348 2376,1349"/>
                <TextEquiv>
                    <Unicode>Gesellschaft, um das Leben des Indioiduums in allen seinen Verzweigungen</Unicode>
                </TextEquiv>
            </TextLine>
            <TextLine id="r1l10" custom="readingOrder {index:9;}">
                <Coords points="672,1406 2318,1424 2381,1367 673,1371"/>
                <Baseline points="684,1394 768,1394 852,1395 936,1395 1021,1396 1105,1396 1189,1397 1274,1398 1358,1398 1442,1399 1527,1400 1611,1400 1695,1401 1779,1402 1864,1403 1948,1403 2032,1404 2117,1405 2201,1406 2285,1406 2370,1407"/>
                <TextEquiv>
                    <Unicode>und Beziehungen. Große Länder werden zu Großmächten, große Städte zu</Unicode>
                </TextEquiv>
            </TextLine>
            <TextLine id="r1l11" custom="readingOrder {index:10;}">
                <Coords points="681,1465 2243,1482 2385,1432 681,1409"/>
                <Baseline points="691,1452 775,1452 859,1453 943,1454 1027,1454 1111,1455 1195,1456 1280,1457 1364,1457 1448,1458 1532,1459 1616,1460 1700,1461 1784,1462 1869,1463 1953,1464 2037,1464 2121,1465 2205,1466 2289,1466 2374,1467"/>
                <TextEquiv>
                    <Unicode>Weltstädten. Der einzelne kann nicht mehr allein stehen und sein Dasein nach</Unicode>
                </TextEquiv>
            </TextLine>
            <TextLine id="r1l12" custom="readingOrder {index:11;}">
                <Coords points="681,1532 2385,1527 2352,1471 682,1463"/>
                <Baseline points="693,1512 777,1512 861,1513 945,1513 1029,1513 1113,1514 1197,1514 1281,1515 1365,1516 1449,1517 1533,1517 1617,1518 1701,1519 1785,1519 1869,1520 1953,1521 2037,1521 2121,1522 2205,1522 2289,1523 2374,1523"/>
                <TextEquiv>
                    <Unicode>freiem Willen gestalten. Die Idyllen des äußeren Lebens hören ebenso auf</Unicode>
                </TextEquiv>
            </TextLine>
            <TextLine id="r1l13" custom="readingOrder {index:12;}">
                <Coords points="679,1585 2383,1588 2337,1534 2169,1529 679,1540"/>
                <Baseline points="691,1572 775,1572 859,1572 943,1572 1027,1572 1111,1573 1195,1574 1279,1574 1363,1575 1447,1576 1531,1577 1615,1578 1699,1579 1783,1579 1867,1580 1951,1581 2035,1581 2119,1581 2203,1581 2287,1581 2372,1580"/>
                <TextEquiv>
                    <Unicode>wie seine eigentümliche Romantik. In die Kette großer Zusammenhänge und</Unicode>
                </TextEquiv>
            </TextLine>
            <TextLine id="r1l14" custom="readingOrder {index:13;}">
                <Coords points="673,1618 2071,1660 2386,1617 673,1587"/>
                <Baseline points="683,1633 767,1632 852,1631 936,1631 1021,1631 1105,1632 1190,1632 1274,1633 1359,1634 1443,1635 1528,1636 1613,1637 1697,1638 1782,1639 1866,1640 1951,1641 2035,1642 2120,1642 2204,1642 2289,1641 2374,1640"/>
                <TextEquiv>
                    <Unicode>vielfach verschlungener geistiger und materieller Interessen gesetzt, wird dem</Unicode>
                </TextEquiv>
            </TextLine>
            <TextLine id="r1l15" custom="readingOrder {index:14;}">
                <Coords points="678,1678 2091,1719 2355,1714 2380,1662 678,1649"/>
                <Baseline points="689,1690 773,1689 857,1689 941,1689 1025,1689 1109,1689 1193,1689 1277,1690 1361,1690 1445,1691 1529,1692 1613,1693 1697,1694 1781,1695 1865,1695 1949,1696 2033,1697 2117,1698 2201,1699 2285,1699 2369,1700"/>
                <TextEquiv>
                    <Unicode>äußeren Erleben ein Mechanismus aufgezwungen, der lückenlos funktionieren</Unicode>
                </TextEquiv>
            </TextLine>
            <TextLine id="r1l16" custom="readingOrder {index:15;}">
                <Coords points="668,1756 2323,1771 2381,1710 668,1709"/>
                <Baseline points="679,1748 763,1747 848,1747 932,1748 1017,1748 1101,1749 1186,1749 1270,1750 1355,1751 1439,1752 1524,1753 1609,1754 1693,1754 1778,1755 1862,1755 1947,1755 2031,1755 2116,1755 2200,1754 2285,1753 2370,1752"/>
                <TextEquiv>
                    <Unicode>muß, um die Entwicklung der Gesamtheit nicht zu stören. Der aufrührerische</Unicode>
                </TextEquiv>
            </TextLine>
            <TextLine id="r1l17" custom="readingOrder {index:16;}">
                <Coords points="667,1795 2389,1815 2345,1764 668,1769"/>
                <Baseline points="679,1806 768,1806 857,1807 947,1807 1036,1808 1126,1808 1215,1809 1304,1810 1394,1810 1483,1811 1573,1812 1662,1813 1752,1813 1841,1814 1930,1815 2020,1816 2109,1816 2199,1817 2288,1818 2378,1819"/>
                <TextEquiv>
                    <Unicode>Geist, der entfesselte Nerv, die glutende, begehrende Seele flüchten sich in die</Unicode>
                </TextEquiv>
            </TextLine>
            <TextLine id="r1l18" custom="readingOrder {index:17;}">
                <Coords points="663,1882 2236,1903 2386,1873 2387,1829 663,1831"/>
                <Baseline points="673,1869 758,1868 843,1868 928,1868 1013,1868 1098,1868 1183,1869 1268,1869 1353,1870 1438,1871 1524,1872 1609,1873 1694,1873 1779,1874 1864,1874 1949,1875 2034,1875 2119,1875 2204,1875 2289,1874 2375,1873"/>
                <TextEquiv>
                    <Unicode>Künste und Wissenschaften. Für die kommt eine große Zeit. Der neue, mo¬</Unicode>
                </TextEquiv>
            </TextLine>
            <TextLine id="r1l19" custom="readingOrder {index:18;}">
                <Coords points="667,1925 2388,1939 2324,1883 667,1877"/>
                <Baseline points="677,1924 762,1926 847,1927 932,1928 1017,1929 1102,1930 1187,1930 1272,1931 1357,1931 1442,1931 1527,1932 1612,1932 1697,1932 1782,1932 1867,1932 1952,1932 2037,1932 2122,1932 2207,1933 2292,1933 2378,1934"/>
                <TextEquiv>
                    <Unicode>derne Mensch liefert ein unerschöpfliches, ewig wechselndes Material. Je enger</Unicode>
                </TextEquiv>
            </TextLine>
            <TextLine id="r1l20" custom="readingOrder {index:19;}">
                <Coords points="670,1997 2380,1985 2263,1940 670,1933"/>
                <Baseline points="681,1985 765,1985 849,1985 934,1986 1018,1986 1102,1987 1187,1988 1271,1989 1355,1990 1440,1991 1524,1991 1608,1992 1693,1992 1777,1993 1861,1993 1946,1993 2030,1993 2114,1992 2199,1992 2283,1990 2368,1989"/>
                <TextEquiv>
                    <Unicode>die Grenzen des höchsten äußeren Geniessens gezogen sind, je mehr die unbän¬</Unicode>
                </TextEquiv>
            </TextLine>
            <TextLine id="r1l21" custom="readingOrder {index:20;}">
                <Coords points="667,2047 2379,2047 2315,1998 667,2003"/>
                <Baseline points="679,2047 763,2046 847,2046 932,2046 1016,2046 1101,2046 1185,2047 1270,2047 1354,2048 1439,2048 1523,2049 1607,2049 1692,2050 1776,2050 1861,2051 1945,2051 2030,2051 2114,2051 2199,2051 2283,2051 2368,2050"/>
                <TextEquiv>
                    <Unicode>digen schrankenlosen Gentes, die großen Abenteurer zu großen Ausnahms¬</Unicode>
                </TextEquiv>
            </TextLine>
            <TextLine id="r1l22" custom="readingOrder {index:21;}">
                <Coords points="667,2104 2061,2129 2324,2122 2387,2062 667,2068"/>
                <Baseline points="679,2106 763,2105 848,2104 933,2103 1018,2103 1103,2103 1188,2103 1272,2104 1357,2104 1442,2105 1527,2105 1612,2106 1697,2107 1782,2108 1866,2109 1951,2110 2036,2110 2121,2111 2206,2111 2291,2112 2376,2112"/>
                <TextEquiv>
                    <Unicode>erscheinungen, zu Kranken und Verbrechern werden, um so eher kann die</Unicode>
                </TextEquiv>
            </TextLine>
            <TextLine id="r1l23" custom="readingOrder {index:22;}">
                <Coords points="668,2162 2378,2184 2363,2117 668,2124"/>
                <Baseline points="679,2163 763,2163 847,2163 932,2163 1016,2163 1100,2163 1185,2163 1269,2163 1353,2164 1438,2164 1522,2164 1606,2165 1691,2166 1775,2166 1859,2167 1944,2168 2028,2169 2112,2170 2197,2172 2281,2173 2366,2175"/>
                <TextEquiv>
                    <Unicode>Seele mit ihren tausendfachen Spiegelungen von der Wissenschaft unterstützt,</Unicode>
                </TextEquiv>
            </TextLine>
            <TextLine id="r1l24" custom="readingOrder {index:23;}">
                <Coords points="663,2226 2385,2229 2385,2180 2285,2175 664,2169"/>
                <Baseline points="674,2219 763,2220 852,2222 942,2222 1031,2223 1121,2224 1210,2224 1299,2224 1389,2224 1478,2225 1568,2225 1657,2225 1747,2225 1836,2225 1925,2226 2015,2226 2104,2226 2194,2227 2283,2228 2373,2229"/>
                <TextEquiv>
                    <Unicode>in das warme Bett der Künfte kriechen. Und in den vier Wänden der Häus¬</Unicode>
                </TextEquiv>
            </TextLine>
            <TextLine id="r1l25" custom="readingOrder {index:24;}">
                <Coords points="660,2277 2392,2277 2264,2232 660,2239"/>
                <Baseline points="671,2283 756,2283 842,2282 927,2282 1013,2282 1098,2282 1184,2282 1269,2282 1355,2283 1440,2283 1526,2283 1612,2284 1697,2284 1783,2285 1868,2285 1954,2286 2039,2286 2125,2287 2210,2287 2296,2288 2382,2288"/>
                <TextEquiv>
                    <Unicode>lichkeit, in den drei Wänden des Theaters tobt sich nun als ungefährliche</Unicode>
                </TextEquiv>
            </TextLine>
            <TextLine id="r1l26" custom="readingOrder {index:25;}">
                <Coords points="661,2344 2300,2366 2387,2306 661,2310"/>
                <Baseline points="673,2340 758,2340 843,2340 928,2341 1013,2341 1098,2341 1183,2341 1268,2341 1353,2341 1438,2341 1524,2342 1609,2342 1694,2342 1779,2343 1864,2343 1949,2344 2034,2344 2119,2345 2204,2346 2289,2347 2375,2348"/>
                <TextEquiv>
                    <Unicode>Sehnsucht, als verlockende Klänge und brennende Worte, als gigantischer</Unicode>
                </TextEquiv>
            </TextLine>
            <TextLine id="r1l27" custom="readingOrder {index:26;}">
                <Coords points="662,2402 2386,2411 2318,2355 663,2349"/>
                <Baseline points="673,2398 758,2399 843,2399 928,2399 1013,2400 1098,2400 1183,2400 1268,2401 1353,2401 1438,2401 1524,2402 1609,2402 1694,2403 1779,2403 1864,2404 1949,2404 2034,2405 2119,2406 2204,2408 2289,2409 2375,2410"/>
                <TextEquiv>
                    <Unicode>Traum ruhelos aus, was noch die Menschen des achtzehnten Jahrhunderts</Unicode>
                </TextEquiv>
            </TextLine>
            <TextLine id="r1l28" custom="readingOrder {index:27;}">
                <Coords points="658,2460 2339,2479 2384,2415 658,2423"/>
                <Baseline points="669,2458 754,2458 839,2458 924,2458 1009,2458 1094,2458 1179,2458 1265,2458 1350,2459 1435,2459 1520,2459 1605,2459 1690,2460 1775,2460 1861,2460 1946,2461 2031,2461 2116,2462 2201,2463 2286,2463 2372,2464"/>
                <TextEquiv>
                    <Unicode>wahrhaft nach Talent und Umständen wirklich erleben konnten. Was hätte</Unicode>
                </TextEquiv>
            </TextLine>
            <TextLine id="r1l29" custom="readingOrder {index:28;}">
                <Coords points="667,2522 2375,2519 2291,2468 667,2478"/>
                <Baseline points="679,2517 763,2517 847,2517 931,2516 1016,2516 1100,2516 1184,2515 1268,2515 1353,2515 1437,2515 1521,2515 1605,2516 1690,2516 1774,2516 1858,2517 1942,2518 2027,2519 2111,2520 2195,2521 2279,2522 2364,2523"/>
                <TextEquiv>
                    <Unicode>einer zu jener Zeit mit den Errungenschaften des unserigen, mit ihren Mög¬</Unicode>
                </TextEquiv>
            </TextLine>
            <TextLine id="r1l30" custom="readingOrder {index:29;}">
                <Coords points="665,2572 2291,2596 2380,2539 665,2533"/>
                <Baseline points="675,2575 759,2575 844,2575 928,2575 1013,2575 1098,2575 1182,2575 1267,2576 1352,2576 1436,2576 1521,2577 1606,2577 1690,2577 1775,2577 1860,2578 1944,2578 2029,2578 2114,2578 2198,2578 2283,2577 2368,2577"/>
                <TextEquiv>
                    <Unicode>lichkeiten und Verheißungen, mit ihrem Wissen um Geheimes und Rätsel¬</Unicode>
                </TextEquiv>
            </TextLine>
            <TextLine id="r1l31" custom="readingOrder {index:30;}">
                <Coords points="670,2632 2376,2624 2336,2586 670,2595"/>
                <Baseline points="682,2634 766,2634 850,2633 934,2633 1018,2633 1102,2633 1186,2633 1270,2633 1354,2633 1438,2634 1523,2634 1607,2634 1691,2634 1775,2635 1859,2635 1943,2636 2027,2636 2111,2636 2195,2637 2279,2637 2364,2638"/>
                <TextEquiv>
                    <Unicode>haftes alles erreichen und treiben können? Aber die Welt ist besser geworden.</Unicode>
                </TextEquiv>
            </TextLine>
            <TextLine id="r1l32" custom="readingOrder {index:31;}">
                <Coords points="675,2695 2381,2702 2266,2644 675,2658"/>
                <Baseline points="686,2689 770,2690 854,2691 938,2691 1022,2692 1107,2692 1191,2693 1275,2693 1359,2694 1443,2694 1528,2695 1612,2695 1696,2695 1780,2696 1864,2696 1949,2696 2033,2696 2117,2696 2201,2696 2285,2696 2370,2696"/>
                <TextEquiv>
                    <Unicode>Die guten Taten der Wohlerzogenen, von seltsamen Gedanken Unbeschwerten,</Unicode>
                </TextEquiv>
            </TextLine>
            <TextLine id="r1l33" custom="readingOrder {index:32;}">
                <Coords points="660,2742 2383,2757 2131,2697 660,2713"/>
                <Baseline points="671,2750 756,2750 841,2750 926,2750 1011,2750 1096,2750 1181,2750 1266,2750 1351,2750 1436,2750 1521,2750 1606,2750 1691,2751 1776,2751 1861,2752 1946,2752 2031,2753 2116,2754 2201,2756 2286,2757 2372,2759"/>
                <TextEquiv>
                    <Unicode>nützt sie zu ihrem goldgewogenen Vorteil. Die kleinen, aus Enterbtheit so</Unicode>
                </TextEquiv>
            </TextLine>
            <TextLine id="r1l34" custom="readingOrder {index:33;}">
                <Coords points="672,2816 2389,2822 2230,2761 672,2770"/>
                <Baseline points="682,2810 766,2810 851,2810 936,2810 1021,2811 1106,2811 1190,2811 1275,2811 1360,2811 1445,2811 1530,2812 1614,2812 1699,2813 1784,2813 1869,2814 1954,2815 2038,2816 2123,2817 2208,2818 2293,2820 2378,2821"/>
                <TextEquiv>
                    <Unicode>gewordenen Verbrecher macht sie unschädlich und die großen, gefährlichen,</Unicode>
                </TextEquiv>
            </TextLine>
            <TextLine id="r1l35" custom="readingOrder {index:34;}">
                <Coords points="661,2870 2028,2881 1898,2813 661,2830"/>
                <Baseline points="672,2865 739,2865 806,2866 873,2866 940,2867 1008,2867 1075,2868 1142,2869 1209,2869 1276,2870 1344,2871 1411,2872 1478,2872 1545,2872 1612,2873 1680,2873 1747,2873 1814,2873 1881,2872 1948,2872 2016,2871"/>
                <TextEquiv>
                    <Unicode>wirklich Kranken, flüchten hinter die Masken des Künstlers.</Unicode>
                </TextEquiv>
            </TextLine>
            <TextLine id="r1l36" custom="readingOrder {index:35;}">
                <Coords points="765,2933 2369,2943 2369,2892 2206,2873 765,2882"/>
                <Baseline points="777,2927 856,2926 935,2926 1014,2926 1093,2927 1172,2927 1251,2927 1330,2928 1409,2928 1488,2929 1567,2930 1646,2930 1725,2931 1804,2931 1883,2932 1962,2932 2041,2932 2120,2932 2199,2932 2278,2931 2358,2931"/>
                <TextEquiv>
                    <Unicode>Wien hat diese Wandlung aller menschlichen Verhältnisse besonders schmerz¬</Unicode>
                </TextEquiv>
            </TextLine>
            <TextLine id="r1l37" custom="readingOrder {index:36;}">
                <Coords points="660,2987 2372,2996 2372,2943 2299,2938 660,2943"/>
                <Baseline points="671,2987 755,2986 839,2985 924,2984 1008,2984 1093,2984 1177,2985 1262,2985 1346,2986 1431,2987 1515,2988 1599,2989 1684,2990 1768,2991 1853,2992 1937,2993 2022,2993 2106,2993 2191,2993 2275,2993 2360,2992"/>
                <TextEquiv>
                    <Unicode>lich empfunden und ist heute noch nicht zu dauernder Beruhigung gelangt. Als</Unicode>
                </TextEquiv>
            </TextLine>
            <TextLine id="r1l38" custom="readingOrder {index:37;}">
                <Coords points="663,3047 2387,3052 2310,2998 663,3009"/>
                <Baseline points="674,3041 759,3042 844,3044 929,3045 1014,3046 1099,3047 1184,3048 1269,3049 1354,3049 1439,3050 1525,3050 1610,3051 1695,3051 1780,3052 1865,3052 1950,3052 2035,3053 2120,3053 2205,3053 2290,3053 2376,3053"/>
                <TextEquiv>
                    <Unicode>der Krankheitsprozeß dieses neuen Werdens einsetzte, war eben die alte Zeit,</Unicode>
                </TextEquiv>
            </TextLine>
            <TextLine id="r1l39" custom="readingOrder {index:38;}">
                <Coords points="664,3111 2379,3119 2379,3070 2306,3059 665,3060"/>
                <Baseline points="675,3105 759,3105 844,3105 928,3105 1013,3105 1098,3105 1182,3105 1267,3105 1351,3106 1436,3106 1521,3106 1605,3107 1690,3107 1774,3108 1859,3109 1944,3110 2028,3111 2113,3112 2197,3113 2282,3115 2367,3117"/>
                <TextEquiv>
                    <Unicode>deren eines Ende noch im frühen Vormärz verankert schien, gänzlich und in</Unicode>
                </TextEquiv>
            </TextLine>
            <TextLine id="r1l40" custom="readingOrder {index:39;}">
                <Coords points="660,3157 2330,3191 2371,3120 660,3115"/>
                <Baseline points="671,3166 755,3165 839,3164 924,3164 1008,3164 1093,3164 1177,3165 1262,3165 1346,3166 1431,3167 1515,3168 1599,3169 1684,3170 1768,3171 1853,3171 1937,3172 2022,3173 2106,3173 2191,3173 2275,3173 2360,3172"/>
                <TextEquiv>
                    <Unicode>ihren letzten Gliedern hinabgerauscht. Und es war gut, daß sie ihre geliebte</Unicode>
                </TextEquiv>
            </TextLine>
            <TextLine id="r1l41" custom="readingOrder {index:40;}">
                <Coords points="671,3218 2377,3230 2295,3178 671,3187"/>
                <Baseline points="681,3224 765,3223 849,3222 933,3222 1018,3222 1102,3222 1186,3222 1270,3223 1355,3224 1439,3224 1523,3225 1607,3226 1692,3226 1776,3227 1860,3228 1944,3228 2029,3229 2113,3229 2197,3229 2281,3229 2366,3229"/>
                <TextEquiv>
                    <Unicode>Stadt nicht mehr im Zustande neuer Kindesbeschwerden zu sehen brauchte.</Unicode>
                </TextEquiv>
            </TextLine>
            <TextLine id="r1l42" custom="readingOrder {index:41;}">
                <Coords points="666,3277 2383,3291 2312,3235 666,3240"/>
                <Baseline points="678,3280 762,3281 847,3282 932,3283 1016,3283 1101,3284 1186,3284 1270,3284 1355,3284 1440,3284 1525,3284 1609,3284 1694,3284 1779,3285 1863,3285 1948,3285 2033,3286 2117,3287 2202,3288 2287,3289 2372,3290"/>
                <TextEquiv>
                    <Unicode>Man hatte das alles zwar schon früher gekannt und mitgemacht, hatte gelebt,</Unicode>
                </TextEquiv>
            </TextLine>
            <TextLine id="r1l43" custom="readingOrder {index:42;}">
                <Coords points="669,3343 2375,3354 2273,3296 669,3317"/>
                <Baseline points="681,3344 765,3343 849,3342 933,3341 1017,3341 1101,3341 1185,3341 1270,3341 1354,3342 1438,3342 1522,3343 1606,3344 1690,3344 1774,3345 1859,3345 1943,3346 2027,3346 2111,3347 2195,3347 2279,3346 2364,3346"/>
                <TextEquiv>
                    <Unicode>gedichtet, mufiziert, gemalt, Politik und Wissenschaft getrieben, aber ruhiger</Unicode>
                </TextEquiv>
            </TextLine>
            <TextLine id="r1l44" custom="readingOrder {index:43;}">
                <Coords points="665,3393 2384,3403 2353,3354 665,3353"/>
                <Baseline points="676,3398 760,3398 845,3399 930,3399 1015,3400 1100,3400 1184,3401 1269,3402 1354,3402 1439,3403 1524,3403 1608,3404 1693,3404 1778,3405 1863,3405 1948,3406 2032,3406 2117,3406 2202,3406 2287,3406 2372,3406"/>
                <TextEquiv>
                    <Unicode>und gemütlicher, ohne dieses gefährliche Tempo, ohne dieses beschwerende Ahnen</Unicode>
                </TextEquiv>
            </TextLine>
            <TextLine id="r1l45" custom="readingOrder {index:44;}">
                <Coords points="667,3447 2370,3460 2370,3420 2193,3410 667,3425"/>
                <Baseline points="677,3462 761,3460 845,3458 929,3457 1013,3457 1097,3457 1181,3457 1266,3458 1350,3459 1434,3460 1518,3461 1602,3462 1686,3463 1770,3465 1855,3465 1939,3466 2023,3466 2107,3467 2191,3466 2275,3465 2360,3464"/>
                <TextEquiv>
                    <Unicode>und Wissen von tausend neuen und merkwürdigen Dingen, ohne diese unbequem</Unicode>
                </TextEquiv>
            </TextLine>
            <TextLine id="r1l46" custom="readingOrder {index:45;}">
                <Coords points="665,3523 2371,3525 2309,3471 665,3477"/>
                <Baseline points="677,3516 761,3517 845,3518 929,3518 1013,3519 1097,3520 1181,3520 1266,3521 1350,3522 1434,3522 1518,3523 1602,3523 1686,3523 1770,3524 1855,3524 1939,3524 2023,3524 2107,3524 2191,3524 2275,3524 2360,3523"/>
                <TextEquiv>
                    <Unicode>rüttelnde Leidenschaft. Trotzdem waren auch damals einige dämonische Kerle,</Unicode>
                </TextEquiv>
            </TextLine>
            <TextLine id="r1l47" custom="readingOrder {index:46;}">
                <Coords points="662,3569 2366,3567 662,3525"/>
                <Baseline points="673,3572 757,3574 841,3576 925,3577 1009,3578 1093,3579 1177,3580 1261,3581 1345,3581 1429,3581 1514,3581 1598,3581 1682,3581 1766,3580 1850,3580 1934,3580 2018,3579 2102,3578 2186,3577 2270,3576 2355,3576"/>
                <TextEquiv>
                    <Unicode>die mehr zu wissen schienen. Die aber find unbeachtet geblieben oder gerechter¬</Unicode>
                </TextEquiv>
            </TextLine>
            <TextLine id="r1l48" custom="readingOrder {index:47;}">
                <Coords points="668,3641 2372,3630 2304,3587 669,3601"/>
                <Baseline points="679,3635 763,3635 847,3635 931,3636 1015,3636 1099,3637 1183,3638 1267,3638 1351,3639 1435,3640 1520,3640 1604,3641 1688,3641 1772,3641 1856,3641 1940,3641 2024,3640 2108,3639 2192,3638 2276,3637 2361,3635"/>
                <TextEquiv>
                    <Unicode>weise ins Narrenhaus gekommen. Und wenn einmal Blut floß und Hitze ent¬</Unicode>
                </TextEquiv>
            </TextLine>
            <TextLine id="r1l49" custom="readingOrder {index:48;}">
                <Coords points="661,3684 2378,3704 2334,3648 2122,3641 661,3669"/>
                <Baseline points="672,3690 756,3692 841,3693 926,3694 1011,3695 1096,3695 1180,3696 1265,3697 1350,3697 1435,3698 1520,3698 1604,3698 1689,3699 1774,3699 1859,3699 1944,3699 2028,3698 2113,3698 2198,3698 2283,3697 2368,3697"/>
                <TextEquiv>
                    <Unicode>wickelt wurde wie auf den Barrikaden von 1848, so war es gleich nachher</Unicode>
                </TextEquiv>
            </TextLine>
            <TextLine id="r1l50" custom="readingOrder {index:49;}">
                <Coords points="671,3788 2386,3758 2310,3705 671,3717"/>
                <Baseline points="682,3755 766,3755 851,3755 935,3755 1020,3756 1105,3756 1189,3757 1274,3757 1359,3757 1443,3757 1528,3758 1613,3758 1697,3758 1782,3758 1867,3758 1951,3757 2036,3757 2121,3756 2205,3756 2290,3755 2375,3753"/>
                <TextEquiv>
                    <Unicode>wieder nutz= und hoffnungsloser als jemals vorher. So hätten die Alten gedacht</Unicode>
                </TextEquiv>
            </TextLine>
            <TextEquiv>
                <Unicode>1. Panphlets offnrints box 36/7
□
Friedrich Rosenthal, Jungwien..
91
741
Arbeit Berufenen reif schienen, tauchten auf. Nicht mehr, wie bis jetzt, geht
es um Völker und nationale Ehre, sondern um die seltsam gelagerten Schichten
im inneren Land, um neue Klassen und neue Werte und eine anders gestaltete
Gesellschaft, um das Leben des Indioiduums in allen seinen Verzweigungen
und Beziehungen. Große Länder werden zu Großmächten, große Städte zu
Weltstädten. Der einzelne kann nicht mehr allein stehen und sein Dasein nach
freiem Willen gestalten. Die Idyllen des äußeren Lebens hören ebenso auf
wie seine eigentümliche Romantik. In die Kette großer Zusammenhänge und
vielfach verschlungener geistiger und materieller Interessen gesetzt, wird dem
äußeren Erleben ein Mechanismus aufgezwungen, der lückenlos funktionieren
muß, um die Entwicklung der Gesamtheit nicht zu stören. Der aufrührerische
Geist, der entfesselte Nerv, die glutende, begehrende Seele flüchten sich in die
Künste und Wissenschaften. Für die kommt eine große Zeit. Der neue, mo¬
derne Mensch liefert ein unerschöpfliches, ewig wechselndes Material. Je enger
die Grenzen des höchsten äußeren Geniessens gezogen sind, je mehr die unbän¬
digen schrankenlosen Gentes, die großen Abenteurer zu großen Ausnahms¬
erscheinungen, zu Kranken und Verbrechern werden, um so eher kann die
Seele mit ihren tausendfachen Spiegelungen von der Wissenschaft unterstützt,
in das warme Bett der Künfte kriechen. Und in den vier Wänden der Häus¬
lichkeit, in den drei Wänden des Theaters tobt sich nun als ungefährliche
Sehnsucht, als verlockende Klänge und brennende Worte, als gigantischer
Traum ruhelos aus, was noch die Menschen des achtzehnten Jahrhunderts
wahrhaft nach Talent und Umständen wirklich erleben konnten. Was hätte
einer zu jener Zeit mit den Errungenschaften des unserigen, mit ihren Mög¬
lichkeiten und Verheißungen, mit ihrem Wissen um Geheimes und Rätsel¬
haftes alles erreichen und treiben können? Aber die Welt ist besser geworden.
Die guten Taten der Wohlerzogenen, von seltsamen Gedanken Unbeschwerten,
nützt sie zu ihrem goldgewogenen Vorteil. Die kleinen, aus Enterbtheit so
gewordenen Verbrecher macht sie unschädlich und die großen, gefährlichen,
wirklich Kranken, flüchten hinter die Masken des Künstlers.
Wien hat diese Wandlung aller menschlichen Verhältnisse besonders schmerz¬
lich empfunden und ist heute noch nicht zu dauernder Beruhigung gelangt. Als
der Krankheitsprozeß dieses neuen Werdens einsetzte, war eben die alte Zeit,
deren eines Ende noch im frühen Vormärz verankert schien, gänzlich und in
ihren letzten Gliedern hinabgerauscht. Und es war gut, daß sie ihre geliebte
Stadt nicht mehr im Zustande neuer Kindesbeschwerden zu sehen brauchte.
Man hatte das alles zwar schon früher gekannt und mitgemacht, hatte gelebt,
gedichtet, mufiziert, gemalt, Politik und Wissenschaft getrieben, aber ruhiger
und gemütlicher, ohne dieses gefährliche Tempo, ohne dieses beschwerende Ahnen
und Wissen von tausend neuen und merkwürdigen Dingen, ohne diese unbequem
rüttelnde Leidenschaft. Trotzdem waren auch damals einige dämonische Kerle,
die mehr zu wissen schienen. Die aber find unbeachtet geblieben oder gerechter¬
weise ins Narrenhaus gekommen. Und wenn einmal Blut floß und Hitze ent¬
wickelt wurde wie auf den Barrikaden von 1848, so war es gleich nachher
wieder nutz= und hoffnungsloser als jemals vorher. So hätten die Alten gedacht</Unicode>
            </TextEquiv>
        </TextRegion>
    </Page>
</PcGts>
