3392 4320
169 282 1977 395 1. Panphlets, offprints box 36/7
983 924 1081 999 92
1333 944 2281 998 Friedrich Rosenthal, Jungwiener Rooellistik.
941 1079 2648 1141 und vielleicht auch insgeheim gesprochen, die damals starben oder zu ihrem
950 1138 2651 1192 letzten Lebensabschnitt gelangten, als die neue Zeit kam. Bauernfeld ging
949 1197 2650 1262 damals dahi, Ortüparzer, Anastafius Grün, Nestroy waren lange schon tot.
949 1256 2652 1320 Ferdinand von Soar trat ins Greisenalter. Das Neue aber kam mit Riesen¬
946 1315 1175 1386 schruten.
1054 1374 2665 1437 Es kündigte sich schan rein äußerlich mahnend und aufzeigend an. Die
956 1421 2659 1505 Beränderung des alten Stadtbildes, das seinen liebenswürdig altoäterischen,
950 1486 2653 1540 lebensbehaglichen Charakter verlor, war das erste bochaufgesteckte Zeichen des
947 1558 2663 1613 Kommenden. Vorbei war es mit den engen, verträumten romantiichen Gassen
954 1601 2659 1661 und den winkeligen, dunkeln schmaltreppigen Häusern. Nicht mehr der Schön¬
947 1662 2663 1724 heit, die sich in letzte verstreute Bollwerke und in unnahbare Vorstadtwinkel
952 1722 2660 1789 flüchtete, dem Zweck ward geopfert. Ihm emtstanden brette, kalte, vom haßtenden
956 1796 2661 1848 Leben durchsurchie St aßen, nüchterne, massive, unpersönlich bequ me Riesen¬
957 1837 2660 1914 häuser und Paläste, darin neue Menschen aufwachsen und wohnen mußten,
951 1897 2654 1953 die ganz in ihrer Zeit lebten und das sentimentale Bedauern und Wehblagen
956 1959 2654 2031 über versunkene Schönheiten nicht kennen durften. Es entstand dieses und jenes
960 2015 2661 2080 Nützliche und Mechanische, Arbeitfördernde und Goldspeiende, das aufzuzählen
962 2093 2668 2150 natürlich ganz überflüssig wäre, da wir ja damit groß geworden sind und es
958 2135 2657 2190 täglich wieder und wieder erleben. Bis in die Wiener Landschaft hinein, die
958 2193 2661 2254 ihr bukolisches, lieblich naioes Gepräge ebenfalls verlor und ihre bunten, ewig
957 2263 2669 2312 jungen Reize und ihre linde wehende Luft in den Dienst des eroberungs¬
958 2320 2661 2381 süchttgen, ausdehnungsbedürftigen Großstädters stellen mußte. Dafür wurde sie
958 2371 2668 2438 jetzt neu und in einem anderen Sinne entdeckt. Sie verlor ihre Unschuld und
951 2437 2654 2500 ihre Primitioität ihre Entferntheit und ihre demgemätze Unberührtheit und be¬
948 2485 2672 2555 kam bequemen Anschluß an die große Stadt, an ihr Wollen und Volldringen,
948 2565 2676 2615 an ihre jagenden und gterigen Menschen, die sie nun dampfend, vom Tagwerk
958 2608 2662 2673 müde und ruhebedürftig empfing. In den Kreis dieser Lieblichkeit waren nun
947 2680 2659 2734 geistige und gesellschaftliche Interessen gerückt, denen sie einen stimmungs¬
964 2717 2560 2785 fördeinden, der Nüchternheit und dem Alltag entrückenden Rahmen bot.
1049 2787 2652 2852 Zu Stadt und Umgebung kamen die neuen Menschen, wie sie die ge¬
948 2856 2667 2909 wandelten Verhältnisse notwendig schufen. Soziale und gesellschaftliche Schichten
963 2897 2659 2950 bilden sich und davon abfärbend eigentümliche Menschlichkeiten, in ihren Be¬
959 2962 2655 3029 strebungen und Versuchen, in ihren Neigungen und Bedürfnissen so neu und
947 3012 2659 3083 irgend wie schon äußerlich den geänderten Typus der Großstadibewohner an¬
960 3076 2654 3130 kündigend. Natürlich stehen die Frauen, die einer Wandlung ihrer Lebensbe¬
962 3136 2667 3194 dingungen und Verheißungen am meisten und auch äußerlich erkennbar erliegen,
967 3195 2663 3262 im Mittelpunkt und das natve, ahnungslose Vorstadikind wird, schon irgend¬
963 3255 2660 3324 wie von den Geheimnissen und Lockungen des Lebens umwittert, zum vielge¬
963 3311 2669 3371 nannten, vielbegehrten, fast weltberühmten „süßen Mädel“, die intellektuelle
969 3374 2667 3439 Tochter einer reichen, umworbenen, genießerischen Bourgeoisie zur mondainen,
962 3429 2656 3496 sellsam komplizierten, vieldeutigen und vielwissenden Frau, die ihrem Geschlechte
962 3487 2670 3549 neben den Wünschen der einzelnen die Rechte der Gesamtheit erkämpfen möchte.
964 3542 2661 3602 Wie in Berlin 1790 oder um 1800 gibt es eine Gesellschaft von seltsamer
949 3602 2672 3658 Zusammensetzung, vielfach geknüpften Beziehungen und manigfachen Interessen,
950 3663 2680 3731 was für die Kunst und zumal für die Lueratur nicht unwesentlich ist. Sie
