3392 4256
112 260 211 350 1
1796 180 2377 260 —
816 260 902 332 0
1095 262 1299 331 ints
489 259 677 331 hlet
1455 258 1920 356 box 36/5
211 267 1306 360 DL
853 1065 950 1133 130
2346 1083 2478 1153 131
187 1154 1604 1234 durchaus epigonische und rhetorische Glockengießer Heinrich,
1708 1187 3105 1262 licher ist. Was um die 19. Jahrhundertwende als Neuromantik
193 1235 1596 1296 sie zeigen, was dieser Dichter nicht vermag. Und wo die kind¬
1714 1248 3101 1319 in den Vordergrund trat, das war gegenüber dem „Naturalismus“
200 1283 1604 1352 lich heidnischen Elemente, die zuweilen unterirdisch durch sein
1717 1312 3107 1368 Hauptmannschen Stils nur ein Wechsel des stofflichen und sprach¬
206 1343 1606 1427 Werk zucken, nach dramatischer Gestalt verlangen, wie in den
1715 1370 3109 1444 lichen Kostüms, kein Wechsel der Gesinnung, der eigentlichen
197 1404 1590 1462 außerseelischen Nixenwesen Rautändelein oder der Gersuind, da
1715 1429 3105 1473 Weltanschauung. Jenes Gefühl von der Abhängigkeit, der Un¬
205 1463 1590 1533 verliert sich dieser große Künstler ins dilettantisch Zurecht¬
1716 1484 3103 1544 freiheit, dem leidenden Zustand des Menschen, das der Natura¬
192 1518 1597 1587 gemachte, absichtsvoll Deutliche, Leblose. Es ist freilich wahr,
1708 1547 3119 1598 lismus an Stoffen der Gegenwart mit einem bitteren, anklagenden
205 1579 1602 1650 daß hin und wieder in Hauptmanns letzten Arbeiten, zumal in
1717 1601 3117 1676 Ton zum Ausdruck gebracht hatte, brachte ein schwächeres und
201 1648 1597 1713 dem schönen Märchenspiel Griseldis, sich ein neuer Ton von
1716 1666 3106 1732 sinnlich anspruchsvolleres Geschlecht weich und wehklagend in
199 1696 1608 1762 mehr weltlicher Lebenskraft zu befreien scheint. Aber dies sind
1717 1717 3113 1796 mythisch märchenhaften Stoffen zum Ausdruck. Ein Stellungs¬
203 1755 1595 1819 bestenfalls Anfänge eines Hauptmann, den wir noch nicht kennen.
1722 1782 3115 1855 wechsel den entscheidenden Lebensmächten gegenüber, und damit
200 1819 1594 1881 Der Dramatiker, der uns bisher etwas bedeutet, ließ sein Werk
1713 1839 3112 1897 eine von Grund aus neue Kunst war nicht gegeben. Und so ist
197 1900 1600 1948 mit Notwendigkeit in den Christusroman Emanuel Quint ein¬
1714 1898 3108 1951 es verständlich, daß die „Naturalisten“ Hauptmann und Schnitzler
209 1934 1608 2008 münden. Aber gerade wegen dieses Gegensatzes der im Kern
1716 1957 3108 2023 genau so gut wie Maeterlinck und Hofmannsthal auch in die
203 1999 1595 2062 aktiven dramatischen Form und seines passiven Weltgefühls, ist
1718 2015 3107 2070 Geschichte der neuen Romantik gehören. — Wenn von dem
196 2056 1596 2125 dem Gerhart Hauptmann die stilistisch größte Leistung der künst¬
1705 2080 3115 2146 deutschen Stimmführer der sogenannten Neuromantik von dem
194 2110 1607 2169 lerischen deutschen Gegenwart gelungen: Er hat bis zu einem
1708 2139 3104 2187 Wiener Hugo von Hofmannsthal nun in unserem Zusammen¬
204 2172 1609 2251 größt möglichen Grade die dramatische Form einer christlichen
1714 2189 3113 2254 hang doch ausführlich gesprochen werden muß, so hat das seinen
213 2231 1602 2296 Weltansicht dienstbar gemacht, oder von innen gesehen: er hat
1714 2253 3111 2305 Grund darin, daß sein Weltgefühl, die Art seines Fatalismus
206 2297 1596 2368 aus einem leidenschaftlichen Gefühl für Menschen einen über¬
1713 2311 3107 2362 doch eine wesentlich andere und radikalere ist, als die Gerhart
205 2345 1240 2432 menschlichen Glauben zu entwickeln vermocht.
1713 2366 2012 2442 Hauptmanns.
328 2413 1592 2478 Wir wollen hier nur die großen, die seelisch aufschluß¬
1815 2422 3103 2493 Löst Gerhart Hauptmann von der menschlichen Existenz
207 2468 1600 2538 reichsten Stiltendenzen des gegenwärtigen Dramas betrachten,
1713 2485 3107 2569 die große Masse der äußeren, unserm Willen entrückten Mächte,
207 2529 1600 2590 und die zahlreichen kleinen Mitstrebenden Hauptmanns, bei denen
1711 2542 3103 2596 um den göttlichen Seelenkern, der ihm gewiß ist, desto heller
200 2603 1604 2652 sich ähnliches aber schwächeres und unklareres Weltgefühl zu
1711 2601 3108 2660 erstrahlen zu lassen, so löst sich für Hofmannsthal die ganze
210 2658 1606 2715 dilettantisch verdünnten oder theatralisch verdickten Produktionen
1711 2670 3108 2728 menschliche Existenz kernlos in ein Gewebe äußerer Gewalten
208 2698 1608 2777 formte, brauchen wir nicht zu betrachten. Auch der interessan¬
1715 2736 3101 2800 auf — der Mensch wird nur zu dem rätselhaft bewußten Durch¬
202 2786 1610 2837 teste Fall dieser Art, der des Wieners Arthur Schnitzler, dem
1710 2785 3107 2842 gangspunkt fremder Mächte. In Hofmannsthals, weniger vom
217 2831 1608 2889 sich Hauptmanns Glauben zu einer melancholischen Sehnsucht,
1722 2846 3109 2910 elementaren Leben als von der Kultur genährten und deshalb
201 2880 1611 2952 Hauptmanns tragisches Leiden in eine weltmännische Skepsis
1709 2897 3108 2956 immerfort poetische Reminiszenzen treu und doch selbständig
207 2957 1613 3007 umsetzt, und der in den klugen, lyrisch getönten Dialogen eines
1713 2959 3100 3028 verarbeitenden, Sinne lebt das Immermannsche Wort: „Wir sind
213 3014 1596 3076 fast französischen Gesellschaftsstücks seinen am meisten charak¬
1720 3017 3096 3083 nicht mehr als ein Taubenschlag“ auf, und Shakespeares melan¬
205 3057 1608 3122 teristischen Ausdruck findet, auch Schnitzler gibt nichts so ele¬
1728 3078 3106 3147 cholische Weisheit aus dem „Sturm“: „Wir sind von solchem Zeug
209 3118 1607 3200 mentar neues, daß wir länger bei ihm verweilen müßten. In¬
1717 3136 3099 3194 wie das zu träumen.“ Es ist Hofmannsthals große künstlerische
215 3198 1600 3249 dessen beweist er mit seinen zahlreichen, phantastischen und gro¬
1708 3197 3108 3266 Leistung, dieses Gefühl bangster menschlicher Unsicherheit in
204 3256 1608 3307 tesken Versuchen, was der Märchendichter Hauptmann uns ja schon
1714 3249 3101 3310 Verse von so ansteckend melancholischem Klang, von so angst¬
219 3303 1606 3363 deutlich genug beweisen konnte, noch einmal: daß der Unterschied
1727 3313 3105 3369 voll tastender Weite gebannt zu haben, daß sich niemand ihrem
213 3353 1616 3413 zwischen der „neuromantischen“ und der naturalistischen Epoche,
1724 3368 3101 3434 erschreckenden Erlebnis entziehen kann. Aber nun erhebt sich
222 3419 1604 3481 den man seinerzeit zu machen liebte, ein ganz und gar unwesent¬
1713 3433 3114 3499 die Frage, wo in aller Welt gibt es von diesem lyrisch voll¬
1821 3752 1902 3861 1
2821 4000 2931 4123 800
