3392 4256
1972 177 2491 250 ——
1531 246 1983 350 box 36/5
189 247 1384 369 1. Panphlets, offprints
921 1046 1014 1119 140
2331 1079 2463 1136 141 —
251 1153 1678 1226 Dramas bewältigen soll, so müßte er den Stoff unseres Lebens
1696 1176 3087 1247 freien, einfach pathetischen Rhythmen gefüllt) seine Komposition
257 1213 1676 1292 nicht mit jener zügellosen Hingabe an die Macht der individuellen
1686 1251 3084 1302 mehr und mehr dem Bilde eines echten, großen, gleichgerichteten
258 1267 1673 1341 Lebenskraft ergreifen, sondern mit einem weiter gespannten Sinn
1695 1306 3082 1359 dramatischen Kampfspiels zu. — Wenn man das Gefühl hat, daß
254 1335 1673 1383 für das Recht alles Lebendigen, für den Kosmos des mensch¬
1693 1359 3084 1417 Naturen von solcher Begabung im wesentlichen nur der geistige
260 1398 1681 1461 lichen Lebens. Er wird jenem wahren Shakespeare gleichen
1700 1407 3091 1472 Uberblick, die Erkenntnis vom Wesen der eigenen Kräfte noch
255 1454 1680 1525 müssen, der ohne irgendwelche moralische Hemmung, aus tiefstem
1703 1462 3089 1537 fehlt, um in dem planvollen Ergreifen und Bändigen des Stoffes
256 1508 1667 1577 Miterleben den wilden Macbeth schuf, ihm aber in der ethisch
1697 1522 3092 1595 ein Meisterwerk zu schaffen, so haben wir schließlich noch eine
259 1578 1678 1652 gerichteten Kraft des jungen Malcon, des männlichen Macluff,
1700 1582 3091 1653 Gruppe von dramatischen Versuchen zu betrachten, die umgekehrt
263 1636 1679 1711 des greisen Siward ein so wundervolles Gegengewicht gab. Mit
1697 1652 3093 1714 einen vollkommen klaren Begriff der dramatischen Notwendigkeit
261 1695 1661 1764 andern Worten: da das Drama nicht Monolog, sondern Zwie¬
1700 1728 2736 1781 nicht zu vollblütigem Leben erwecken können.
254 1754 1665 1819 Gespräch ist, so hat es ein Gefühl von vollkommen schranken¬
1811 1773 3085 1830 Die Gruppe, um die es sich hier handelt, nennt man die
254 1790 1671 1883 loser menschlicher Freiheit zum dramatischen Rhythmus fast
1705 1811 3096 1896 neuklassische und ihr weitaus bedeutendster und reinster Vertreter
267 1872 1665 1937 ebenso weit, wie das Gefühl menschlicher Unfreiheit. Und nur
1702 1879 3092 1957 ist Paul Ernst. Der Weg dieses Mannes ist sehr merkwürdig
256 1918 1678 1996 die Vorstellung von einer menschlichen Frciheitsmacht, die sich
1710 1938 3098 2023 und sehr charakteristisch. Er hat als krasser Materialist begonnen
268 1991 1678 2046 selbst Schranken setzt und setzen muß, kann zum Drama führen.
1701 2019 3092 2074 und den gröbsten ästhetischen Irrtum, den naiv naturalistischen
363 2048 1667 2108 Es käme also darauf an, unter den Dramatikern der deutschen
1705 2069 3096 2131 seines Freundes Arno Holz geteilt, daß Kunst eine Sache der
260 2093 1674 2162 Gegenwart Umschau zu halten nach Geistern, die die freie
1704 2107 3097 2201 bloß exakten Stoffreproduktion sei. Er ist von tieferen ethi¬
265 2164 1658 2233 schöpferische Kraft und die notwendigen Schranken der Menschen¬
1717 2190 3093 2258 schen Leidenschaften als Holz getrieben, im gleichen Dualis¬
249 2224 1664 2288 natur gleich lebhaft erfahren haben, die die lebendige Indivi¬
1710 2231 3100 2305 mus zu dem anderen Extrem fortgeschritten und lehrt heute
250 2271 1666 2359 dualität in einem nicht minder lebendigen Kosmos einzuordnen
1703 2289 3097 2386 gleich fanatisch, daß Kunst reiner Geist und nichts anderes sei.
258 2345 1670 2424 wissen. Bildkräftige Ansätze solchen Lebens sind, glaube ich,
1707 2346 3089 2429 An der monistischen Grundweisheit aller Kunst, daß ein Kunst¬
244 2392 1670 2476 hier und da zu spüren. Carl Schönherr, der Vielberufene,
1717 2422 3095 2485 werk im Stoff offenbarter Geist sei, trifft die großzügige Un¬
250 2456 1665 2514 ist doch nicht nur ein glücklicher, von schwächlichem Nach¬
1721 2468 3102 2542 bedingtheit des Mannes beidemal vorbei. So hat er vom Drama
247 2533 1665 2592 gefühl zu grobschlächtigen Effekten verlockter Theatraliker. Er
1716 2529 3102 2599 sehr wohl erkannt, daß sein innerstes Wesen im Zweiklang gleich¬
245 2580 1667 2648 hat in besseren Momenten (zumal in seiner Komödie Erde)
1711 2583 3100 2651 starker Stimmen, im Zusammenprall zweier von gleicher Not¬
249 2633 1665 2694 eine Fähigkeit, menschliche Naturgebundenheit und Naturkraft
1717 2643 3104 2723 wendigkeit gezeugter Willen bestehe, und daß alles auf die
244 2702 1659 2788 zugleich zu gestalten — durch eine betont rhythmische Behandlung
1719 2702 3098 2774 monumentale Gegenüberstellung dieser sich ergänzenden Grund¬
244 2760 1663 2817 eines ganz naturalistisch ergriffenen Milieus — eine Fähigheit,
1711 2773 3105 2841 gewalten ankäme. Aber er ist sich nicht darüber klar, daß
248 2814 1665 2873 die zweifellos stilistische Bedeutung hat. — Ein junges Talent
1712 2833 3108 2899 solcher Wille eine künstlerische Wirkung nur dann tut, wenn
252 2873 1658 2937 wie Hans Kyser scheint von exzentrischer Uberspannung sub¬
1717 2891 3097 2947 er von innen den Stoff ganz suggestiv gepackter Wirklich¬
249 2936 1655 2996 jektiven Machtgefühls allmählich einen Weg in die Welt drama¬
1723 2942 3114 3009 keiten durchglüht. Je reiner daher Paul Ernst seine Ideen
241 2999 1663 3045 tischer Ordnung zu finden. Und am meisten Hoffnung weckt
1739 3002 3106 3074 vom Drama durchsetzt, je mehr nähert sich sein Werk dem rein
247 3063 1657 3129 vielleicht die Begabung von Wilhelm Schmidtbonn, der
1730 3050 3107 3141 philosophischen Dialog und entfernt sich immer mehr von der
248 3109 1652 3188 einen ähnlich lyrisch verschwärmten Grundzug wie Eulenberg
1739 3117 3103 3191 Kunst. Während es nach dem Worte von Otto Ludwigs Shake¬
238 3179 1663 3247 trägt, aber „dem Geist der Erde näher“, mehr realistisches
1736 3169 3118 3258 speare-Erkenntnis das höchste Ziel ist, „die tiefste Absicht mit
242 3229 1667 3307 Gefühl für die sozialen grenzensetzenden und häuserbauenden
1730 3240 3113 3309 dem Schein vollkommener Absichtslosigkeit zu ver¬
244 3298 1655 3365 Gewalten besitzt. Wie in seiner Sprache von Anfang an eine
1737 3290 3116 3368 binden“, gibt Ernst immer mehr in nackter Absichtlichkeit den
236 3351 1655 3410 erdig männliche Bilderkraft einen lyrisch-weichen, fast Hof¬
1733 3347 3121 3435 Ausdruck seiner Ideen. In seiner Fassung des Nibelungenstoffes
243 3399 1678 3489 mannsthalisch ängstlischen Ton durchdringt, so wächst auch (von
1731 3415 2795 3484 etwa, der Brunhild, spricht der grimme Hagen:
2951 4096 3021 4134 1
2863 4119 2987 4164 S
3112 4137 3236 4198 Mer
