3392 4256
1139 320 1296 394 ints
1488 317 1955 420 box 36/5
157 323 1336 441 1. Panphlets. Offpr
1511 1259 1635 1329 120
868 1345 2289 1438 es sei denn Ludwig Anzengruber, der aber zufolge eines ganz
874 1421 2278 1496 persönlichen und sehr unglücklichen Schicksals auf Wegen
880 1484 2291 1537 wandelte, die von der künstlerischen Entwicklung des übrigen
872 1549 2298 1609 Deutschlands nicht beeinflußt waren und sie deshalb auch nicht
866 1617 2288 1675 beeinflussen konnten. In diesem, ganz und gar materiellen In¬
874 1666 2293 1716 teressen geweihten Zeitraum ward die Kunst überhaupt zu einem
873 1718 2292 1775 Sonntagsnachmittagsspiel, bei dem man sich von dem „Ernst des
864 1773 2283 1835 Lebens“ zu erholen wünschte. Und speziell auf der Bühne
877 1833 2267 1887 feierten entweder Epigonen unserer großen Dramatiker Kostüm¬
876 1899 2270 1946 feste, bei denen die Gestalten Schillers und Goethes in irgend¬
880 1967 2279 2021 welchen neuen Kostümen aufzutreten und irgendwelche Vari¬
876 2008 2277 2063 ationen über ihre berühmten Verse aufzusagen hatten. Oder
868 2075 2287 2130 es ward nach dem Vorbild der Franzosen, aber ohne die soziale
863 2130 2281 2196 Legitimation, die dergleichen Dinge im Lande ihrer Entstehung
875 2191 2283 2240 haben, ein Beispiel mit anschließender Diskussion für irgend¬
874 2248 2287 2303 eine kleine Frage der Gesellschaftsmoral geliefert. In diesem
878 2317 2243 2373 Zeitraum gab es in Deutschland keine dramatische Dichtung —
878 2375 2281 2432 das heißt kein Werk, in dem eine Leidenschaft der Weltbe¬
870 2428 2273 2478 zwingung durch dialogische Menschengestaltung zum Ziele strebte,
871 2486 2288 2536 kein Werk, das die Auseinandersetzung des Zeitgeistes mit dem
870 2535 2284 2600 Problem dieser ganz objektiven Form so fortführte wie Lessing,
870 2597 2286 2651 Goethe und Schiller, Kleist, Grillparzer und Hebbel sie begonnen
868 2663 2279 2709 hatten. Jener leidenschaftliche Aufschwung nun, durch den sich
876 2709 2282 2792 in den 80er Jahren des vorigen Jahrhunderts die Geister vom
872 2786 2280 2849 leeren, formalen Spiel wieder der naturwüchsigen, der höchst
880 2835 2281 2903 ernsthaften und höchst lebendigen Kunst zuwandten, jener Auf¬
875 2895 2290 2947 schwung, der die wüste Zeit beendet und der deshalb den Beginn
876 2967 2286 3022 unserer „Gegenwart“ bedeutet, er ist in den Literaturgeschichten
874 3016 2272 3093 unter dem Schlagwort der „naturalistischen Revolution“ ver¬
866 3075 1096 3140 zeichnet.
999 3129 2267 3194 Das Schlagwort des Naturalismus, das vor einem Viertel¬
862 3185 2272 3263 jahrhundert die Geister in so wohltätige Bewegung setzte, ist wohl das
878 3252 2284 3300 Vieldeutigste von allen, die die Kunstgeschichte je ausgegeben
873 3309 2272 3366 hat. Bedeutet es nur die Erneuerung des künstlerischen Lebens
871 3368 2284 3418 durch die fromme Kraft leidenschaftlicher Naturergründung (und
880 3427 2289 3478 dies etwa war der Sinn, in dem die Brüder Hart, die ersten
867 3475 2277 3533 kritischen Beweger dieser Zeit, zu den Waffen riefen), so war
877 3535 2278 3610 damit eine Parole gegeben, die nichts Originelles sagt, aber doch
874 3599 2278 3687 eine jener großen Wahrheiten kündet, die von Zeit zu Zeitlimmer
3131 1264 3264 1352 121
2496 1361 3331 1443 wieder von leidenschaftlichen Mensch
2499 1430 3329 1495 wußtsein der Mitlebenden zurückgeru
2495 1484 3337 1566 deutet es (und das war der Sinn, d
2496 1534 3339 1618 eine Berliner Literatenschule dem Schlag
2489 1600 3331 1685 von der Kunst, deren einziges und höc
2476 1659 3342 1739 Natu: und nichts als Natur zu werden
2492 1718 3337 1795 groteskesten Irrtümer des ästhetischen E
2482 1788 3343 1850 ja nie etwas anderes als die Umsetzun
2492 1835 3334 1916 vom Geist stilisierte Welt ist, und 8
2491 1893 3336 1967 „Naturalismus“ sehr erschöpfend bemen
2490 1949 3316 2022 Bilde des Hundes Bello hätte, wenn
2497 2007 3318 2086 eben noch einen Bello. Dramatische
2490 2073 3325 2148 ralismus sind übrigens von dem fanatis
2490 2125 3337 2196 Holz und seinem impressionistisch gean
2488 2185 3345 2272 Stil von Phonogrammen tatsächlich ge#
2486 2254 3344 2328 wicklungswert dieser Stiltendenz wan
2492 2308 3331 2370 auch Hauptmanns Kunst aus dieser D
2489 2357 3341 2443 regungen gewann. Holz endete beim s
2497 2421 3338 2495 stück, Schlaf bei der völlig entkräfteten
2502 2474 3345 2567 sinfonie. — Bezieht man aber das Sch
2496 2536 3342 2621 nicht auf solch eine selbstverständliche
2485 2596 3335 2673 oder eine so törichte Vorstellung von
2493 2658 3338 2732 Formprozesses, bezieht man es vielmeh
2497 2724 3335 2785 Weltgefühl, das in der neuen Kunst g#
2499 2774 3342 2847 es erst recht zweideutig. Denn das ga
2486 2830 3338 2907 nehmen mit der Natur, das freilich d
2496 2897 3331 2963 differente Voraussetzung bildet, kann
2487 2947 3340 3012 Aufblühen aller aktiven, herrschenden, v#
2488 3011 3351 3085 bedeuten — der Mensch als Naturkraf
2488 3064 3332 3144 jewsky bedeutet das naturalistische
2493 3127 3344 3204 des Menschen als durchaus passiven N
2489 3185 3339 3243 losen, von durchströmenden Außenkräft
2495 3253 3334 3315 gehobenen Atoms. — Und dies zeigt
2488 3306 3343 3384 die der geistige Tumult der 80er Ja
2498 3363 3343 3434 tatsächlich ganz so mannigfach und ve
2498 3415 3352 3493 dieser Begriff des Naturalismus vield
2496 3483 3335 3554 liche Ideen von Marx und von Tolstoi
2500 3537 3336 3595 heidnische von Nietzsche und vom Dary
2488 3594 3347 3678 gleichzeitig und fast gleich stark dama
