3392 4256
21 1532 86 1613 118
2169 231 2330 319 —
1558 304 2010 394 box 36/5
222 307 1402 420 1. Panphlets, offprints
1871 1135 1996 1212 123
280 1155 398 1243 122
1227 1243 2627 1324 als Ausdruck dieses einziggestellten Menschen echtes Leben ge¬
247 1270 1044 1351 speziell in Betracht, daß hier die
1234 1312 2641 1369 winnen, Jede Nachahmung dieser ganz absonderlichen Mischung
222 1324 1044 1408 von einer Persönlichkeit ausging, in
1221 1373 2633 1439 aber mußte als ein leercs und unfruchtbares Spiel erscheinen.
233 1389 1049 1480 gesetzten Kräfte in unentschiedenem
1230 1419 2636 1489 Und tatsächlich: wo man in der deutschen Produktion der
1232 1483 2630 1556 letzten Jahrzehnte auf direkten, formalen Einfluß lbsens trifft,
233 1500 1060 1586 er der deutschen Dramatiker um 1888
1229 1537 2642 1604 da ist man in der Nähe des allerschlimmsten Dilettantismus;
233 1565 1064 1645 Ibsen in Betracht; in lbsens Leben
1232 1595 2647 1667 auch wirkliche Künstler wie Hauptmann und Schnitzler erinnern
233 1622 1058 1706 Anbeginn bis ans Ende zwei wider¬
1245 1658 2649 1722 an Ibsens lyrisch symbolisierende Gesellschäftsstücke nur in
227 1682 1059 1767 einander. Er ist von Haus aus ein
1234 1727 2646 1793 ihren allerschwächsten Produkten. Der Fall, daß von einem
222 1739 1050 1845 henschliche Kraft nur ver’iebt, um zu¬
1242 1798 2647 1847 großen Geist die mächtigste moralische und ästhetische Erregung,
240 1802 1059 1886 vor der großen, unbekan ien Allmacht
1240 1837 2646 1909 und von seiner Nachahmung doch nur Dilettantismus ausgehen
224 1857 1072 1957 ie und Sehnsucht ringen bei Brand,
1251 1910 2648 1965 kann, ist in der Geschichte des deutschen Dramas nicht neu.
219 1913 1073 2004 eblich danach, die Welt zu unterwerfen,
1239 1949 2651 2022 Es ist ja ein noch viel erstaunlicheres Schauspiel, daß die aus
232 1976 1079 2060 ersten Werken erklingt, das erklingt
1248 2019 2648 2070 den Gründen einer ähnlichen Problematik ähnlich bedingte
230 2045 1073 2122 nn die erwachenden Toten spüren, daß
1255 2061 2640 2144 Form Friedrich Schillers in Deutschland nur von dem unabsch¬
225 2106 1061 2196 aß all ihr Streben umsonst war. Da¬
1248 2118 2654 2208 baren Heer der Dilettanten nachgeahmt worden ist, während sich
249 2152 1075 2228 Werke, die lbsen zunächst berühmt
1252 2186 2655 2259 alle neue lebendige Entwicklung von Kleist bis Hauptmann eher
227 2205 1080 2315 ben, die Gesellschaftsdramen, in denen
1256 2264 2653 2315 in Opposition gegen die Schillersche Dramatik vollzogen hat.
226 2270 1080 2367 alist für die Befreiung der Lebenskraft
1252 2308 2648 2379 In ähnlicher Weise bedeutet Henrik lbsen moralisch, und in¬
229 2337 1084 2434 sutionen plädiert — und in denen doch
1255 2354 2647 2442 direkt auch künstlerisch, einen mächtigen Faktor für die Ent¬
227 2390 1091 2495 mten „Symbolismus“ Ibsens gestaltet)
1261 2423 2647 2503 wicklung dieser Generation, aber er bleibt in der Geschichte des
243 2445 1081 2537 romantisch fatalistische Gefühl lbsens
1249 2489 2648 2550 Dramas ein höchst merkwürdiger, nie zu wiederholender Sonder¬
235 2517 1091 2596 ühl von der Unfreiheit aller menschlichen
1259 2528 2663 2610 fall, kommt als Anreger eines neuen Stils, als „Ahnherr“ des
234 2562 1081 2652 ndenheit an unfaßbare Schicksalsmächte.
1264 2590 2664 2694 neuen deutschen Dramas nicht in Betracht. Nur die allgemeinste
228 2624 1095 2715 ißen Pferde von Rosmersholm und der
1267 2651 2658 2722 und freilich die entscheidende Leidenschaft der naturalistischen
279 2696 1092 2759 die Wildente auf der Bodenkammer,
1267 2709 2656 2788 Zeit, der Wille, ingrimmig Ernst zu machen mit allen Problemen
236 2741 1089 2827 Gabler und das Gold der Berge, das den
1265 2783 2670 2847 des gegenwärtigen Lebens fand an dem großen Moralisten lbsen
236 2812 1093 2881 lockt, unser Leben treiben, und damit
1265 2823 2662 2893 seine Nahrung. Welchen Weg aber dieser Wille einschlagen
253 2870 1104 2931 der individuellen Kräfte sinnlos und
1271 2885 2673 2957 würde, das war durch Ibsens zwiespältiges Werk gewiß nicht
234 2915 1101 3004 Kunst, die so widersprechende Gefühle
1262 2944 2662 3021 entschieden. Und so sehen wir die Kräfte bald auf ganz ver¬
229 2980 1100 3075 d deshalb Elemente Shakespearescher
1271 3018 1899 3087 schiedenen Wegen entfaltet.
240 3038 1104 3133 die programmatische Zugespitztheit des
1376 3078 2664 3141 Die nächste und bedeutsamste Bildung innerhalb der dra¬
235 3095 1104 3177 ks mischte, diese Mischung wieder mit der
1273 3102 2677 3198 matischen Produktion aber, die Bühnendichtung Gerhart
239 3146 1103 3243 Lyrik seines dunklen Schicksalsgefühls
1262 3192 2676 3257 Hauptmanns berührte sich da, wo sie innerlich und stark war,
236 3219 1111 3298 che Kunst, die an alle Instinkte der Zeit
1276 3254 2667 3311 weder mit dem heroischen Gottsuchertum noch mit der moralpäda¬
244 3276 1101 3367 konnte gewiß tief erregend und auf¬
1266 3293 2666 3387 gogischen Leidenschaft lbsens. Nur in der romantisch-fata¬
229 3342 1106 3434 anz und gar nicht vorbildlich wirken.
1278 3361 2673 3435 listischen Stimmung liegt ein Element der Ibsenschen Dramatik,
250 3394 1103 3480 ein problematischer Sohn widerspruchs¬
1280 3409 2681 3504 dem Hauptmann irgendwie verwandt ist. Und von der Art der
244 3451 1113 3540 seine Form den typischen Gebilden der
1283 3468 2698 3560 Meuschenzeichnung Ibsens, die durch einen subtilen Realismus
242 3503 1129 3597 n können. Sie konnte nur so, nur einmal
