3392 4256
89 260 157 343 1
1841 186 2341 254 —
1257 191 1349 258 ——
480 250 682 332 Iets
1056 264 1176 331 in
1404 259 1894 351 box 36/5
158 260 1271 369 Panp.0ffp1
2287 1064 2393 1146 127
797 1078 905 1150 126
1630 1153 3034 1240 stellen will. Das durchaus Neue bei Hauptmann ist, daß er für
129 1189 1550 1252 Substraktion, eine außerweltliche, göttliche Natur erwiesen, fühl¬
1628 1229 3037 1296 solcher Art gebildete Gestalten mit höchstem Pathos unsere ernsteste
146 1237 1553 1307 bar gemacht. — Diesem Zweck, den bis an eine letzte Schwelle
1640 1311 2424 1377 Anteilnahme zu beanspruchen wagt.
148 1303 1556 1365 unfreien Menschen zu zeigen, den dunklen Untergrund für sein
1731 1340 3026 1419 Ist so durch die sprachliche Grundfarbe von vorn herein
145 1373 1538 1438 höchstes Licht zu legen, dienen alle Hauptmannschen Natura¬
1642 1421 3023 1482 die Transparenz der Gestalten, das Durchscheinen fremder, äußerer
151 1417 1558 1483 lismen. Mit der naiven ästhetischen Irrlehre vom Selbstwert der
1647 1469 3039 1549 Gewalten durch die auftretende Person hindurch, angelegt, so
158 1489 1559 1542 bloßen photographenmäßigen Naturnachahmung hat höchstens
1648 1536 3028 1601 erreicht Hauptmann ein weiteres durch die Anwendung, die Be¬
153 1545 1551 1615 das unklare Bewußtsein seiner Anfänge, sein schöpferisches Genie
1641 1580 3044 1651 handlung dieser Sprachart. Er besitzt im höchsten Grade die
150 1612 1553 1671 nie etwas zu tun gehabt. Hauptmann benutzt“ seine Menschen¬
1647 1634 3040 1724 Fähigkeit, den Dialog so zu führen, daß ein Widerspruch deutlich
157 1664 1562 1746 gestaltung den Dialekt (und zwar höchst „unnatürlich“ den ihm
1652 1697 3040 1781 wird zwischen dem, was die Menschen in der dünnen Oberschicht
165 1743 1565 1785 vertrauten schlesischen Dialekt, auch an der Spree, auch im
1637 1772 3035 1831 ihrers Bewußtseins wollen möchten, und dem, was sie nach der
148 1768 1557 1855 Märchenlande), weil der Dialekt die Sprache des unfreien Men¬
1644 1841 3031 1897 dumpfen Masse ihrer unterbewußten Triebe wollen müssen. Solchen
150 1854 1558 1911 schen ist, weil er im Gegensatz zu der schriftfähigen Sprache des
1641 1886 3039 1947 ironischen Kontrast zwischen den Worten einer Gestalt, und der
150 1883 1557 1954 Kulturmenschen anzeigt, daß nicht sein Geist die Welt beherrscht,
1643 1959 3043 2016 Situation, wie wir sie übersehen, hat schon Ibsen zu gestalten
153 1949 1562 2041 sondern daß sein Geist von der Welt beherrscht wird. Ganz anders
1646 1994 3042 2070 verstanden: Hjalmar Ekdal ist das derbste, Julian das tiefste,
162 2022 1556 2075 als die von der geistigen Kultur aus den Dialekten heraus¬
1649 2048 3038 2139 Hedda Gabler vielleicht das feinste Beispiel. In Deutschland
162 2068 1555 2134 gesiebte Schriftsprache spiegelt der Dialekt den Himmel, das
1652 2109 3049 2200 aber haben wir diese sich selbst ironisierende Sprache aufs
168 2137 1557 2200 Klima, die Landschaft, die Geschichte des Landes, die soziale
1649 2187 3051 2235 stärkste vorgebildet bei Grillparzer. Grillparzer kommt von allen
169 2187 1564 2269 Schicht und die materiellen Bedingungen, in denen einer auf¬
1657 2245 3050 2308 deutschen Dramatikern am ehesten als Ahnherr Gerhart Haupt¬
162 2246 1564 2320 gewachsen ist —, kurz all die Mächte, die ein Individuum zu
1661 2297 3048 2372 manns in Betracht. Er war Romantiker im Kern, der eine un¬
168 2303 1560 2381 dem gemacht haben, was es ist, und die beherrschend und ge¬
1659 2354 3049 2419 heroische fatalistische Weltanschauung in sich nährte, und der
165 2385 1565 2442 bietend noch in seinem zeitlichen Ich sitzen — neben dem kleinen
1663 2407 3044 2476 deshalb nirgends so groß war wie in der Darstellung solcher
169 2439 1570 2488 zeitios göttlichen Fünkchen des ewigen Lebens, das sie verdecken.
1668 2476 3048 2558 psychologischer Augenblicke, in denen das prahlerische Wollen
171 2490 1572 2557 Diese Dialektsprache steigert nun Haupr.ann weiter zur Indivi¬
1675 2527 3050 2599 des Bewußtseins von der Gewalt der inneren Triebe über den
174 2556 1567 2621 dualsprache, die ja in Wahrheit die leizte Wurzel noch unter¬
1667 2598 3058 2654 Haufen gerannt wird. Die Hero wie der König Alfons geben
172 2622 1581 2674 halb jedes Dialektes ist: Er gibt den Menschen einen individuellen
1680 2638 3052 2728 glänzende Beispiele dieser, der Schopenhauerschen Menschenidee
166 2654 1581 2720 Rhythmus, einen besonderen Satzbau und schlicßlich ganz feste
1685 2708 3060 2793 entsprechenden, Darstellungskunst. Grillparzer, der seiner schönsten
172 2711 1586 2793 Redensarten, von denen sie nicht loskommen. Und all dies bis
1670 2790 3059 2835 und reifstens Gestalt, dem alten Kaiser Rudolph das Motto mit¬
173 2788 1579 2853 zu dem stumpfsinnigen „Nu ja, ja — nun ne, ne“ des Vaters Bau¬
1670 2831 3063 2903 gibt „Nicht Ich, nur Gott“, er begegnet sich mit Hauptmann
174 2830 1573 2909 mert dient nicht etwa dazu, uns eine Individualität im Sinne stolzer
1673 2899 3064 2960 eben letzten Endes in einer christlichen Weltbetrachtung und
184 2914 1584 2971 Eigengesetzlichkeit aufzubauen; vielmehr steigert es das durch
1674 2937 2941 3011 eben deshalb auch in der Tendez des dramatischen Stils.
183 2967 1578 3030 den Dialekt schon begründete Gefühl geistiger Unfreiheit, Armut
1779 2983 3051 3073 Es hängt aber weiterhin mit dem Hauptmannschen Bedürf¬
179 3015 1586 3104 aufs äußerste. Innerhalb eines Sprachkunstwerks kann immer
1677 3068 3064 3138 nis, die Unfreiheit des empirischen, des stoffgebundenen Menschen
170 3088 1583 3141 nur die glänzende freie Verfügung über den sprachlichen Aus¬
1676 3134 3062 3200 zu zeigen, zusammen, wenn er es nun im Szenischen liebt, den
183 3131 1583 3209 druck ein Gefühl selischer Kraft und Größe geben: alle Helden
1694 3169 3061 3248 Menschen in seinem Milieu zu zeigen, ihn als Teil der Masse dar¬
178 3205 1592 3267 Shakespeares sprechen in Wahrheit die gleiche, reine und üppig
1677 3234 3065 3308 zustellen. Ziel bleibt dabei für ihn immer doch — den gött¬
182 3262 1593 3322 reiche Sprache des Shakespeareschen Geistes; die Sprache des
1684 3296 3070 3376 lichen Scelenkern des Einzelnen durch Kontrastwirkung heraus¬
191 3301 1596 3395 Dialekts und der individuellen Redensart kennt und benutzt
1690 3350 3079 3428 zubringen. Ein wirkliches soziales Grundinteresse, wie es etwa
195 3367 1600 3435 dieser Urdramatiker nur dort, wo er seinen Helden kleine und
1672 3400 3070 3502 Zola, der Dichter des „Germinal“ besitzt, wie man es Haupt¬
181 3426 1597 3502 lächerliche Typen aus dem menschlichen Durchschnitt entgegen¬
2255 3757 2317 3914 8
2518 3978 2603 4079 920
2650 4007 2860 4088 h
2253 4039 2402 4104 W
2888 3994 2997 4122 800
2544 4064 2720 4111 I
2388 4112 2532 4183 G
2591 4111 2641 4180 4
