<?xml version="1.0" encoding="UTF-8" standalone="yes"?>
<PcGts xmlns="http://schema.primaresearch.org/PAGE/gts/pagecontent/2013-07-15" xmlns:xsi="http://www.w3.org/2001/XMLSchema-instance" xsi:schemaLocation="http://schema.primaresearch.org/PAGE/gts/pagecontent/2013-07-15 http://schema.primaresearch.org/PAGE/gts/pagecontent/2013-07-15/pagecontent.xsd">
    <Metadata>
        <Creator>prov=University of Rostock/Institute of Mathematics/CITlab/Gundram Leifert/gundram.leifert@uni-rostock.de:name=ONB_Newseye_GT_M1+(htr_id=10810)::::v=2.4.2
prov=University of Rostock/Institute of Mathematics/CITlab/Tobias Gruening/tobias.gruening@uni-rostock.de:name=de.uros.citlab.module.baseline2polygon.B2PSeamMultiOriented:v=2.4.2
prov=University of Rostock/Institute of Mathematics/CITlab/Tobias Gruening/tobias.gruening@uni-rostock.de:name=/mnt/transkribus/LA/DEA/URO/LA_news_onb_att.pb:de.uros.citlab.segmentation.CITlab_LA_ML:v=2.4.2
Transkribus</Creator>
        <Created>2019-10-07T15:15:17.989+02:00</Created>
        <LastChange>2019-10-09T03:33:40.555+02:00</LastChange>
        <TranskribusMetadata docId="224207" pageId="9514976" pageNr="8" tsid="16620231" status="IN_PROGRESS" userId="40391" imgUrl="https://files.transkribus.eu/Get?id=NOJNBODKPJFDJDPGZNORNYCA&amp;fileType=view" xmlUrl="https://files.transkribus.eu/Get?id=EMVSGWBWFGFZOBETXTJDUUNM" imageId="6203210"/>
    </Metadata>
    <Page imageFilename="224207_0008.jpeg" imageWidth="3392" imageHeight="4256">
        <ReadingOrder>
            <OrderedGroup id="ro_1711443683067" caption="Regions reading order">
                <RegionRefIndexed index="0" regionRef="r1"/>
            </OrderedGroup>
        </ReadingOrder>
        <TextRegion orientation="0.0" id="r1" custom="readingOrder {index:0;}">
            <Coords points="183,333 183,3590 2619,3590 2619,333"/>
            <TextLine id="r1l1" custom="readingOrder {index:0;}">
                <Coords points="1525,398 1564,379 1662,385 1709,354 1793,389 1844,370 1871,392 1972,361 1972,317 1903,291 1852,309 1824,286 1796,287 1741,325 1674,310 1621,323 1576,306 1527,314"/>
                <Baseline points="1535,362 1560,361 1585,361 1610,361 1635,361 1660,361 1686,361 1711,362 1736,362 1761,363 1786,364 1811,364 1837,365 1862,366 1887,366 1912,367 1937,367 1963,368"/>
                <TextEquiv>
                    <Unicode>box 36/5</Unicode>
                </TextEquiv>
            </TextLine>
            <TextLine id="r1l2" custom="readingOrder {index:1;}">
                <Coords points="688,367 700,364 705,369 715,372 729,371 733,367 759,370 762,325 741,326 724,307 721,309 691,305"/>
                <Baseline points="696,365 723,369 750,368"/>
                <TextEquiv>
                    <Unicode>t</Unicode>
                </TextEquiv>
            </TextLine>
            <TextLine id="r1l3" custom="readingOrder {index:2;}">
                <Coords points="311,394 1328,400 1363,390 1363,322 1230,296 1087,331 964,296 847,358 711,369 616,301 310,314"/>
                <Baseline points="320,365 371,369 423,372 475,374 526,376 578,377 630,378 681,379 733,379 785,379 837,378 888,377 940,377 992,376 1043,374 1095,373 1147,372 1198,371 1250,370 1302,369 1354,369"/>
                <TextEquiv>
                    <Unicode>Panphle offprints</Unicode>
                </TextEquiv>
            </TextLine>
            <TextLine id="r1l4" custom="readingOrder {index:3;}">
                <Coords points="1835,1233 1909,1239 1921,1237 1931,1228 1945,1236 1956,1234 1955,1180 1927,1180 1902,1165 1850,1180 1845,1186 1834,1186"/>
                <Baseline points="1843,1215 1869,1214 1895,1213 1921,1213 1947,1213"/>
                <TextEquiv>
                    <Unicode>121</Unicode>
                </TextEquiv>
            </TextLine>
            <TextLine id="r1l5" custom="readingOrder {index:4;}">
                <Coords points="218,1243 227,1243 233,1250 240,1247 247,1254 253,1249 263,1256 286,1246 305,1251 335,1248 335,1183 323,1179 300,1183 287,1169 276,1165 269,1169 264,1163 243,1163 238,1158 218,1163"/>
                <Baseline points="227,1219 252,1217 277,1217 302,1218 327,1219"/>
                <TextEquiv>
                    <Unicode>120</Unicode>
                </TextEquiv>
            </TextLine>
            <TextLine id="r1l6" custom="readingOrder {index:5;}">
                <Coords points="1199,1314 2372,1333 2599,1293 2459,1259 1198,1293"/>
                <Baseline points="1207,1320 1276,1321 1345,1322 1414,1322 1483,1323 1553,1323 1622,1322 1691,1322 1760,1321 1829,1321 1899,1320 1968,1320 2037,1319 2106,1318 2175,1317 2245,1316 2314,1315 2383,1315 2452,1314 2521,1314 2591,1313"/>
                <TextEquiv>
                    <Unicode>wieder von leidenschaftlichen Menschen neu erlebt und ins Be¬</Unicode>
                </TextEquiv>
            </TextLine>
            <TextLine id="r1l7" custom="readingOrder {index:6;}">
                <Coords points="182,1338 838,1328 889,1347 988,1325 945,1283 543,1296 425,1267 263,1294 182,1270"/>
                <Baseline points="191,1326 230,1326 269,1326 309,1325 348,1325 388,1325 427,1325 466,1325 506,1325 545,1325 585,1325 624,1325 663,1325 703,1325 742,1325 782,1325 821,1325 860,1326 900,1326 939,1327 979,1328"/>
                <TextEquiv>
                    <Unicode>ruber, der aber zufolge eines ganz</Unicode>
                </TextEquiv>
            </TextLine>
            <TextLine id="r1l8" custom="readingOrder {index:7;}">
                <Coords points="1198,1385 2548,1391 2600,1345 1198,1352"/>
                <Baseline points="1207,1376 1276,1378 1345,1379 1414,1379 1483,1380 1553,1381 1622,1381 1691,1381 1760,1381 1829,1381 1899,1381 1968,1381 2037,1381 2106,1380 2175,1380 2245,1379 2314,1378 2383,1377 2452,1376 2521,1374 2591,1373"/>
                <TextEquiv>
                    <Unicode>wußtsein der Mitlebenden zurückgerufen werden müssen. Be¬</Unicode>
                </TextEquiv>
            </TextLine>
            <TextLine id="r1l9" custom="readingOrder {index:8;}">
                <Coords points="185,1404 430,1380 901,1401 986,1387 986,1339 185,1349"/>
                <Baseline points="195,1385 234,1385 273,1386 312,1386 351,1386 390,1386 429,1386 468,1385 507,1385 546,1385 586,1384 625,1384 664,1384 703,1383 742,1383 781,1383 820,1383 859,1383 898,1384 937,1384 977,1385"/>
                <TextEquiv>
                    <Unicode>glücklichen Schicksals auf Wegen</Unicode>
                </TextEquiv>
            </TextLine>
            <TextLine id="r1l10" custom="readingOrder {index:9;}">
                <Coords points="1194,1440 2607,1444 2574,1386 1194,1407"/>
                <Baseline points="1203,1438 1272,1439 1342,1439 1412,1439 1482,1439 1552,1440 1621,1440 1691,1440 1761,1440 1831,1439 1901,1439 1970,1439 2040,1439 2110,1438 2180,1438 2250,1437 2319,1436 2389,1436 2459,1435 2529,1434 2599,1433"/>
                <TextEquiv>
                    <Unicode>deutet es (und das war der Sinn, den alsbald Arno Holz und</Unicode>
                </TextEquiv>
            </TextLine>
            <TextLine id="r1l11" custom="readingOrder {index:10;}">
                <Coords points="179,1453 978,1456 978,1423 873,1395 787,1420 754,1395 691,1415 179,1406"/>
                <Baseline points="187,1444 226,1444 265,1445 304,1445 343,1445 382,1446 421,1445 460,1445 499,1445 538,1445 578,1444 617,1444 656,1444 695,1444 734,1443 773,1443 812,1443 851,1443 890,1443 929,1444 969,1444"/>
                <TextEquiv>
                    <Unicode>bstlerischen Entwicklung des übrigen</Unicode>
                </TextEquiv>
            </TextLine>
            <TextLine id="r1l12" custom="readingOrder {index:11;}">
                <Coords points="1197,1505 2571,1515 2603,1466 1197,1486"/>
                <Baseline points="1206,1498 1275,1498 1344,1499 1414,1499 1483,1499 1553,1499 1622,1499 1691,1499 1761,1499 1830,1499 1900,1499 1969,1498 2038,1498 2108,1498 2177,1498 2247,1497 2316,1497 2385,1497 2455,1497 2524,1497 2594,1497"/>
                <TextEquiv>
                    <Unicode>eine Berliner Literatenschule dem Schlagwort gaben) die Vorstellung</Unicode>
                </TextEquiv>
            </TextLine>
            <TextLine id="r1l13" custom="readingOrder {index:12;}">
                <Coords points="179,1513 980,1502 980,1479 922,1458 331,1476 179,1451"/>
                <Baseline points="188,1499 227,1501 266,1503 305,1505 344,1506 383,1507 422,1508 461,1508 500,1508 539,1508 579,1508 618,1508 657,1507 696,1507 735,1506 774,1505 813,1505 852,1504 891,1503 930,1503 970,1502"/>
                <TextEquiv>
                    <Unicode>ßt waren und sie deshalb auch nicht</Unicode>
                </TextEquiv>
            </TextLine>
            <TextLine id="r1l14" custom="readingOrder {index:13;}">
                <Coords points="1196,1556 2611,1559 2610,1515 2537,1500 1196,1528"/>
                <Baseline points="1204,1559 1273,1559 1343,1558 1413,1558 1483,1558 1553,1558 1623,1558 1692,1557 1762,1557 1832,1557 1902,1557 1972,1557 2042,1557 2112,1556 2181,1555 2251,1555 2321,1554 2391,1552 2461,1551 2531,1549 2601,1547"/>
                <TextEquiv>
                    <Unicode>von der Kunst, deren einziges und höchstes Prinzip es ist, wieder</Unicode>
                </TextEquiv>
            </TextLine>
            <TextLine id="r1l15" custom="readingOrder {index:14;}">
                <Coords points="188,1576 948,1573 978,1567 978,1529 759,1511 688,1534 187,1528"/>
                <Baseline points="196,1565 234,1565 273,1565 312,1565 350,1564 389,1564 428,1564 466,1564 505,1564 544,1563 583,1563 621,1563 660,1563 699,1562 737,1562 776,1562 815,1562 853,1562 892,1562 931,1562 970,1562"/>
                <TextEquiv>
                    <Unicode>esem, ganz und gar materiellen In¬</Unicode>
                </TextEquiv>
            </TextLine>
            <TextLine id="r1l16" custom="readingOrder {index:15;}">
                <Coords points="1204,1626 2355,1635 2571,1624 2608,1583 1204,1588"/>
                <Baseline points="1213,1619 1282,1618 1351,1617 1421,1617 1490,1616 1559,1616 1629,1615 1698,1615 1767,1614 1837,1614 1906,1614 1975,1613 2045,1613 2114,1613 2183,1612 2253,1612 2322,1612 2391,1611 2461,1611 2530,1610 2600,1610"/>
                <TextEquiv>
                    <Unicode>Natur und nichts als Natur zu werden, so deckt es einen der</Unicode>
                </TextEquiv>
            </TextLine>
            <TextLine id="r1l17" custom="readingOrder {index:16;}">
                <Coords points="195,1638 993,1628 992,1581 954,1571 195,1589"/>
                <Baseline points="204,1620 245,1620 286,1620 327,1621 368,1621 409,1621 450,1621 491,1621 532,1622 573,1622 614,1622 655,1622 696,1622 737,1622 778,1621 819,1621 860,1620 901,1619 942,1618 983,1617"/>
                <TextEquiv>
                    <Unicode>ward die Kunst überhaupt zu einem</Unicode>
                </TextEquiv>
            </TextLine>
            <TextLine id="r1l18" custom="readingOrder {index:17;}">
                <Coords points="1209,1692 2615,1675 2614,1638 2478,1618 1208,1648"/>
                <Baseline points="1217,1677 1286,1676 1355,1676 1425,1675 1494,1675 1564,1675 1633,1675 1702,1674 1772,1674 1841,1674 1911,1674 1980,1673 2049,1673 2119,1673 2188,1672 2258,1671 2327,1671 2396,1670 2466,1669 2535,1667 2605,1665"/>
                <TextEquiv>
                    <Unicode>groteskesten Irrtümer des ästhetischen Empfindens; sintemal Kunst</Unicode>
                </TextEquiv>
            </TextLine>
            <TextLine id="r1l19" custom="readingOrder {index:18;}">
                <Coords points="188,1694 484,1699 538,1673 597,1695 954,1688 985,1672 985,1637 779,1633 739,1658 651,1636 188,1641"/>
                <Baseline points="197,1681 236,1680 275,1679 314,1679 353,1679 392,1679 431,1679 470,1679 509,1679 548,1679 587,1679 626,1679 665,1679 704,1679 743,1679 782,1679 821,1678 860,1678 899,1676 938,1675 977,1673"/>
                <TextEquiv>
                    <Unicode>i dem man sich von dem „Ernst des</Unicode>
                </TextEquiv>
            </TextLine>
            <TextLine id="r1l20" custom="readingOrder {index:19;}">
                <Coords points="1208,1755 2535,1748 2610,1697 1208,1708"/>
                <Baseline points="1217,1739 1286,1738 1355,1736 1424,1735 1493,1734 1563,1734 1632,1733 1701,1733 1770,1732 1839,1732 1909,1732 1978,1732 2047,1731 2116,1731 2185,1731 2255,1730 2324,1729 2393,1729 2462,1727 2531,1726 2601,1724"/>
                <TextEquiv>
                    <Unicode>ja nie etwas anderes als die Umsetzung der natürlichen in eine</Unicode>
                </TextEquiv>
            </TextLine>
            <TextLine id="r1l21" custom="readingOrder {index:20;}">
                <Coords points="189,1757 469,1763 609,1736 642,1761 715,1736 764,1759 806,1731 866,1763 985,1733 985,1703 957,1696 616,1717 575,1688 446,1714 348,1693 289,1723 189,1695"/>
                <Baseline points="197,1740 238,1740 279,1739 320,1739 361,1739 402,1738 443,1738 484,1738 525,1738 566,1739 607,1739 648,1739 689,1739 730,1739 771,1739 812,1739 853,1739 894,1739 935,1739 976,1739"/>
                <TextEquiv>
                    <Unicode>hte. Und speziell auf der Bühne</Unicode>
                </TextEquiv>
            </TextLine>
            <TextLine id="r1l22" custom="readingOrder {index:21;}">
                <Coords points="1198,1791 2600,1797 2600,1755 2478,1740 1198,1761"/>
                <Baseline points="1207,1793 1276,1793 1345,1793 1414,1793 1483,1793 1553,1792 1622,1792 1691,1792 1760,1792 1829,1792 1899,1791 1968,1791 2037,1791 2106,1790 2175,1790 2245,1789 2314,1788 2383,1787 2452,1787 2521,1785 2591,1784"/>
                <TextEquiv>
                    <Unicode>vom Geist stilisierte Welt ist, und schon Goethe über diesen</Unicode>
                </TextEquiv>
            </TextLine>
            <TextLine id="r1l23" custom="readingOrder {index:22;}">
                <Coords points="194,1815 415,1822 523,1792 833,1815 953,1799 978,1763 731,1764 700,1743 649,1766 558,1749 511,1770 194,1770"/>
                <Baseline points="203,1799 241,1798 279,1798 317,1798 356,1798 394,1798 432,1798 471,1798 509,1798 547,1798 586,1798 624,1798 662,1798 700,1798 739,1798 777,1798 815,1798 854,1798 892,1798 930,1798 969,1798"/>
                <TextEquiv>
                    <Unicode>unserer großen Dramatiker Kostüm¬</Unicode>
                </TextEquiv>
            </TextLine>
            <TextLine id="r1l24" custom="readingOrder {index:23;}">
                <Coords points="1219,1871 2377,1875 2581,1855 2616,1810 1219,1823"/>
                <Baseline points="1227,1855 1296,1853 1365,1852 1434,1852 1503,1851 1572,1850 1641,1850 1710,1850 1779,1849 1848,1849 1917,1849 1986,1849 2055,1849 2124,1849 2193,1849 2262,1848 2331,1848 2400,1847 2469,1847 2538,1846 2607,1845"/>
                <TextEquiv>
                    <Unicode>„Naturalismus“ sehr erschöpfend bemerkt hat: was ich denn vom</Unicode>
                </TextEquiv>
            </TextLine>
            <TextLine id="r1l25" custom="readingOrder {index:24;}">
                <Coords points="181,1880 879,1871 980,1841 938,1806 800,1829 592,1806 316,1823 181,1784"/>
                <Baseline points="190,1858 229,1858 268,1858 307,1858 346,1858 385,1858 424,1857 463,1857 502,1857 541,1857 580,1856 619,1856 658,1856 697,1856 736,1857 775,1857 814,1858 853,1858 892,1859 931,1860 971,1862"/>
                <TextEquiv>
                    <Unicode>ten Schillers und Goethes in irgend¬</Unicode>
                </TextEquiv>
            </TextLine>
            <TextLine id="r1l26" custom="readingOrder {index:25;}">
                <Coords points="1206,1915 2416,1926 2615,1876 1206,1880"/>
                <Baseline points="1215,1911 1284,1911 1354,1911 1423,1911 1493,1911 1563,1911 1632,1911 1702,1910 1771,1910 1841,1909 1911,1909 1980,1908 2050,1908 2119,1907 2189,1906 2259,1906 2328,1905 2398,1904 2467,1903 2537,1903 2607,1902"/>
                <TextEquiv>
                    <Unicode>Bilde des Hundes Bello hätte, wenn es mir nichts gäbe, als</Unicode>
                </TextEquiv>
            </TextLine>
            <TextLine id="r1l27" custom="readingOrder {index:26;}">
                <Coords points="188,1931 985,1919 985,1891 900,1863 844,1884 517,1866 438,1901 272,1870 188,1887"/>
                <Baseline points="196,1914 235,1915 274,1916 313,1916 352,1917 391,1917 430,1917 469,1917 508,1917 547,1917 586,1917 625,1917 664,1917 703,1917 742,1917 781,1917 820,1916 859,1916 898,1916 937,1916 976,1916"/>
                <TextEquiv>
                    <Unicode>aufzutreten und irgendwelche Vari¬</Unicode>
                </TextEquiv>
            </TextLine>
            <TextLine id="r1l28" custom="readingOrder {index:27;}">
                <Coords points="1213,1979 2120,1987 2613,1941 1213,1942"/>
                <Baseline points="1221,1971 1290,1970 1359,1970 1428,1970 1497,1969 1566,1969 1635,1968 1705,1968 1774,1967 1843,1966 1912,1966 1981,1965 2050,1965 2119,1964 2189,1964 2258,1963 2327,1963 2396,1963 2465,1963 2534,1963 2604,1963"/>
                <TextEquiv>
                    <Unicode>eben noch einen Bello. Dramatische Versuche in diesem Natu¬</Unicode>
                </TextEquiv>
            </TextLine>
            <TextLine id="r1l29" custom="readingOrder {index:28;}">
                <Coords points="192,1988 601,1980 641,1999 848,1969 947,1989 981,1985 981,1940 346,1948 299,1927 192,1948"/>
                <Baseline points="200,1974 238,1974 277,1974 315,1974 354,1975 393,1975 431,1975 470,1975 508,1975 547,1975 586,1975 624,1975 663,1975 701,1975 740,1975 779,1975 817,1975 856,1975 894,1974 933,1974 972,1974"/>
                <TextEquiv>
                    <Unicode>enVerse aufzusagen hatten. Oder</Unicode>
                </TextEquiv>
            </TextLine>
            <TextLine id="r1l30" custom="readingOrder {index:29;}">
                <Coords points="1200,2032 2412,2043 2616,2025 2616,1990 1200,2011"/>
                <Baseline points="1209,2031 1278,2030 1348,2029 1418,2028 1488,2028 1558,2027 1628,2027 1698,2026 1768,2026 1838,2026 1908,2026 1977,2025 2047,2025 2117,2025 2187,2024 2257,2024 2327,2023 2397,2023 2467,2022 2537,2021 2607,2020"/>
                <TextEquiv>
                    <Unicode>ralismus sind übrigens von dem fanatisch-bornierten Rationalisten</Unicode>
                </TextEquiv>
            </TextLine>
            <TextLine id="r1l31" custom="readingOrder {index:30;}">
                <Coords points="192,2046 986,2036 986,2004 938,1989 372,2007 192,1989"/>
                <Baseline points="200,2033 238,2033 277,2033 316,2034 355,2034 394,2034 432,2034 471,2035 510,2035 549,2035 588,2036 626,2036 665,2036 704,2036 743,2036 782,2036 820,2035 859,2035 898,2034 937,2034 976,2033"/>
                <TextEquiv>
                    <Unicode>der Franzosen, aber ohne die soziale</Unicode>
                </TextEquiv>
            </TextLine>
            <TextLine id="r1l32" custom="readingOrder {index:31;}">
                <Coords points="1212,2103 2539,2101 2610,2042 1211,2064"/>
                <Baseline points="1221,2088 1290,2088 1359,2088 1428,2088 1497,2088 1566,2088 1635,2087 1704,2087 1773,2087 1842,2086 1911,2086 1980,2085 2049,2084 2118,2084 2187,2083 2256,2082 2325,2081 2394,2080 2463,2079 2532,2078 2601,2077"/>
                <TextEquiv>
                    <Unicode>Holz und seinem impressionistisch gearteten Genossen Schlaf im</Unicode>
                </TextEquiv>
            </TextLine>
            <TextLine id="r1l33" custom="readingOrder {index:32;}">
                <Coords points="196,2100 989,2097 989,2057 893,2038 630,2045 600,2066 550,2043 429,2066 197,2053"/>
                <Baseline points="206,2092 244,2093 283,2093 322,2094 360,2094 399,2094 438,2094 476,2094 515,2094 554,2094 593,2094 631,2094 670,2094 709,2093 747,2093 786,2093 825,2093 863,2094 902,2094 941,2094 980,2095"/>
                <TextEquiv>
                    <Unicode>Dinge im Lande ihrer Entstehung</Unicode>
                </TextEquiv>
            </TextLine>
            <TextLine id="r1l34" custom="readingOrder {index:33;}">
                <Coords points="1213,2149 2511,2158 2612,2144 2612,2097 1213,2112"/>
                <Baseline points="1222,2147 1291,2147 1360,2146 1429,2146 1498,2146 1567,2145 1636,2145 1705,2144 1774,2144 1843,2144 1912,2144 1981,2143 2050,2143 2119,2143 2188,2142 2257,2142 2326,2142 2395,2141 2464,2141 2533,2141 2603,2140"/>
                <TextEquiv>
                    <Unicode>Stil von Phonogrammen tatsächlich gemacht worden. Der Ent¬</Unicode>
                </TextEquiv>
            </TextLine>
            <TextLine id="r1l35" custom="readingOrder {index:34;}">
                <Coords points="175,2174 798,2147 871,2172 990,2163 990,2119 925,2100 794,2125 556,2098 464,2125 175,2112"/>
                <Baseline points="183,2152 225,2152 267,2151 309,2151 351,2151 393,2151 435,2151 477,2151 519,2151 561,2151 603,2151 645,2151 687,2152 729,2152 771,2152 813,2152 855,2151 897,2151 939,2151 982,2150"/>
                <TextEquiv>
                    <Unicode>schließender Diskussion für irgend¬</Unicode>
                </TextEquiv>
            </TextLine>
            <TextLine id="r1l36" custom="readingOrder {index:35;}">
                <Coords points="1202,2201 2610,2208 2522,2153 1202,2162"/>
                <Baseline points="1211,2205 1280,2206 1350,2206 1419,2206 1489,2206 1558,2205 1628,2205 1697,2204 1767,2204 1836,2203 1906,2202 1975,2201 2045,2201 2114,2200 2184,2199 2253,2198 2323,2198 2392,2197 2462,2197 2531,2197 2601,2197"/>
                <TextEquiv>
                    <Unicode>wieklungswert dieser Stiltendenz war aber sehr gering, wenn</Unicode>
                </TextEquiv>
            </TextLine>
            <TextLine id="r1l37" custom="readingOrder {index:36;}">
                <Coords points="174,2240 703,2207 951,2227 1003,2222 1004,2191 848,2163 701,2195 607,2163 502,2187 175,2173"/>
                <Baseline points="184,2211 224,2210 265,2210 305,2210 346,2210 386,2210 427,2210 467,2210 508,2211 548,2211 589,2212 629,2212 670,2213 710,2213 751,2214 791,2214 832,2215 872,2215 913,2215 953,2215 994,2215"/>
                <TextEquiv>
                    <Unicode>IIschaftsmoral geliefert. In diesem</Unicode>
                </TextEquiv>
            </TextLine>
            <TextLine id="r1l38" custom="readingOrder {index:37;}">
                <Coords points="1207,2253 1452,2292 2612,2274 2611,2215 2548,2208 1207,2234"/>
                <Baseline points="1216,2266 1285,2264 1354,2264 1424,2263 1493,2262 1562,2262 1632,2262 1701,2262 1770,2261 1840,2261 1909,2261 1978,2261 2048,2261 2117,2260 2186,2260 2256,2259 2325,2258 2394,2258 2464,2256 2533,2255 2603,2253"/>
                <TextEquiv>
                    <Unicode>auch Hauptmanns Kunst aus dieser Detailpsychologie einige An¬</Unicode>
                </TextEquiv>
            </TextLine>
            <TextLine id="r1l39" custom="readingOrder {index:38;}">
                <Coords points="189,2277 884,2288 935,2271 936,2233 189,2226"/>
                <Baseline points="197,2270 233,2270 269,2270 306,2270 342,2270 379,2269 415,2269 452,2269 488,2269 525,2269 561,2269 597,2269 634,2269 670,2270 707,2270 743,2271 780,2272 816,2273 853,2274 889,2276 926,2277"/>
                <TextEquiv>
                    <Unicode>land keine dramatische Dichtung —</Unicode>
                </TextEquiv>
            </TextLine>
            <TextLine id="r1l40" custom="readingOrder {index:39;}">
                <Coords points="1205,2333 2599,2324 2563,2266 1205,2305"/>
                <Baseline points="1214,2324 1282,2324 1351,2324 1420,2324 1489,2323 1558,2323 1626,2323 1695,2322 1764,2322 1833,2321 1902,2321 1970,2320 2039,2319 2108,2318 2177,2318 2246,2317 2314,2316 2383,2315 2452,2314 2521,2313 2590,2312"/>
                <TextEquiv>
                    <Unicode>regungen gewann. Holz endete beim skrupellos robusten Theater¬</Unicode>
                </TextEquiv>
            </TextLine>
            <TextLine id="r1l41" custom="readingOrder {index:40;}">
                <Coords points="183,2343 979,2344 979,2297 911,2283 689,2300 493,2279 391,2309 344,2281 302,2305 183,2281"/>
                <Baseline points="192,2331 230,2330 269,2330 308,2329 347,2329 386,2329 425,2329 464,2329 503,2329 542,2329 581,2329 619,2330 658,2330 697,2330 736,2330 775,2330 814,2330 853,2330 892,2330 931,2330 970,2330"/>
                <TextEquiv>
                    <Unicode>lem eine Leidenschaft der Weltbe¬</Unicode>
                </TextEquiv>
            </TextLine>
            <TextLine id="r1l42" custom="readingOrder {index:41;}">
                <Coords points="1212,2383 2599,2384 2598,2340 2460,2325 1212,2354"/>
                <Baseline points="1220,2382 1288,2382 1356,2382 1425,2382 1493,2382 1562,2382 1630,2381 1699,2381 1767,2380 1836,2380 1904,2379 1972,2378 2041,2378 2109,2377 2178,2376 2246,2376 2315,2375 2383,2375 2452,2374 2520,2374 2589,2374"/>
                <TextEquiv>
                    <Unicode>stück, Schlaf bei der völlig entkräfteten afterdramatischen Nerven¬</Unicode>
                </TextEquiv>
            </TextLine>
            <TextLine id="r1l43" custom="readingOrder {index:42;}">
                <Coords points="178,2395 988,2391 929,2341 402,2361 179,2342"/>
                <Baseline points="188,2386 227,2387 267,2388 306,2388 346,2389 386,2389 425,2389 465,2389 504,2389 544,2389 584,2389 623,2389 663,2389 702,2389 742,2389 782,2389 821,2389 861,2390 900,2390 940,2391 980,2392"/>
                <TextEquiv>
                    <Unicode>Menschengestaltung zum Ziele strebte,</Unicode>
                </TextEquiv>
            </TextLine>
            <TextLine id="r1l44" custom="readingOrder {index:43;}">
                <Coords points="1210,2447 2503,2452 2614,2405 1210,2416"/>
                <Baseline points="1218,2440 1287,2440 1356,2440 1426,2440 1495,2439 1564,2439 1634,2439 1703,2438 1772,2438 1842,2437 1911,2436 1980,2436 2050,2436 2119,2435 2188,2435 2258,2435 2327,2434 2396,2434 2466,2435 2535,2435 2605,2435"/>
                <TextEquiv>
                    <Unicode>sinfonie. — Bezicht man aber das Schlagwort vom Naturalismus</Unicode>
                </TextEquiv>
            </TextLine>
            <TextLine id="r1l45" custom="readingOrder {index:44;}">
                <Coords points="180,2466 986,2449 986,2421 899,2400 741,2418 538,2399 453,2423 180,2396"/>
                <Baseline points="189,2446 228,2446 267,2447 307,2447 346,2447 386,2447 425,2447 465,2447 504,2447 544,2447 583,2447 622,2447 662,2446 701,2446 741,2446 780,2446 820,2446 859,2446 899,2446 938,2446 978,2446"/>
                <TextEquiv>
                    <Unicode>ndersetzung des Zeitgeistes mit dem</Unicode>
                </TextEquiv>
            </TextLine>
            <TextLine id="r1l46" custom="readingOrder {index:45;}">
                <Coords points="1201,2492 2611,2497 2518,2445 1201,2471"/>
                <Baseline points="1211,2499 1280,2498 1350,2498 1419,2498 1489,2497 1559,2497 1628,2496 1698,2496 1767,2496 1837,2496 1907,2495 1976,2495 2046,2494 2115,2494 2185,2494 2255,2493 2324,2493 2394,2492 2463,2492 2533,2491 2603,2490"/>
                <TextEquiv>
                    <Unicode>nicht auf solch eine selbstverständliche Vorstellung vom Ausgang,</Unicode>
                </TextEquiv>
            </TextLine>
            <TextLine id="r1l47" custom="readingOrder {index:46;}">
                <Coords points="186,2522 692,2503 951,2524 989,2512 990,2470 187,2469"/>
                <Baseline points="196,2504 235,2505 274,2506 313,2506 352,2506 392,2506 431,2506 470,2507 509,2507 548,2506 588,2506 627,2507 666,2507 705,2507 744,2507 784,2508 823,2509 862,2509 901,2511 940,2512 980,2514"/>
                <TextEquiv>
                    <Unicode>ven Form so fortführte wie Lessing,</Unicode>
                </TextEquiv>
            </TextLine>
            <TextLine id="r1l48" custom="readingOrder {index:47;}">
                <Coords points="1218,2573 2414,2571 2608,2556 2620,2519 1218,2530"/>
                <Baseline points="1226,2558 1295,2557 1364,2556 1433,2555 1503,2555 1572,2554 1641,2554 1710,2553 1780,2553 1849,2553 1918,2553 1987,2553 2057,2553 2126,2553 2195,2553 2264,2553 2334,2552 2403,2552 2472,2552 2541,2551 2611,2551"/>
                <TextEquiv>
                    <Unicode>oder eine so törichte Vorstellung vom Ziel des künstlerischen</Unicode>
                </TextEquiv>
            </TextLine>
            <TextLine id="r1l49" custom="readingOrder {index:48;}">
                <Coords points="196,2569 306,2595 446,2563 710,2591 1000,2564 1000,2533 928,2519 350,2537 283,2511 196,2532"/>
                <Baseline points="204,2561 243,2563 282,2564 322,2565 361,2566 401,2567 440,2567 479,2567 519,2568 558,2568 598,2567 637,2567 676,2567 716,2566 755,2565 795,2565 834,2564 873,2564 913,2564 952,2563 992,2563"/>
                <TextEquiv>
                    <Unicode>Grillparzer und Hebbel sie begonnen</Unicode>
                </TextEquiv>
            </TextLine>
            <TextLine id="r1l50" custom="readingOrder {index:49;}">
                <Coords points="1211,2618 2614,2631 2536,2555 1211,2585"/>
                <Baseline points="1220,2615 1289,2615 1358,2615 1427,2615 1497,2615 1566,2614 1635,2614 1704,2613 1774,2613 1843,2612 1912,2611 1981,2611 2051,2610 2120,2609 2189,2608 2258,2608 2328,2607 2397,2606 2466,2606 2535,2606 2605,2605"/>
                <TextEquiv>
                    <Unicode>Formprozesses, bezieht man es vielmehr auf den Inhalt, auf das</Unicode>
                </TextEquiv>
            </TextLine>
            <TextLine id="r1l51" custom="readingOrder {index:50;}">
                <Coords points="184,2635 999,2621 999,2595 950,2576 184,2592"/>
                <Baseline points="192,2626 234,2625 276,2624 318,2624 360,2624 402,2624 444,2624 486,2624 528,2624 570,2625 612,2625 654,2625 696,2625 738,2625 780,2625 822,2625 864,2625 906,2624 948,2624 991,2622"/>
                <TextEquiv>
                    <Unicode>he Aufschwung nun, durch den sich</Unicode>
                </TextEquiv>
            </TextLine>
            <TextLine id="r1l52" custom="readingOrder {index:51;}">
                <Coords points="1216,2683 2620,2669 2619,2630 2432,2620 1215,2644"/>
                <Baseline points="1225,2674 1294,2674 1363,2674 1432,2674 1502,2674 1571,2674 1640,2673 1710,2673 1779,2672 1848,2672 1918,2671 1987,2670 2056,2670 2125,2669 2195,2668 2264,2668 2333,2667 2403,2667 2472,2666 2541,2666 2611,2666"/>
                <TextEquiv>
                    <Unicode>Weltgefühl, das in der neuen Kunst gestaltet werden soll, so ist</Unicode>
                </TextEquiv>
            </TextLine>
            <TextLine id="r1l53" custom="readingOrder {index:52;}">
                <Coords points="179,2693 993,2689 993,2645 884,2634 695,2657 384,2630 276,2655 179,2630"/>
                <Baseline points="189,2684 228,2683 268,2683 308,2683 347,2683 387,2683 427,2684 466,2684 506,2684 546,2684 586,2685 625,2685 665,2685 705,2685 744,2685 784,2685 824,2685 863,2684 903,2683 943,2683 983,2681"/>
                <TextEquiv>
                    <Unicode>rigen Jahrhunderts die Geister vom</Unicode>
                </TextEquiv>
            </TextLine>
            <TextLine id="r1l54" custom="readingOrder {index:53;}">
                <Coords points="1217,2747 2486,2750 2603,2737 2603,2695 1216,2707"/>
                <Baseline points="1225,2733 1293,2733 1362,2733 1430,2733 1499,2733 1567,2732 1636,2732 1704,2731 1773,2731 1841,2730 1910,2729 1978,2729 2047,2728 2115,2727 2184,2727 2252,2726 2321,2726 2389,2725 2458,2725 2526,2725 2595,2725"/>
                <TextEquiv>
                    <Unicode>es erst recht zweideutig. Denn das ganz intensive neue Fühlung¬</Unicode>
                </TextEquiv>
            </TextLine>
            <TextLine id="r1l55" custom="readingOrder {index:54;}">
                <Coords points="194,2749 981,2748 996,2702 194,2704"/>
                <Baseline points="202,2745 241,2744 280,2743 319,2742 359,2742 398,2742 437,2742 477,2742 516,2742 555,2743 595,2743 634,2744 673,2744 712,2744 752,2745 791,2745 830,2745 870,2744 909,2744 948,2743 988,2742"/>
                <TextEquiv>
                    <Unicode>er der naturwüchsigen, der höchst</Unicode>
                </TextEquiv>
            </TextLine>
            <TextLine id="r1l56" custom="readingOrder {index:55;}">
                <Coords points="1213,2806 2604,2795 2575,2739 2421,2733 1213,2759"/>
                <Baseline points="1223,2793 1291,2793 1360,2792 1428,2792 1497,2791 1566,2791 1634,2790 1703,2790 1771,2789 1840,2789 1909,2788 1977,2788 2046,2787 2114,2787 2183,2786 2252,2785 2320,2785 2389,2784 2457,2783 2526,2783 2595,2782"/>
                <TextEquiv>
                    <Unicode>nehmen mit der Natur, das freilich die gemeinsame, aber in¬</Unicode>
                </TextEquiv>
            </TextLine>
            <TextLine id="r1l57" custom="readingOrder {index:56;}">
                <Coords points="182,2835 344,2808 885,2818 993,2797 993,2765 949,2753 874,2773 755,2753 725,2776 645,2754 182,2758"/>
                <Baseline points="190,2802 229,2803 269,2803 309,2803 348,2803 388,2803 428,2803 467,2803 507,2803 547,2803 587,2802 626,2802 666,2802 706,2802 745,2802 785,2802 825,2802 864,2802 904,2802 944,2803 984,2803"/>
                <TextEquiv>
                    <Unicode>ndigen Kunst zuwandten, jener Auf¬</Unicode>
                </TextEquiv>
            </TextLine>
            <TextLine id="r1l58" custom="readingOrder {index:57;}">
                <Coords points="1214,2857 2553,2860 2616,2817 1214,2822"/>
                <Baseline points="1223,2848 1292,2849 1361,2850 1430,2850 1499,2850 1569,2850 1638,2850 1707,2850 1776,2849 1845,2849 1915,2848 1984,2847 2053,2846 2122,2845 2191,2844 2261,2843 2330,2842 2399,2842 2468,2841 2537,2841 2607,2840"/>
                <TextEquiv>
                    <Unicode>differente Voraussetzung bildet, kann für einen Lilieneron das</Unicode>
                </TextEquiv>
            </TextLine>
            <TextLine id="r1l59" custom="readingOrder {index:58;}">
                <Coords points="188,2870 990,2871 991,2821 188,2820"/>
                <Baseline points="196,2859 235,2859 274,2859 313,2859 353,2859 392,2859 431,2860 471,2860 510,2860 549,2860 589,2860 628,2861 667,2861 706,2861 746,2861 785,2861 824,2861 864,2861 903,2861 942,2861 982,2861"/>
                <TextEquiv>
                    <Unicode>t beendet und der deshalb den Beginn</Unicode>
                </TextEquiv>
            </TextLine>
            <TextLine id="r1l60" custom="readingOrder {index:59;}">
                <Coords points="1215,2918 2495,2922 2616,2883 1215,2885"/>
                <Baseline points="1223,2911 1292,2910 1361,2909 1430,2909 1499,2908 1569,2907 1638,2907 1707,2906 1776,2905 1845,2905 1915,2904 1984,2904 2053,2903 2122,2903 2191,2902 2261,2902 2330,2901 2399,2901 2468,2901 2537,2901 2607,2900"/>
                <TextEquiv>
                    <Unicode>Aufblühen aller aktiven, herrschenden, weltbezwingenden Instinkte</Unicode>
                </TextEquiv>
            </TextLine>
            <TextLine id="r1l61" custom="readingOrder {index:60;}">
                <Coords points="184,2929 955,2936 1000,2899 855,2861 727,2889 524,2867 183,2883"/>
                <Baseline points="193,2918 235,2920 277,2921 319,2923 361,2924 403,2924 445,2924 487,2924 529,2924 571,2924 613,2923 655,2923 697,2922 739,2922 781,2921 823,2921 865,2920 907,2920 949,2920 992,2921"/>
                <TextEquiv>
                    <Unicode>tet, er ist in den Literaturgeschichten</Unicode>
                </TextEquiv>
            </TextLine>
            <TextLine id="r1l62" custom="readingOrder {index:61;}">
                <Coords points="1220,2966 2605,2954 2534,2912 1219,2923"/>
                <Baseline points="1229,2968 1297,2967 1365,2967 1433,2966 1502,2966 1570,2965 1638,2965 1707,2965 1775,2964 1843,2964 1912,2964 1980,2964 2048,2963 2116,2963 2185,2962 2253,2962 2321,2961 2390,2960 2458,2959 2526,2958 2595,2957"/>
                <TextEquiv>
                    <Unicode>bedeuten — der Mensch als Naturkraft. Und für einen Dosto¬</Unicode>
                </TextEquiv>
            </TextLine>
            <TextLine id="r1l63" custom="readingOrder {index:62;}">
                <Coords points="221,2992 789,2991 869,2959 940,2987 983,2969 983,2939 483,2948 442,2929 221,2966"/>
                <Baseline points="229,2983 266,2982 303,2981 340,2981 378,2980 415,2980 452,2980 490,2979 527,2979 564,2979 602,2979 639,2979 676,2979 713,2979 751,2979 788,2978 825,2978 863,2977 900,2977 937,2975 975,2974"/>
                <TextEquiv>
                    <Unicode>„naturalistischen Revolution“ ver¬</Unicode>
                </TextEquiv>
            </TextLine>
            <TextLine id="r1l64" custom="readingOrder {index:63;}">
                <Coords points="1204,3031 2578,3043 2620,2997 1203,2991"/>
                <Baseline points="1213,3030 1282,3029 1352,3027 1422,3026 1492,3025 1562,3025 1632,3024 1702,3023 1772,3023 1842,3022 1912,3022 1981,3021 2051,3021 2121,3021 2191,3020 2261,3020 2331,3019 2401,3019 2471,3018 2541,3017 2611,3016"/>
                <TextEquiv>
                    <Unicode>jewsky bedeutet das naturalistische Weltgefühl die Aufnahme</Unicode>
                </TextEquiv>
            </TextLine>
            <TextLine id="r1l65" custom="readingOrder {index:64;}">
                <Coords points="1222,3089 2483,3099 2615,3080 2615,3045 1221,3050"/>
                <Baseline points="1230,3091 1298,3089 1367,3087 1436,3086 1505,3085 1574,3084 1643,3083 1711,3082 1780,3082 1849,3081 1918,3081 1987,3081 2056,3080 2125,3080 2193,3079 2262,3079 2331,3078 2400,3077 2469,3076 2538,3075 2607,3073"/>
                <TextEquiv>
                    <Unicode>des Menschen als durchaus passiven Naturteils, als eines kraft¬</Unicode>
                </TextEquiv>
            </TextLine>
            <TextLine id="r1l66" custom="readingOrder {index:65;}">
                <Coords points="180,3101 521,3116 818,3090 954,3110 994,3089 994,3050 837,3035 802,3065 592,3068 555,3045 304,3066 179,3011"/>
                <Baseline points="188,3094 227,3095 267,3097 307,3097 347,3098 387,3098 427,3098 467,3098 507,3098 547,3097 587,3097 626,3096 666,3095 706,3095 746,3094 786,3094 826,3094 866,3094 906,3094 946,3094 986,3094"/>
                <TextEquiv>
                    <Unicode>kturalismus, das vor einem Viertel¬</Unicode>
                </TextEquiv>
            </TextLine>
            <TextLine id="r1l67" custom="readingOrder {index:66;}">
                <Coords points="1209,3152 2594,3149 2621,3093 1208,3118"/>
                <Baseline points="1218,3149 1287,3147 1357,3146 1427,3144 1497,3143 1566,3142 1636,3142 1706,3141 1776,3140 1845,3140 1915,3140 1985,3139 2055,3139 2124,3139 2194,3138 2264,3138 2334,3137 2403,3137 2473,3136 2543,3135 2613,3134"/>
                <TextEquiv>
                    <Unicode>losen, von durchströmenden Außenkräften bald gesenkten, bald</Unicode>
                </TextEquiv>
            </TextLine>
            <TextLine id="r1l68" custom="readingOrder {index:67;}">
                <Coords points="196,3166 935,3169 995,3162 995,3109 196,3115"/>
                <Baseline points="205,3155 244,3155 283,3155 322,3155 361,3155 400,3156 439,3156 478,3156 517,3156 556,3156 595,3156 634,3157 673,3157 712,3157 751,3157 790,3157 829,3156 868,3156 907,3156 946,3156 986,3155"/>
                <TextEquiv>
                    <Unicode>ohltätige Bewegung setzte, ist wohl das</Unicode>
                </TextEquiv>
            </TextLine>
            <TextLine id="r1l69" custom="readingOrder {index:68;}">
                <Coords points="1217,3212 2616,3205 2487,3135 2432,3170 1216,3186"/>
                <Baseline points="1225,3207 1294,3206 1363,3204 1432,3203 1501,3202 1570,3201 1639,3200 1708,3199 1777,3198 1846,3198 1916,3197 1985,3197 2054,3196 2123,3196 2192,3196 2261,3196 2330,3196 2399,3196 2468,3196 2537,3196 2607,3197"/>
                <TextEquiv>
                    <Unicode>gehobenen Atoms. — Und dies zeigt schon, daß jene Kräfte,</Unicode>
                </TextEquiv>
            </TextLine>
            <TextLine id="r1l70" custom="readingOrder {index:69;}">
                <Coords points="200,3225 458,3243 761,3218 812,3237 976,3227 990,3188 907,3168 734,3193 682,3164 465,3187 199,3171"/>
                <Baseline points="209,3214 247,3216 286,3216 324,3217 363,3217 402,3217 440,3216 479,3216 517,3215 556,3215 595,3214 633,3213 672,3213 710,3212 749,3212 788,3212 826,3212 865,3212 903,3212 942,3213 981,3214"/>
                <TextEquiv>
                    <Unicode>edie Kunstgeschichte je ausgegeben</Unicode>
                </TextEquiv>
            </TextLine>
            <TextLine id="r1l71" custom="readingOrder {index:70;}">
                <Coords points="1220,3270 2619,3253 2489,3206 1220,3233"/>
                <Baseline points="1229,3266 1298,3265 1367,3265 1436,3264 1505,3263 1574,3262 1643,3261 1712,3260 1781,3259 1850,3258 1920,3257 1989,3256 2058,3255 2127,3254 2196,3254 2265,3253 2334,3253 2403,3253 2472,3253 2541,3254 2611,3255"/>
                <TextEquiv>
                    <Unicode>die der geistige Tumult der 80er Jahre in Bewegung setzte,</Unicode>
                </TextEquiv>
            </TextLine>
            <TextLine id="r1l72" custom="readingOrder {index:71;}">
                <Coords points="178,3275 830,3290 1000,3267 999,3244 753,3219 312,3248 178,3228"/>
                <Baseline points="187,3274 227,3275 267,3275 307,3275 347,3275 388,3276 428,3276 468,3276 508,3276 548,3276 589,3276 629,3276 669,3275 709,3275 749,3275 790,3275 830,3274 870,3274 910,3273 950,3272 991,3272"/>
                <TextEquiv>
                    <Unicode>Erneuerung des künstlerischen Lebens</Unicode>
                </TextEquiv>
            </TextLine>
            <TextLine id="r1l73" custom="readingOrder {index:72;}">
                <Coords points="1212,3331 2478,3332 2621,3276 1212,3300"/>
                <Baseline points="1221,3323 1290,3323 1360,3323 1429,3322 1499,3322 1569,3321 1638,3321 1708,3321 1777,3320 1847,3319 1917,3318 1986,3318 2056,3317 2125,3316 2195,3315 2265,3314 2334,3313 2404,3312 2473,3311 2543,3310 2613,3309"/>
                <TextEquiv>
                    <Unicode>tatsächlich ganz so mannigfach und verschiedenartig waren, wie</Unicode>
                </TextEquiv>
            </TextLine>
            <TextLine id="r1l74" custom="readingOrder {index:73;}">
                <Coords points="188,3351 931,3344 997,3328 997,3286 474,3304 404,3281 271,3305 187,3281"/>
                <Baseline points="196,3332 235,3332 275,3332 314,3333 354,3333 394,3333 433,3333 473,3333 513,3333 552,3333 592,3332 632,3332 671,3332 711,3331 751,3331 790,3330 830,3330 870,3329 909,3328 949,3327 989,3326"/>
                <TextEquiv>
                    <Unicode>denschaftlicher Naturergründung (und</Unicode>
                </TextEquiv>
            </TextLine>
            <TextLine id="r1l75" custom="readingOrder {index:74;}">
                <Coords points="1216,3380 2615,3373 2572,3328 2394,3323 1215,3359"/>
                <Baseline points="1225,3379 1294,3379 1363,3379 1432,3379 1501,3379 1570,3379 1639,3379 1708,3379 1777,3379 1846,3379 1915,3379 1984,3379 2053,3379 2122,3378 2191,3377 2260,3376 2329,3375 2398,3374 2467,3371 2536,3370 2605,3367"/>
                <TextEquiv>
                    <Unicode>dieser Begriff des Naturalismus vieldeutig. Sozialistischehrist¬</Unicode>
                </TextEquiv>
            </TextLine>
            <TextLine id="r1l76" custom="readingOrder {index:75;}">
                <Coords points="186,3408 1003,3396 1003,3350 631,3343 592,3363 508,3335 344,3371 186,3342"/>
                <Baseline points="196,3393 238,3393 280,3392 322,3392 364,3392 406,3392 448,3393 490,3393 532,3393 574,3394 616,3394 658,3394 700,3394 742,3394 784,3394 826,3393 868,3393 910,3392 952,3391 995,3389"/>
                <TextEquiv>
                    <Unicode>n dem die Brüder Hart, die ersten</Unicode>
                </TextEquiv>
            </TextLine>
            <TextLine id="r1l77" custom="readingOrder {index:76;}">
                <Coords points="1223,3451 2622,3428 2504,3378 1223,3394"/>
                <Baseline points="1231,3440 1300,3440 1369,3440 1438,3440 1507,3440 1576,3440 1645,3440 1714,3440 1783,3439 1852,3439 1922,3439 1991,3438 2060,3438 2129,3437 2198,3436 2267,3435 2336,3434 2405,3433 2474,3431 2543,3430 2613,3428"/>
                <TextEquiv>
                    <Unicode>liche Ideen von Marx und von Tolstoi her und individualistisch¬</Unicode>
                </TextEquiv>
            </TextLine>
            <TextLine id="r1l78" custom="readingOrder {index:77;}">
                <Coords points="183,3456 257,3475 1000,3456 979,3402 816,3422 701,3396 638,3419 183,3407"/>
                <Baseline points="193,3449 232,3450 272,3450 312,3451 352,3452 392,3452 432,3453 472,3453 512,3453 552,3453 592,3453 631,3453 671,3453 711,3452 751,3451 791,3451 831,3450 871,3448 911,3447 951,3446 991,3444"/>
                <TextEquiv>
                    <Unicode>Eeit, zu den Waffen riefen), so war</Unicode>
                </TextEquiv>
            </TextLine>
            <TextLine id="r1l79" custom="readingOrder {index:78;}">
                <Coords points="1224,3517 2621,3483 2596,3443 1223,3458"/>
                <Baseline points="1233,3497 1301,3498 1370,3499 1439,3499 1508,3500 1577,3500 1646,3499 1715,3499 1784,3498 1853,3498 1922,3497 1990,3496 2059,3495 2128,3494 2197,3493 2266,3492 2335,3491 2404,3491 2473,3490 2542,3490 2611,3489"/>
                <TextEquiv>
                    <Unicode>heidnische von Nietzsche und vom Darwinismus her wirkten fast</Unicode>
                </TextEquiv>
            </TextLine>
            <TextLine id="r1l80" custom="readingOrder {index:79;}">
                <Coords points="201,3524 986,3522 1007,3484 886,3457 825,3482 793,3460 645,3481 606,3458 536,3480 457,3460 200,3476"/>
                <Baseline points="210,3508 249,3509 288,3511 328,3512 367,3512 407,3513 446,3513 486,3513 525,3513 565,3512 604,3511 643,3511 683,3510 722,3509 762,3508 801,3507 841,3506 880,3506 920,3504 959,3504 999,3503"/>
                <TextEquiv>
                    <Unicode>die nichts Originelles sagt, aber doch</Unicode>
                </TextEquiv>
            </TextLine>
            <TextLine id="r1l81" custom="readingOrder {index:80;}">
                <Coords points="1218,3571 2629,3557 2584,3495 1217,3522"/>
                <Baseline points="1227,3563 1296,3563 1366,3562 1435,3562 1505,3561 1575,3561 1644,3560 1714,3559 1783,3558 1853,3557 1923,3557 1992,3555 2062,3555 2131,3553 2201,3552 2271,3551 2340,3550 2410,3549 2479,3548 2549,3546 2619,3545"/>
                <TextEquiv>
                    <Unicode>gleichzeitig und fast gleich stark damals auf die Gemüter. Und</Unicode>
                </TextEquiv>
            </TextLine>
            <TextLine id="r1l82" custom="readingOrder {index:81;}">
                <Coords points="197,3583 262,3601 314,3576 395,3603 494,3575 589,3595 758,3577 837,3600 1011,3549 948,3520 768,3512 740,3532 574,3515 504,3542 383,3517 196,3532"/>
                <Baseline points="205,3568 244,3571 284,3573 324,3574 364,3575 404,3576 444,3576 484,3575 524,3575 564,3574 604,3573 643,3572 683,3570 723,3569 763,3568 803,3567 843,3566 883,3565 923,3565 963,3565 1003,3565"/>
                <TextEquiv>
                    <Unicode>en kündet, die von Zeit zu Zeit immer</Unicode>
                </TextEquiv>
            </TextLine>
            <TextEquiv>
                <Unicode>box 36/5
t
Panphle offprints
121
120
wieder von leidenschaftlichen Menschen neu erlebt und ins Be¬
ruber, der aber zufolge eines ganz
wußtsein der Mitlebenden zurückgerufen werden müssen. Be¬
glücklichen Schicksals auf Wegen
deutet es (und das war der Sinn, den alsbald Arno Holz und
bstlerischen Entwicklung des übrigen
eine Berliner Literatenschule dem Schlagwort gaben) die Vorstellung
ßt waren und sie deshalb auch nicht
von der Kunst, deren einziges und höchstes Prinzip es ist, wieder
esem, ganz und gar materiellen In¬
Natur und nichts als Natur zu werden, so deckt es einen der
ward die Kunst überhaupt zu einem
groteskesten Irrtümer des ästhetischen Empfindens; sintemal Kunst
i dem man sich von dem „Ernst des
ja nie etwas anderes als die Umsetzung der natürlichen in eine
hte. Und speziell auf der Bühne
vom Geist stilisierte Welt ist, und schon Goethe über diesen
unserer großen Dramatiker Kostüm¬
„Naturalismus“ sehr erschöpfend bemerkt hat: was ich denn vom
ten Schillers und Goethes in irgend¬
Bilde des Hundes Bello hätte, wenn es mir nichts gäbe, als
aufzutreten und irgendwelche Vari¬
eben noch einen Bello. Dramatische Versuche in diesem Natu¬
enVerse aufzusagen hatten. Oder
ralismus sind übrigens von dem fanatisch-bornierten Rationalisten
der Franzosen, aber ohne die soziale
Holz und seinem impressionistisch gearteten Genossen Schlaf im
Dinge im Lande ihrer Entstehung
Stil von Phonogrammen tatsächlich gemacht worden. Der Ent¬
schließender Diskussion für irgend¬
wieklungswert dieser Stiltendenz war aber sehr gering, wenn
IIschaftsmoral geliefert. In diesem
auch Hauptmanns Kunst aus dieser Detailpsychologie einige An¬
land keine dramatische Dichtung —
regungen gewann. Holz endete beim skrupellos robusten Theater¬
lem eine Leidenschaft der Weltbe¬
stück, Schlaf bei der völlig entkräfteten afterdramatischen Nerven¬
Menschengestaltung zum Ziele strebte,
sinfonie. — Bezicht man aber das Schlagwort vom Naturalismus
ndersetzung des Zeitgeistes mit dem
nicht auf solch eine selbstverständliche Vorstellung vom Ausgang,
ven Form so fortführte wie Lessing,
oder eine so törichte Vorstellung vom Ziel des künstlerischen
Grillparzer und Hebbel sie begonnen
Formprozesses, bezieht man es vielmehr auf den Inhalt, auf das
he Aufschwung nun, durch den sich
Weltgefühl, das in der neuen Kunst gestaltet werden soll, so ist
rigen Jahrhunderts die Geister vom
es erst recht zweideutig. Denn das ganz intensive neue Fühlung¬
er der naturwüchsigen, der höchst
nehmen mit der Natur, das freilich die gemeinsame, aber in¬
ndigen Kunst zuwandten, jener Auf¬
differente Voraussetzung bildet, kann für einen Lilieneron das
t beendet und der deshalb den Beginn
Aufblühen aller aktiven, herrschenden, weltbezwingenden Instinkte
tet, er ist in den Literaturgeschichten
bedeuten — der Mensch als Naturkraft. Und für einen Dosto¬
„naturalistischen Revolution“ ver¬
jewsky bedeutet das naturalistische Weltgefühl die Aufnahme
des Menschen als durchaus passiven Naturteils, als eines kraft¬
kturalismus, das vor einem Viertel¬
losen, von durchströmenden Außenkräften bald gesenkten, bald
ohltätige Bewegung setzte, ist wohl das
gehobenen Atoms. — Und dies zeigt schon, daß jene Kräfte,
edie Kunstgeschichte je ausgegeben
die der geistige Tumult der 80er Jahre in Bewegung setzte,
Erneuerung des künstlerischen Lebens
tatsächlich ganz so mannigfach und verschiedenartig waren, wie
denschaftlicher Naturergründung (und
dieser Begriff des Naturalismus vieldeutig. Sozialistischehrist¬
n dem die Brüder Hart, die ersten
liche Ideen von Marx und von Tolstoi her und individualistisch¬
Eeit, zu den Waffen riefen), so war
heidnische von Nietzsche und vom Darwinismus her wirkten fast
die nichts Originelles sagt, aber doch
gleichzeitig und fast gleich stark damals auf die Gemüter. Und
en kündet, die von Zeit zu Zeit immer</Unicode>
            </TextEquiv>
        </TextRegion>
    </Page>
</PcGts>
