3296 4224
1978 62 2307 145 ——
1486 116 1936 237 box 36/4
135 114 1331 248 1. Pamphiets offorints
994 834 2562 923 Er hat aber in sich Dinge, die zur Ernährung in dieser Gegenwart und
938 886 2578 976 mancher künftigen . .. fast unersetzbar sind. Sie werden es eine nicht kurze Frist
948 965 2076 1037 bleiben. Denn Shaw ist: das Lachen von Karl Marx.
995 1011 2561 1088 Gern hätt ich ihn von Angesicht gesehen. Ich schickte vom platten Land,
938 1097 2557 1159 Sommers, in Suffolk ein Telegramm nach London; doch er war in der Schweiz.
998 1141 2562 1204 Ich sah nachher sein Haus. Die Fenster gehn auf die Themse. Drüben
942 1207 2563 1268 steht ein Schornstein mit „Liptons Tee“. Drollig; gegenüber vom Fenster
940 1284 2577 1346 ist ein Schild mit dem Namen: Kerr. Darunter: limelight works. Ich
951 1338 1843 1407 wählte mir anspruchslos die vorletzte Silbe.
1001 1380 2571 1458 Hieran dacht ich, auf der Fanny sitzend, indem ich noch einmal zu allen vieren
944 1459 1431 1532 „imschi!!“ murmelte.
992 1502 2568 1589 Zugleich sah ich zurück, vor den zwei kämpfenden Familien der Insel glitt aus
934 1569 2562 1642 meinem Sommer etliches vorbei. Was? Es war Bobby. Von Aberdeen. Ein
948 1633 2570 1706 Menschenhund. Oder ein Mensch? Großer Kopf, schwarz, langes schwarzes
943 1700 2562 1769 Haar, großbeseelte schwermütig dunkle Augen unter Strähnen, kurze starke Beine.
948 1758 2567 1823 Aber ein ganz großer viereckiger Kopf. Wie ein tief nachdenksamer Rentier; nach
945 1813 2570 1893 Erkenntnis blickend, mit gefestigtem Takt und schwermütiger Zutraulichkeit. Bei¬
951 1886 2576 1953 nah so menschenhaft wie ein Seehund; Seehunde sind neben den Rassen der
957 1949 2566 2016 Semiten und Indogermanen eine besondere. Ich gedenke meines Seehunds
948 2009 2577 2079 Naemi, den ich aus der Nordsee lebend zu mir in den Grunewald nahm; wo er
942 2074 2571 2131 auf meinem Balkon lebee, mir wie ein Kind nachlief; heulmanzte, man solle sich
952 2149 2575 2204 mit ihm beschäftigen; bis ihm ein Tierarzt in die rechte Flanke Strychnin
950 2179 2576 2265 sandte. Diesem Vieh, das seelisch bedeutender war, als die meisten Schrift¬
957 2239 2580 2325 steller sind, kam Bobby von Aberdeen fast nahe. Richt so gern hate' ich
957 2317 2568 2386 Billy=Billy=Billy; weiß, kurzhaarig, alltäglich; nur am Strand auf den ge¬
951 2357 2572 2446 häuften Steinen, wenn das Grünweiße herandonnert, ist Billy=Billy=Billy
953 2425 2573 2498 wichtig, hervortretend, knabenhaft: er weine, man möge ihn doch etwas zu
949 2494 2578 2563 Werfendes holen lassen; er quält, bis man etwas hinflitzen läßt; er frißt hernach
954 2538 2577 2626 daran mit weitem Mund, wenn es auch ein Stein ist. Billy=Billy=Billy, gib
957 2637 2580 2700 ihn heraus. Nicht. So. Come here, good dog. Er liebt seine Kind=Herrin;
945 2670 2593 2736 mit ihrem weißblonden Haar, ihrem braungebrannten Gesicht. Doch ernster
186 2684 395 2763 Deutsch¬
959 2741 1581 2814 ist Bob. Dear, dear Bobby.
177 2751 418 2817 1 und eine
1007 2783 2581 2863 Jeden Mittag um Zwölf on the beach schwimmen und stoßgleiten an der
155 2808 423 2893 eie. Wegen
955 2846 2580 2933 Meerlänge dieser Dorfschaft ein Dutzend Menschen, zerstreut, Mädelgestalten
187 2871 410 2950 Spießigen.
958 2934 2581 2995 kauchen wie Robben, Fischottern. Sommersonne blitzt auf hohe verlassene Wellen
155 2931 418 3014 uferin. Der
951 2993 2578 3047 und über ein glückliches Land mit Efeu um graue, breittürmige Kirchen, mit
150 2991 417 3069 rtum Lloyd
956 3035 2582 3103 Hecken, blühenden Wassern, Entenjägern, Kühen, alten Bäumen mit niedrig
161 3051 422 3136 Deutschland
960 3106 2591 3170 alten Häuselchen, Holzpuppen von einem früheren Schiffsrumpf davor, mit
155 3116 414 3195 gekommen.
948 3170 2583 3239 kurzem Rasen, mit Moorland, mit Ginster, mit Heidekraut, mit einem Fluß
152 3180 421 3273 ht, hier ge¬
951 3227 2594 3301 in der Tiefe, silbrig, an dicken Stämmen, mit Pachthöfen — mit dieser Küste
2252 3323 2419 3423 1777
