3296 4224
2043 161 2471 252 —
1432 228 1942 336 box 36/4
144 240 1335 356 1. Pamphlets Offorints
756 906 2347 992 Dieser Sattler äußert, nicht unsymmetrisch: „Das Große zu hassen ist
717 976 2354 1046 mir nun einmal nicht gegeben (auch wenn ich verspüre, daß es mich vernichten
717 1035 2356 1109 kann). Und die Kleinen zu lieben, will mir nicht gelingen (auch wenn mein
717 1094 1953 1160 Geschick mit dem ihren verbunden ist)“. So jener Sactler.
768 1144 2351 1224 Dann spüllt ein Akt auf einem Friedhof, „darüber blaßblauer Himmel mit
721 1224 1536 1305 weißen Wolken“. Es ist vom Arthur.
764 1296 2348 1358 Zuerst blickt man immer befremdet auf den Umschlag mit dem treuherzigen
728 1328 2354 1421 Geschütz und denkt: er wird doch nicht zur Gegenpartei hinübergedichtet
721 1404 2342 1491 haben? Aber darauf sagt man sich, sobald Eschenbacher, der Onkel des Helden,
719 1456 2354 1530 angefangen hat: Ah, nein, Schnitzler sorgt schon dafür, daß keine schlampeten
719 1540 2362 1619 Irrlehren aufkommen; er stehr auf der linken Seite; er dichtet empfindungsvoll,
722 1584 1693 1674 aber radikal, — und es ist ein Verlaß auf ihn.
772 1622 2357 1705 Ein Student äußert, der Begeisterungslärm im Krieg sei „verschlagene
726 1711 2357 1776 Angst“; ehrlich wie der arme Mann im Tockenburg bei Roßbach; wie die Szene
731 1763 2351 1840 der homburgischen Todesfurcht, um deretwillen Kleist so angesehen bei der israe¬
732 1849 2361 1909 litischen Bevölkerung dasteht — denkt man. Und alles dies nur ein Teilchen
725 1886 2364 1981 der Luftwitterung. Man sieht ein Vulksstück . .. doch mit Aufsässigkeit in der
731 1940 2359 2041 Lehre. Die Lehr' ist kurz — das Vulksstück lang. Bisweilen erinnert man sich
723 2003 2356 2079 des Egmont; der Wirren in der Education sentimentale. Nun kann man im
730 2064 2357 2142 Präzisen, Schlagenden Ewigkeitswirkungen haben, doch ich finde sie hier nicht.
735 2136 2358 2210 Vielleicht unmöglich sie zu finden, wenn einer die wirkliche Bevölkerung der
727 2209 1219 2277 Stadt Wien darstellt.
783 2233 2356 2326 Aber an die Grenze dieser Dinge kommt manches. Wenn über Medardus
741 2308 2362 2392 im Glück ein Schimmer weht von der Gleichgültigkeit gegen jegliches Schicksal
740 2374 2369 2453 anderer... Wenn durch alles Unglück ein Schimmer weht, wie wunderbar es
740 2429 2366 2517 ist zu armen. .. Wenn etwas dämmert, als ob's bisweilen gar nicht auf gutes
745 2490 2370 2590 oder schlechtes Geschick ankomme (links und rechts werden Menschen gemähr,
742 2576 2373 2649 Freunde, Wackre, auch liebstille Gestalten, Unschuldige) — sondern darauf, daß
743 2612 2381 2709 dieser ganze Betrieb da ist. Daß man den Zauber mitmachen darf. Auch mit
740 2688 1818 2765 dem Enrreebillett zur Qual, möcht' ich sprechen ...
802 2748 2356 2836 Dergleichen erahnte Züge scheinen mir wertvoller als anekdotische. Ein anek¬
743 2815 2368 2888 dotischer ist in dem uralten Herrn, dessen Mutter vor neunzig Jahren starb,
741 2857 2358 2954 dessen Vater vor siebzig, — so daß man der burgraves von Viktor Hugo ge¬
739 2921 2377 3013 denkt, wo gar ein Hunderkzwanzigjähriger zu einem Neunzigjährigen sage:
744 2983 2377 3065 „Taisez-vous, jeune homme!“ Darüber hinaus etliches farbgekönt; lecker in der
744 3057 2373 3137 Mischung; Helene von Valois kaltheroisch, zweckvoll, . . . und doch mit der
748 3100 2378 3197 Sehnsucht, es, es, es zu kun. Hart hierbei Romantisch=Literarisches im Verhält¬
737 3170 2376 3243 nis zu dem Wiener Bürgersohn, den sie erwas haßliebt, nachdem er (seinerseits)
743 3239 2370 3318 am Grabe der Schwester, nicht ohne gedruckten Anstand, sich gegen sie feind¬
743 3308 1514 3394 selig=feurig, doch nobel geäußert...
2050 3398 2219 3495 1773
