3296 4224
2047 146 2296 226 —
1504 205 1958 306 box 36/4
277 210 1461 331 Pamphlets offorints
909 942 2494 1053 Der Mensch in der Mitte, Medardus, wirkt in holder Jugend wie ein Herr
860 1038 2489 1115 von Hamlek'l. Er tut seine Tat nicht. Er will die Schwester am Hause Valois
868 1113 2495 1174 rächen: und wird der Sklav einer Valois. Er will Vater und Onkel an Bona¬
869 1154 2507 1237 parte rächen: und schützt Bonapartes Haupt. Zur Buße besteht er auf seiner
861 1225 1297 1310 eignen Hinrichtung.
916 1270 2499 1366 Für dies Weibsbild ist Liebe vorübergehender Zweck, für dies Mannsbild ist
860 1358 2493 1421 sie der Inhalt des Lebens. (Sonst meistens umgekehrt.) Eine Sprechweise
868 1401 2500 1476 manchmal aus dem achtzehnten Jahrhundert; aber nicht wie die Menschen
878 1455 2505 1540 sprachen, sondern wie die Menschen schrieben. (Die Sprechrede, scheint mir,
875 1521 2494 1591 war damals von der Schrift ferner als heut, im Zeitungsalter.) Alles umständ¬
877 1588 2499 1671 lich. Ist es ein Jugendroman von Schnitzler, überarbeitet? Manchmal ist es
877 1659 2504 1717 eine jungitalienische Oper. Manchmal von Nieritz: ein Schandbube bekommt
880 1707 2498 1788 was mit der Hundspeitsche von den braven Leuten, der alte Gott lebt noch,
875 1767 2511 1838 das geschieht ihm ganz recht, dem gemeinen Kerl, dem. Ist es wirklich vom
879 1843 1090 1923 Arthur?
932 1912 2515 1978 Sehr gut Geköntes. Doch zu reichliche Umstände. Die Lehr' ist kurz, das
876 1958 1239 2045 Vulksstück lang.
1617 2006 1733 2093 III.
875 2070 2503 2154 Kch gab den Medardus frei. Er war ausgesogen ... Ich ließ ein
887 2134 2500 2215 ∆ andres sachte, sachte hervor, setzte mich drauf, es war das weite Land,
885 2214 2504 2289 ganz fest. Kein Punkt zum Packen. Alles vollzieht sich plan. Zivilisierung.
886 2276 2509 2336 (Am Anfang und am Ende Schießereien; man sieht sie bloß nicht.) Es
885 2310 2505 2395 scheint ein Gesellschaftsstück zu sein . . . und ist in mancher Hinsicht gleich¬
879 2377 2518 2455 wohl ein Menschenstück. So geweitet sind unsre Seelen. Soviel umfassen
881 2444 2519 2514 sie dicht nebeneinander von Dem, was nach alter Mathematik unvereinbar
892 2520 1066 2595 däucht.
943 2569 2518 2657 In dieser Art. Die Hüllen fallen. Sind vier Jahrrausende sittlichen
887 2628 2516 2709 Turnens umsonst gewesen? Haben sie keinen Erfolg erziele? Oder heißt der
890 2696 2513 2766 Erfolg: daß man nicht kurnen soll? Daß man zur Zeit Shakespeares und
890 2746 2510 2822 Elisabechs zwar die Gabel nicht kannte: daß aber Spargel heut mit der Hand
882 2818 2517 2882 gegessen, etwas andres bedeutet, als es dazumal gewesen wäre . .. (denkt man).
891 2886 2516 2951 Oder daß es nicht mehr die Urwildnis gibe, jedoch nach allerhand staatlichen
895 2942 2514 3004 Ordnungen, Zäunungen, Bosketten wieder ein Stück Rousseau, . .. welches
883 3013 2516 3071 nicht dasselbe wie die Urwildheit ist (denkt man). Die Wiener, am Ende:
903 3056 2515 3124 die Menschen, bei Schnitzler, leben keinesfalls roh, sondern sie fangen an, ge¬
895 3125 2522 3196 wisse Leckerbissen wieder ungekocht zu schlucken ... (denkt man). Wölfe, die
887 3186 2520 3283 jahrtausendelang den Maulkorb getragen, die dürfen, Hunde geworden, schon
890 3248 2531 3318 ohne solchen . .. selbst einmal zuschnappen. Noch verhehlen sie, daß dieser
896 3304 2536 3368 Draht oder dies Leder nur so aussieht, als ob sie nicht zuschnappen könnten ...
898 3369 1165 3456 denkt man.
1085 3483 1246 3577 1774
