3296 4224
1930 82 2365 174 ——
1496 143 1939 249 box 36/4
147 149 1372 278 1. Pamphlets offorints
686 807 2269 890 Eulenberg ist ein Heimatskünstler für dies Land. Für seinen Westen und
635 856 819 946 Süden.
691 915 2257 985 Mitten in der Welt steht ein Welt=Fremder. Ein Geld=Fremder. Was
618 989 2249 1042 liegt am Geld? Er ist ein Schöpfer des Zerrinnenden; ein schuldloser Träumerich.
623 1048 2256 1115 Besser dran ist (und Tieferes kennt) wer auch Münzen kapert, mag es nur für
1801 1110 2255 1186 scheint mir, aber nur
636 1110 1794 1185 ein Jahrzehnt sein. Das Gestalten statt des Träumens,
631 1170 1799 1256 manchmal, ist Menschendienst und eine Verringerung,
1798 1170 2250 1254 ein Herausschneiden,
635 1232 2256 1282 ein zerstückelndes, zweckhaftes Morden der Urgebilde. Vincenz ist nicht ge¬
632 1303 2270 1371 stalterisch ... Man sieht keine wunderbaren Wolken, sondern eine dünnere
631 1357 921 1428 Nebelmenge.
685 1413 2263 1472 Mit alledem webt Herrliches dort herum (aus dem sich ein Hinzukommender
623 1476 2248 1539 Gebilde bauen mag). Eulenberg baut nicht: er hraut nur. Das goldig¬
633 1544 2258 1618 unbeschränkte Kind erhält im beschränkten Getriebe nur dann einen Werk (einen
630 1599 2245 1693 Nutzen für die Andren) wenn seine Seifenblasen wirklich geblasener Seifen¬
635 1664 2258 1733 schaum und nicht bloß innerlich geblasen sind. Dort kann man sie auch nicht
636 1726 2255 1790 konkrollieren. Quod non est in actis, non est in mundo. Was nicht in den
633 1782 2254 1837 Akten ist, ist überhaupt nicht — so dumm und so klug fordern wir die Er¬
637 1841 2266 1926 scheinung der Dinge. Wenn schon kräumen: dann Kunst träumen. Erschaffend
633 1908 943 1978 im Träumen.
683 1950 2256 2039 Auch diese Tragik bleibt ein Gegenstand für Dichter. Gewiß. Eulenberg sog
636 2029 2265 2081 Schönheiten daraus, doch er versprengt sie. (Als ob er, wie der Held, bald
637 2099 2262 2166 nur ein Für=sich=Empfinder wäre; bald einen Versuch wagte vor den andren
633 2149 2261 2208 in festgesetzter Stunde zu träumen.) Dies wurde sein Schicksal. Dies blieb
630 2223 2263 2286 sein Schicksal. Er will kein Vollender sein — oder hat es noch nicht werden
630 2280 2253 2349 können. Wenn von rings gepflanzten Türmen seiner guten Glocken manche
629 2337 2256 2402 scholl: Eulenbergs Stunde hat nicht geschlagen. Wann schlägt sie? Ge¬
642 2393 2255 2476 sammelt sein ist alles — rief ich und nahm auf der Lustspieldichterin Fanny
634 2455 2261 2521 Platz, deren erstes Werk Bernard Sham mitteilt. Ihre Wäsche schien zu
636 2517 827 2591 knacken.
1403 2578 1489 2649 V.
661 2629 2246 2722 (Das Stück ist von ulkiger Symmetrie. In England bekreischt, in Deutsch¬
642 2706 2257 2775 — land berümpft. Neues Geschlecht auf der Insel, ein Sohn und eine
627 2776 2262 2837 Tochter, voller Gebrechen und Komik, doch mit einem Blick ins Freie. Wegen
636 2820 2257 2882 Trunksucht und Prügelns kommen beide zu sitzen. Umwälzungen im Spießigen.
634 2899 2253 2954 Eine Doppelmißheirat. Dem Sohn des Hauses eine Straßenläuferin. Der
635 2942 2267 3000 Tochter des Hauses ein Lakai, doch adligen Geblüts. Das Bürgertum Lloyd
633 3000 2258 3055 Georges hört auf, Shaw zu hassen — im selben Augenblick wo Deutschland
636 3069 2249 3142 fast aufhört, ihn zu hören. Es irren beide. Noch ist die Zeit nicht gekommen.
636 3124 2269 3208 Bloß der Unterschied zweier Länder wird klar. Dort verschmäht, hier ge¬
635 3185 1399 3275 gessen. Dort gegessen, hier verdaut.
811 3293 984 3385 1776
2841 782 3299 885 Er hat aber in sich
2789 860 3303 941 mancher künftigen ... fa
2784 923 3293 1009 bleiben. Denn Shaw ist
2841 987 3306 1062 Gern hätt ich ihn v
2795 1036 3303 1123 Sommers, in Suffolk ei
2833 1105 3293 1188 Ich sah nachher sein
2792 1158 3298 1243 steht ein Schornstein m
2792 1226 3294 1320 ist ein Schild mit dem
2791 1289 3305 1369 wählte mir anspruchslos
2846 1350 3304 1446 Hierat dacht ich, auf
2792 1413 3264 1489 „imschi!!“ murmelte.
2847 1469 3299 1557 Zugleich sah ich zurück
2791 1530 3297 1618 meinem Sommer etliche
2795 1594 3303 1677 Menschenhund. Oder ei
2795 1655 3304 1743 Haar, großbeseelte schwer
2788 1704 3304 1798 Aber ein ganz großer vier
2797 1777 3293 1857 Erkenntnis blickend, mit
2791 1839 3297 1923 nah so menschenhaft wie
2788 1902 3304 1983 Semiten und Indogern
2789 1959 3303 2030 Naemi, den ich aus der
2782 2031 3302 2103 auf meinem Balkon lebte
2785 2083 3279 2172 mit ihm beschäftigen;
2798 2139 3304 2215 sandte. Diesem Vieh,
2792 2207 3297 2283 steller sind, kam Bobbi
2784 2267 3304 2350 Billy=Billy=Billy; weiß
2795 2326 3304 2411 häuften Steinen, wenn
2785 2391 3283 2470 wichtig, hervortretend,
2797 2449 3297 2529 Werfendes holen lassen;
2791 2511 3303 2589 daran mit weitem Munk
2797 2567 3295 2656 ihn heraus. Richt. So
2798 2636 3302 2714 mit ihrem weißblonden
2798 2693 3304 2774 ist Bob. Dear, dear Bo
2843 2754 3305 2837 Jeden Mittag um Z
2800 2807 3305 2893 Meerlänge dieser Dorfsc
2787 2875 3304 2958 kauchen wie Robben, Fisc
2789 2935 3294 3007 und über ein glückliches
2800 3000 3293 3079 Hecken, blühenden Wass
2792 3057 3305 3139 alten Häuselchen, Holz
2798 3115 3304 3204 kurzem Rasen, mit Mo
2805 3179 3303 3271 in der Tiefe, silbrig, an
