3436 4384
269 277 896 375 11. Reigen
951 276 1400 354 box 1972
1821 310 2657 415 „OBSERVER
1921 401 2607 462 I. österr. behördl. konzessioniertes
1884 446 2637 513 Unternehmen für Zeitungs-Ausschnitte
1960 499 2564 569 WIEN, I., WOLLZEILE 11
2025 572 2491 623 TELEPHON R=23-0-43
1818 692 2198 754 Ausschnitt aus:
1910 835 2497 911 N• DE DEBI e Seessegesereegerer eresee
2394 915 2462 964 —
2096 925 2669 1014 LA ADERTE
1713 952 1964 1022 Extrail de:
2064 1010 2702 1091 RUE REAUMUR, 122, FF
1718 1054 1928 1111 Adresse:
1717 1143 1850 1209 Date:
2112 1127 2751 1228 30 SEPTEMBIE IOCE
1715 1241 2684 1305 Siqnalure aResReee geneunennsssessssensseenerehssssensannassaassenaner meeeeemenee
1714 1343 2048 1414 Emposition:#
1950 1494 2691 1586 2e0 Gcherales
1957 1613 2709 1674 AU THEATRE DE LAVENUE: La
1988 1658 2695 1726 Ronde, pièce en dix tableaux
1988 1709 2698 1778 d’Arthur Schnitzler, traduite
1987 1760 2708 1827 par Suzanne-efauser, M. Rémon
1998 1815 2370 1884 et W. Bauer.
1984 1850 2709 1932 L’auteur viennois, dans cette piece
1950 1906 2708 1968 déjà vieille d’un demi-siécle, semble.
1954 1935 2704 1991 avoir pris le contrepied du couplet de
1962 1976 2693 2029 Perdican. & Tous ies hommes sont men¬
1971 2010 2701 2054 teurs, inconstants, faux.., toutes les
1965 2047 2691 2085 femmes sont perfides, artificleuses.,
1957 2078 2699 2134 mais, il y a au monde une chose sainte
1970 2114 2695 2160 et sublime, c’est l’union de deux de ces
1957 2146 2655 2203 etres si imparfaits et si affreux., #
1985 2187 2714 2231 La chose g sainte et sublime 9, l’union
1963 2218 2703 2267 des deux étres, l’amour, vollà précisé¬
1961 2257 2703 2307 ment sur quoi s’acharne Schnitzler. II
1968 2290 2697 2333 est vrai qulil ne considère que l’amour
1962 2322 2702 2378 physique; le brusque passage du désir
1960 2346 2703 2409 à la satiété... Sa série de sketches nous
1971 2394 2701 2446 montre que, du haut en bas de la so¬
1967 2429 2697 2476 ciété, le mäle repu est non pas seule¬
1972 2461 2706 2503 ment mélancolique, comme le proclame
1964 2492 2707 2544 un illustre adage latin, mais mufle et
1967 2534 2492 2579 goujat, abominablement I..
1998 2566 2705 2621 Entre la fille et le soldat, — qu'on a
1964 2613 2668 2655 remplacé, à l’Avenue, par un matelot, —
1961 2646 2699 2690 les choses vont vite; et l’homme, après
1961 2680 2691 2736 une étreinte rapide, s’enfuit, sans un
1957 2710 2686 2753 merci., Le g jeune homme , n’est pas
1957 2747 2685 2789 beaucoup plus courtois envers la femme
1962 2780 2695 2821 de chambre complaisante... Mais peu à
1961 2816 2696 2863 peu, la comédie amoureuse se compli¬
1951 2844 2710 2891 que, car les intelligences s’affinent, si
1953 2881 2575 2934 les instincts restent primaires..
2625 2918 2706 2967 les
1986 2920 2550 2973 Le méme jeune homme,
1959 2954 2698 3006 sketches de la Ronde s’enchainent l’un
1961 3000 2691 3036 à l’autre par l’un de leurs personnages,
1953 3030 2693 3068 alternativement l’homme et la femme,
1981 3067 2694 3101 — est obligé de déployer plus d’art,
1967 3086 2704 3141 pour conquerir la femme du monde; au
1961 3127 2706 3171 point que l’art affaiblit l’instinct et le
1959 3164 2702 3217 fait, un instant, défaillir.,, La femme in¬
1971 3199 2698 3239 fidele ruse savamment, à son tour, avec
1961 3237 2693 3276 le marl... Le mari joue au virtuose avec
1969 3263 2707 3302 la midinette, la midinette heurte son
1970 3297 2705 3347 ame simple aux raffinements préten¬
1968 3332 2710 3386 tieux de Ihomme de lettres; lequel
1971 3367 2709 3421 trouve une actrice plus cabotine et plus
1966 3401 2264 3451 forte que lui.
1993 3434 2704 3486 Enfin, la ronde revient à son point de
1969 3479 2712 3519 départ... A la fille, dans la rue noire,
1975 3515 2628 3561 sous le reverbère à flamme jaune.
1985 3538 2711 3595 Les premiers sketches sont un pev
1976 3583 2708 3629 écceurants.,, Comme dit Méphisto, c’est
1966 3617 2712 3670 g la bestialité dans toute sa candeur., )
1961 3653 2710 3687 Les autres, plus fins, — des comédies
1975 3686 2700 3736 en miniature, des comprimés psycholo¬
1970 3716 2708 3765 giques, — ont un agrément assez vif. Et
1971 3756 2706 3793 l’ironie des dernières scènes est plus sa¬
1975 3793 2707 3845 voureuse que le rude alcool des scènes
1971 3824 2150 3869 initiales.
2008 3866 2716 3906 La Ronde suggère un certain nombre
1975 3903 2711 3949 de réflexions. Lorsque Schnitzler l'a
1982 3938 2723 3987 écrite, — en s’amusant, je pense, — elle
1974 3963 2719 4019 a pu paraitre pessimiste, äpre, venge¬
1980 4006 2716 4045 resse.. C’était du & théätre rosse 9; ou
1971 4036 2713 4066 comme, on l'a dit plus tard, des & tran¬
1984 4069 2719 4117 ches de vie ); coriaces et de goüt vio¬
1981 4091 2717 4140 lent.,. Aujourd'hul, c’est une suite de
1986 4134 2711 4181 petites dröleries. Le comique des situa¬
1984 4171 2729 4225 tions, la lamentable misère de cette sé¬
1991 4207 2718 4242 rie de & conjonctions ), nous font irré¬
1987 4237 2719 4268 sistiblement rire. Je pense que le trés
