3436 4320
997 195 1438 265 box 19/2
296 197 947 295 11. Reigen
507 1262 1348 1370 „OBSERVER
609 1354 1314 1425 I. österr. behördl. konzessioniertes
562 1403 1316 1473 Unternehmen für Zeitungs-Ausschnitte
628 1454 1242 1535 WIEN, I., WOLLZEILE 11
704 1510 1173 1582 TELEPHON R-23-0-43
504 1641 874 1712 Ausschnitt aus:
477 1872 646 1928 vom:
414 1952 1046 2044 Adresse EST REPUBLICAIR,
1049 1990 1434 2054 eerrm +1——
807 2034 1036 2105 MAncy,
1256 2055 1496 2124 Oetohre
919 2067 1246 2152 —
406 2060 1016 2165 ##durthe-&-Hoselle)
1306 2112 1471 2179 1932
413 2136 578 2195 Signé:—
914 2138 1450 2219 —
503 2297 1274 2381 Paur l’ouverture de ##saison. M. Pitoëif“
477 2355 1246 2412 #représenté une assez Hrte et tres ancien¬
476 2393 1253 2458 nes comédie de Hauteuf äutrichien Arthur
485 2420 1256 2493 Schpitzer, Lo Ronde, Stjaduction de Mme
477 2448 1250 2522 Suzänne Clauser. 117 a dik tableaux, com¬
482 2490 1252 2553 me il pourrait y engavolr beaucoup plus.
472 2523 1239 2595 II sagit en effet deda Ronde d'amour .
482 2564 1247 2630 et la thèse de Tauteur, un naturaliste assez
472 2576 1247 2657 morose, tend à prouver qu à lous les de¬
481 2631 1244 2695 grès de l’échelie sociale, lamour est une
478 2665 1113 2710 meme et assez miserable comédie.
511 2695 1239 2756 Au cours de ces dix skeiches, les person¬
462 2725 1234 2802 nages échangent presque les mèmes mots.
461 2758 865 2806 sur un ton différent.
547 2786 1227 2858 Tu maimes, au moins? , disent la
468 2806 1229 2890 fille, la domestique, la mondaine, la midi¬
467 2855 1242 2926 nette, la grande artiste, landis que leurs
462 2895 1223 2956 interchangeables partenaires, le soldat, le
461 2922 1225 2995 jeune homme, le mari, I'homme de lettres,
460 2963 1225 3040 Taristocrate se montrent genés, presses de
454 2994 968 3053 partir; salisfaction obtenue.
491 3030 1224 3094 La mise en scène est ingénieuse: Mme
452 3060 1221 3130 Ludmila Pitoeff a un gros succès person¬
453 3106 1230 3168 nel dalis son quintuple röle. M. Pitoëff, Jui,
466 3126 1221 3198 a peint ses decors et se contente de jouer
451 3176 1229 3233 un des comparses, au mäme titre que Ray¬
460 3201 1220 3277 iond Degand Louis Salou, Géo Ferny.
448 3226 1212 3305 Maia et Chambre d'hôtel ont traité en par¬
459 3260 1217 3352 tie un sujet identique de façon plus mo¬
456 3295 610 3352 derne!
1798 872 2631 986 „OBSERVER
1884 963 2588 1044 I. österr. behördl. konzessioniertes
1849 1010 2611 1088 Unternehmen für Zeitungs-Ausschnitte
1914 1076 2538 1161 WIEN, I., WOLLZEILE 11
1986 1135 2462 1202 TELEPHON R-23-0-43
1786 1255 2162 1324 Ausschnitt aus:
1779 1482 1923 1538 vom:
1865 1632 2441 1708 LES SERVICES PUBLICS
1829 1695 2444 1775 22 AUE EDOUARD-KOBERT
1922 1812 2457 1894 TT CCrobhe TeeT
2135 2065 2250 2101 —
1959 2091 2457 2158 THEATRE DE LAVENUE
2053 2134 2357 2193 ( LA RONDE „
1777 2166 2617 2229 piece en 10 tableaug d’Arthur SCHNITZLER
1802 2211 2636 2275 Philosophiquement,  la Ronde n, est une
1778 2258 2641 2309 klude des plos suggeslives sur les sentimenes
1779 2301 2641 2350 qu'éprouvent à dirers üges ei sous diverses po¬
1777 2335 2344 2391 sitions sociales les amoureus.
1809 2351 2639 2410 L’auteur présente sa # fillc s, sa. u semme de
1775 2394 2648 2437 Schambre , sa a jeune semme n, sa midinelle ett
1778 2420 2652 2473 son defrice, toujours éprise et désireuse d’étre
1776 2464 2638 2516 aimée. Derant elle, on plutôt en paralléle, avec
1783 2506 2642 2544 elle it campe un soldat, un jeune komme, un
1772 2529 2646 2578 mari, un homme de leilres et un comte. Si le
1770 2567 2637 2624 développement des sehliments et de lu passion
1777 2596 2646 2653 diffère auec le rang de lindividu, üese dénoue
1769 2641 2645 2681 toujours de méme, et in # Ronde n n'offre que
1763 2670 2570 2724 peu de variété surtout dans ses conclusions.
1801 2686 2610 2743 L’inerorable loi d’amour dévore les étres,
1763 2723 2623 2778 désir les rapproche ei les lie. Et dest touf
1770 2776 2626 2819 Après, apres. i g a lafsection, in singkrité, ie
1774 2798 2636 2846 loi de lu faiblesse qui u besoin du point d’appud
1772 2837 2634 2885 et celui-ci c’est encore Phomme qui le donne
1765 2866 2503 2922 quand sa täche de mäle est accomplie.
1793 2899 2644 2950 Schnitzler ne conlinue pus sur ce chapitre, 1
1775 2939 2635 2979 #'y#arrive meme pas. II donne auen les intar¬
1772 2971 2634 3021 prétes de la troupe PirokFr su. u Ronde # tout
1774 2988 2646 3053 entière dans le dialoque des deuc sujels attirés
1773 3041 2108 3088 T'un vers Lautre.
1890 3051 2642 3122 a Cheureuses alliludes, de vons senli¬
1763 3101 2099 3152 ments échangés.
1803 3126 2647 3186 Mme Lunam.. Prroger duns le röle complere
1761 3173 2648 3219 des eing amankes est läme de celle ccmédie lan¬
1774 3209 2652 3265 goureuse, enir'coupée de complainies, de chants
1761 3246 2279 3297 de sondtes, et de berceuse.
1806 3272 2644 3316 Le gong écarte le rideau sur des tableaur
1765 3299 2650 3358 simples mais dont la couleur ei Lesset scénique
1770 3339 2649 3382 ajoutent encore au charme de ces scènes fugi¬
1767 3377 2647 3426 tives erprimées dans des abandons de lendresse.
2187 3410 2602 3480 LE PETIT POUF.
