3484 4384
2 2255 90 2325 rölc
13 2319 77 2357 9
-9 2357 81 2417 IX
2 2405 95 2467 u’el
10 2460 88 2506 sa
2 2936 101 2990 ous
18 2983 89 3035 tr
2 3053 105 3132 abail
-8 3119 103 3181 st un
5 3224 100 3285 rra
30 3272 100 3325 on
4 3314 102 3376 te, e
17 3465 103 3519 onte
-7 3509 104 3569 hell
2 3607 99 3662 Luc
5 3702 94 3767 he,
1 3752 95 3810 yée,
5 3801 100 3851 aire
3 3853 105 3904 acce
-3 3895 106 3958 de 1'
-3 4183 48 4237 ve
603 221 1458 263 aussi audaczeuse par le sujet que par
613 254 1452 313 sa conception scenique. C’était, à cette
615 304 1462 358 epoque, l’ère du naturalisme, ei du
609 340 1460 420 Théätre Lihre à Paris, et de Gerhard
602 404 1455 459 Hauptmarn en Allemagne. Mais, cette
600 448 1459 498 idée de tableaux successifs, formant un
596 495 1447 560 enchainement, l’avait-on, avant Schnitz¬
602 538 1459 616 ler, déjà imposée à la scène? En
605 593 1467 656 voyant La Ronde, mise en scène avec
599 645 1444 710 un tel pittoresque à l’Avenue, vous pen¬
597 689 1447 753 serez à des moments famenx de Maid,
599 740 1453 798 à des épisodes de la récente Chumbre
602 787 1459 841 d’Hôfel (ce grand succès que Baty re¬
599 843 1457 896 prend au théätre Montparnasse). Mais,
603 884 1453 941 en 1882! Le jeune Schnitzler n’osa pas
599 921 1451 980 lutter alors avec la censure monarchi¬
605 977 1435 1041 que austro-hongroise; et il garda long¬
589 1028 1444 1086 temps en un tiroir fermé le mannserit
597 1064 1443 1130 de cette Ronde ou son jeune talent
588 1122 1444 1173 d’innovateur et de philosophe poétique
591 1170 1451 1225 éclatait déjà. Romancier et auteur dra¬
590 1213 1451 1270 matique, on l’a beaucoup comparé à
586 1270 1444 1332 notre Maupassant et, autant que j’en
588 1315 1444 1378 puisse juger par le miroir des traduie¬
585 1351 1457 1429 lions.—car Ld Ronde a déjà paru en¬
592 1389 1469 1477 librairie française, ainsi que La Penom¬
587 1455 1454 1522 bre des dmes, ou ily a des nouvelles de
587 1506 1445 1563 grande et sombre beauté, — le talent de
583 1556 1450 1621 Schnitzler comprend une part de mys¬
582 1603 1455 1679 tère humain, que nous ne trouvons pas
580 1648 1442 1709 dans les nouvelles et les romans, enfin
571 1678 1450 1760 dans les évidents chefs-d’eeuvre de l’au¬
579 1742 1441 1820 teur de Bel-Ami. Schnitzler devint cé¬
566 1779 1445 1843 lebre par une piéce en trois actes
566 1832 1455 1913 Amourette; et, pourtant, il chérissait
573 1887 1443 1942 les successions de tableaux formant une
572 1934 1439 2007 chaine à la fois disparate et renouée,
567 1972 1443 2052 telle que le hasard, le destin, les ren¬
565 2036 1441 2102 contres en tissent bizarrement, rappro¬
575 2079 1436 2148 chant les étres les plus divers. Anatole
571 2127 1443 2192 est ainsi toute une histoire composée
564 2172 1439 2244 de petits actes, un cyele de skeiches.
559 2227 1441 2297 Mais, citons sa traductrice, Mme Clau¬
557 2274 1439 2339 ser:  Ses chefs-d’ouvre se succédent
562 2329 1431 2394 sur les scènes allemandes: Puracelse,
563 2363 1431 2430 Le Perroquet vert, La Route solitaire,
559 2410 1434 2481 Le Voile de Béatrice, L'Ame est un
558 2471 1439 2534 vaste monde, L’Interméde, Lo Comédie
556 2520 1428 2582 des mots, Les Heures vivantes, Les
559 2562 1429 2622 Marionnettes, Le professeur Berhurdi,
551 2614 1435 2686 Le Jenne Médard, autant de chefs¬
560 2652 1439 2732 d’euvre qu’acclame le public Enthon¬
559 2716 1438 2778 siaste. Plus tard, ce grand posterisse
558 2758 1431 2814 concentre davantage encorc, sä pensée
548 2807 1430 2879 devient plus profonde, sa langue plus
555 2855 1429 2904 pure. II nous donne des pièces en vers
559 2892 1424 2966 telles que Casanova d Spa et Le Che¬
547 2951 1422 3013 min du Vivier, qui fut créé au Burg¬
547 2994 1418 3057 theater un an avant sa mort. 9 J'ai cité
555 3039 1427 3114 ces renseignements précis, parce que,
551 3087 1431 3158 pour bien juger une cuvre étrangère,
552 3139 1423 3204 il est hon de savoir ce qu’a écrit son
542 3195 1406 3251 auteur, quelle place il occupe en la lit¬
550 3226 1416 3313 térature de son pays et à quel rang la
539 3281 1416 3351 renommée le situe. Nous devons done
546 3335 1405 3386 juger La Ronde comme le début écla¬
548 3386 1408 3447 tant, singulier, dans les lettres drama¬
544 3428 1408 3494 liques, d’un tres jeune auteur, aux
537 3481 1410 3539 idées très neuves et aux conceptions de
544 3530 1416 3589 métier théätral très originales pour son
550 3576 1413 3634 temps. Zu Ronde a cinquante ans. Elle
546 3627 1415 3671 est étonnamment, à Paris du moins,
534 3671 1413 3733 au goüt du jour, et cela, non seulement
530 3711 1416 3771 à cause des décors et de la mise en
539 3770 1415 3834 scène de M. Pitoöff. Ces tableaux
533 3810 1404 3879 d’amour, écrits et présentes à la fois
532 3861 1409 3928 sans perversifé et sans atours, ou rien
538 3906 1399 3965 ne voile le motif de la rencontre, du
529 3958 1407 4019 rendez-vous, de la e pariade 2, en un
534 3988 1424 4073 mot d’histoire naturelle qui convient
531 4047 1391 4110 bien à ces bréves aventures, étaienten
2170 185 3205 261 erereste, remmmn
1476 227 2335 287 dhui, s’imposent admirables. Chacnn
2351 248 3187 317 ie détachement, la liberatrice cigareite¬
1477 261 2331 341 des tableaux vivants de Zo Ronde n'a
2344 290 3194 352 pipe, etc., etc., fumée de cet acte déja
1478 320 2329 379 pas la méme valeur. Les premiers sont
2340 346 3187 400 cendre des son principe. Pour complé¬
1472 375 2321 435 les moins bons, sans doute parce que
2351 390 3193 449 ter ces images, j'aimerais quelques
1478 417 2333 481 la rencontre brévc nous étant montrée
2349 446 3199 508 rencontres d’animaux, et méme d’in¬
1474 463 2318 525 entre des créatures d’assez basse caté¬
2346 488 3193 542 sectes: voir Mmne Pitoëff en chatte, en
1474 518 2324 569 gorie, les mots sont sans fard, la häte
2339 534 3197 599 jeune génisse, en cavale, en colombe,
1473 564 2329 616 est plus triste. Mme Pitoéff est, tour à
2348 580 3199 637 en libellule... Pensons à Fahre et à
1476 603 2318 670 four, avec une rare maitrise, la fille des
2347 626 3185 696 Gourmont.,. Au fond, cette Ronde hu¬
1475 664 2318 731 rucs, la servante, la petite cuisinière,
2338 671 3197 741 maine, sauf dans la scène de l’actrice,
1469 705 2323 768 une g femme mariée 8 ridicule et infi¬
2337 733 3187 787 nous montre, en amour, l’infériorité de
1469 752 2321 817 dele ou conjugalement décue, une mi¬
2345 773 3182 823 ln femme, töt délaissée, toujours ber¬
1475 807 2323 873 dinette dansante, pauvre petite mon¬
2345 825 3182 879 née... Mesdames, pour vous dédomma¬
1463 852 2319 904 cheronne de luxe — une des plus ravis¬
2340 861 3184 938 ger, liscz les histoires de la pariade du
1470 894 2325 959 santes réussites de Mme Pitoöff — et
2337 925 3194 987 scorpion, de la mante religieuse, de
1465 954 2315 1013 une actrice à la mode & jouant's son
2336 961 3184 1035 Taraignéc...La, ces messieurs sont man¬
1464 986 2325 1054 röle d’amante comme si elle le vivait
2334 1003 2447 1066 SéS.
1470 1033 2326 1101 à la scène, en outraut les effets, et iro¬
2381 1050 3188 1121 Za Ronde, dont les héros sont à la
1461 1081 2316 1144 nisant ses déclarations. Que d’art, que
2337 1106 3182 1166 recherche du bonheur au deld de
1467 1130 2318 1205 de talent, que de dons multipies sont
2338 1151 3182 1217 Tamour et qui ne parviennent qu’a
1462 1180 2319 1246 nécessaires pour réussir ces appari¬
2344 1199 3180 1266 étreindre un moment de désir dont l’il¬
1464 1234 2316 1304 tions successives, ces personnages fé¬
2335 1247 3181 1320 lusion est aussi bréve que vite dissipee,
1461 1277 2314 1351 minins allant de la pauvreté à l’aisance,
2329 1290 3171 1353 La Ronde, lorsqu’elle fut jouée à Ber¬
1458 1322 2321 1400 à la richesse, à la bourgeoisie, à la
2333 1336 3180 1417 lin, fut interdite par la censure. A
2571 1390 2604 1425 10
3184 3920 3218 3966 1
3196 3964 3305 4020 ui di
3183 4012 3264 4068 lis,
3183 4058 3220 4137 St
3220 217 3385 275 M. Lom
3215 260 3394 320 homm
3217 305 3387 378 infatuc
3206 350 3391 416 T'autre,
3206 400 3392 475 jolis et
3245 544 3373 609 Le (
3222 602 3385 661 (gue n
3208 652 3396 720 son tal
3211 700 3398 769 de vraie
3209 747 3402 806 jouer le
3202 792 3389 854 d’affair
3197 835 3391 904 röle de
3199 888 3393 951 disant
3211 937 3404 1018 texte de
3211 980 3391 1039 affirma
3204 1032 3402 1092 M. Pier
3199 1081 3400 1143 pecté. E
3202 1129 3384 1184 nuserit
3206 1163 3411 1236 pour etr
3207 1223 3398 1285 ctait aus
3204 1274 3404 1335 à la foi
3196 1318 3396 1383 dlialogue
3320 3978 3371 4013 S4
