3484 4384
295 301 839 410 11. Reigen
988 300 1433 393 box 19/2
2187 327 2444 463 ER'
1937 429 2380 510 konzessioniertes
1764 464 2409 559 —emmen für Zeitungs-Ausschnitte
1707 525 2338 624 WIEN, I., WOLLZEILE 11
1778 596 2260 664 TELEPHON R-23-0-43
1582 707 1962 790 Ausschnitt aus:
1960 894 2165 973 — 0
1470 956 1660 1044 rail de:
1717 1011 1921 1058 7.—
1475 1023 2035 1100 resse: 4 Lia4
2328 1071 2586 1146 Septem.
1464 1078 2066 1154 17, R. du 4-Septenhre,
1850 1126 2542 1222 PARIS- 2.— 1532
1461 1129 1605 1205 Ie
2527 1167 2606 1236 1
2331 1328 3047 1412 LRPNE
1766 1259 1988 1436 E
1505 1277 1772 1484 00h
1480 1453 3204 1538 THEATRE DE LAVENUE. — La Ronde, jbien apparaitre la différence entre la
1516 1513 3204 1581 piece en 10 tableaux d Arthur Schnitz-Isexualité ei l’érotique; aucune jouissance
2356 1548 3201 1596 de T’esprit dans cc jeu de corps; l’äme,
1529 1581 3213 1635 ler. Traduction de Mnl.-Fremosht-e existe, se trouve quelque part ail¬
1524 1624 3204 1686 Que de leçons d’amour données dans la# leurs. La mélodie est affreusement pessi¬
2339 1676 2498 1732 miste.
1492 1683 2341 1724 mème semaine! Après dles Artsn, al’Ave¬
2372 1677 3221 1773 Les étres sont admirablement présentés;
1492 1714 2349 1763 nuen s’en méle. Une dizaine de fois dans
2349 1748 3213 1803 chaenn un type anonyme et chacun en
1479 1761 2340 1800 la soirée, Mmne Pitoëff s’est dérobée à nos
2353 1768 3221 1832 outre un exemplaire unique et inoublia¬
1481 1791 2343 1843 regards et nous ne l’avons revue quelques
2360 1826 3217 1872 bie de l’espéce. Une série de petits chefs¬
1487 1832 2351 1888 secondes plus tard que vilainement lächée
2332 1858 3222 1918 (d’eenvre 6 la Goya, ou les individus sont
1490 1861 2159 1930 par des amants assez mufles
1524 1889 3219 1962 Au premier lächage, Mmne Pitoëff eütid’une forcc de présence inconcevable,
1490 1935 2795 1991 pu comprendre que le jen n’en valait pas éclatante de vitalite.
2376 1954 3220 2023 Les conversations d’hétaires de Lucien,
1496 1982 2353 2035 la chandelle, se.le tenir pour dit, mais,
2352 2012 3218 2062 et le Sopha de Crébillon s évanouissent de
1504 2027 2350 2080 avec une activité frégolienne, elle recom¬
2346 2046 3227 2105 la pensée. Le réalisme lui-méme ne gène
1494 2053 2354 2103 mença de 9 heures à minuit, non décau¬
2358 2090 3213 2148 pas, la vie est élerée au typique! Schnitz¬
1497 2094 2354 2153 ragée, et peut-étre n’eut-on pas éprouvé
1507 2149 3217 2188 cette sensation de fatigue à la fin de cetteler a trouvé moyen de donner à sa fres¬
1497 2173 3218 2239 fresque trop vivante si une figure nouvelle jque une envolee poctique invraisemblable;
2353 2197 3215 2248 on reste étreint, il n’est pas un admira¬
1491 2213 2352 2269 eut pris de temps à autre la place de l’in¬
2354 2233 3214 2296 teur du monde, il est le poête de la sta¬
1501 2251 2208 2322 telligente et obstinée comédienne.
1523 2281 3023 2324 C’est que le publie français parisien deltuaire satirique. C’est sa force.
2383 2297 3219 2373 La Ronde est un aboutissement de la
1487 2320 2368 2396 la salle n’était point très nombreux au
2355 2352 3226 2413 vie interieure de l’auteur. Comment a-t-il.
1502 2367 2344 2420 milien de linternationale clientèle de
2362 2393 3215 2456 pu concevoir que la pièce dut étre pré¬
1497 2407 2369 2466 Il'Avenue; il ignorait trop le grand!
2372 2427 3221 2487 sentee? Nousen’en savons pas grand’chose,
1502 2446 2353 2507 Scimitzler et son tuvre, bien que la piece
2361 2473 3230 2526 sauf qu’il Tavait confiée, je crois, à l’ex¬
1506 2486 2350 2534 eut été donnée, je crois m’en souvenir,
2373 2520 3224 2571 traordinaire comédlien Jarno, qui, lui
1493 2522 2346 2585 par la société La Lieorne, dans une loin¬
2354 2553 3227 2607 aussi, était un poèie du théätre. Je sais
1500 2570 2351 2631 taine salle de Paris, il y a quelques an¬
2349 2579 3224 2635 que d’aucuns disaient qu’il eut souhaité
1505 2608 1654 2654 nées.
1546 2654 3224 2684 Aueune autre pléce, parmi celles si faire jouer la piece par des marionnettes:
1499 2654 3231 2719 nombreuses, si amères, si puissantes desen coupant certaines trivialités, insistant!
2373 2699 3223 2779 sur les eifets comiques, lei, Pitoöff s’y est!
1506 2712 2365 2761 Schnitzler, ne porte en soi autant de ré¬
2364 2751 2575 2813 employé.
1504 2755 2365 2827 miniscences des soirées passées dans nos
2444 2758 3228 2829 est assez eurieux de remarquer au'Ar¬
1511 2790 2362 2853 théätres par l’auteur entre 1892 et 1906
2373 2816 3235 2885 thur Schitzler a banni Lu Ronde de ses:
1506 2825 2359 2895 autant que cette Ronde, qui fait parfois
2363 2847 3224 2912 couvres complétes, alors 2.., Mais Pitoöff ab
1508 2871 2352 2930 songer à certains dialogues de Lavedan
1512 2883 3224 2950 Von de Guiche. Sehmitzler, tont en ne con-Thien fait de monter la pièce; mais l’a-t-il
2365 2924 3237 2990 bien montéc? Ceci est une autre question.
1503 2943 2364 2997 ##naissant que fort peu le français, subit
2373 2967 3241 3027 II fut extrémement ingénieux, encore que
1512 2989 2365 3030 toute sa vie en l’adorant l’esprit de Paris
2366 3004 3234 3071 Paris soit blasé sur les décorations du
1518 3022 2371 3074 si amer à la fin du siècle dernier. Arthur
1513 3027 3249 3122 Selmitzler appartint à la phalange, et engenre de celles de Maya. Enfin, Pitoöff as
1518 3083 3246 3162 fut quelque pen le chef, qui, à Vienne, fit#tiré sa poudre anx moineaux; des le dé¬
1519 3132 3235 3196 aimer notre théätre, et maintes fois, aveclbut de la soirée, il a présenté ses meil¬
1519 3162 3231 3224 Auernheimer, Hofmanstahl, Paul Zifferer, leures mises en scène: ainsi Thôtel d’an-,
2375 3203 3225 3266 gle d’une rue, le soir; ainsi la cuisine ett
1517 3217 2363 3273 Wildgans (venn le dernier), il forma le
1499 3267 3233 3314 centre des tendresses affectuenses quel la petite chambre de l’étudiant, Mais.
1508 3269 3239 3336 Vnous conservions dans l’ancienne ville im-Falors que le ton du poème s'éféve, Pitoëff
1514 3334 3235 3392 périale, si cordiale a nos arts, à nos let-Test resté, dans la seconde partie de la soi¬
2358 3346 3229 3414 rée, à court lorsqulil est apparu dans le
1510 3370 2125 3445 tres, sous hien des rapports.
1547 3394 3229 3456 On ne dira jamais assez quelle recon-Comte; il a, comme on dit aux examens,
1515 3431 3236 3496 naissance nous devons garder à ce petitse séché v. Enfin, Jui-meme est-il un comé¬
2369 3468 3231 3539 dien? Mais il w#a en Alme Pitoëff dans
1517 3490 2366 3551 groupe aux amis que nous avions la
2381 3498 3232 3568 les diverses figures; il y cut elle inter¬
1524 3521 2355 3577 qui s’ohstinèrent dans leur affection et
1525 3571 3239 3616 qul, aufourd'hui, sauf Auernheimer, sontl prétant avec esprit, et fort bien, la petite
3074 3586 3239 3632 et lap
2367 3598 3079 3646 bourgeoise dans la gurçonnière
1514 3613 1847 3669 tous disparus.
1549 3618 3229 3692 Lo Ronde reste donc tres à part et futgrande cabotine chiez un Pierre Frondaie
1510 3692 3244 3734 publiée presque sous le manteau par Ar-Tou chez tout autre, et il ne parut aucune
1519 3693 3240 3775 ihur Sehnitzler à Vienne; j’ignore mèmeautre artiste dans la soirée; c’est regret¬
2374 3722 3239 3813 table. Son partenaire qui joue Bibietz est
1514 3758 2373 3821 si la piécc y fut jouée. Je sais qu'elle fut
2373 3790 2578 3852 spirituel.
1522 3803 2364 3862 donnée tres tard à Berlin dans un petit
2405 3798 3225 3890 En résumé une tres intéressante soiréc.
1519 3838 2376 3887 #théätre. Selmitzler Jui-mème, qui était à
2879 3854 3203 3916 LUCNE-POE.
1518 3873 2380 3933 Tapogée de sa carrière, alors que lon
1521 3916 2385 3978 rélébrait le charme, l’amabilité triste et
2395 3914 3240 3992 P. S. — La traduction de Maurice Ré¬
1514 3952 2372 4006 douce de son art, sa tendresse typique¬
2373 3965 3245 4037 mon et de William Bauer publiéo semble
1518 3985 2369 4038 ment viennoise, son esprit particulier, du
2375 4003 3242 4070 d’une fidélife absolue. — Le Théätre du
1522 4035 2358 4084 sans doute à son origine israélite, ne
2381 4046 3238 4110 Marais de Bruxelles vient de représenter
1511 4070 2364 4122 communiqua d’abord Lo Ronde qu’à quel¬
2375 4086 3228 4150 une cuvre curieuse, Pirages, de M. Mo¬
1508 4107 2372 4165 ques intimes. La piéce lui paraissait ure¬
2384 4124 3164 4202 dave; jy reviendrai au premier jour.
1515 4140 2369 4198 hablement trop osée, trop audaciense par
1516 4185 2382 4237 son humour élémentaire, et il hésita
1512 4216 2376 4293 longtemps à lui laisser arfronter la scène.
1550 4254 2381 4317 Comment résumer la soirée? Dix scé¬
