3436 4384
985 145 1437 223 box 19, 2
291 132 838 232 11. Bgen
651 590 1235 663 N• DE DLBI! eAeReARRRssAAaeRSeArser WePes
451 710 671 773 Ertrai####
688 680 1385 800 SE OTOTTDIEN
426 787 1424 867 Cs AVENUE KLEBER, 25, XVI
446 892 1307 1013 Date: 29 SEPTEFAPNE 1932
450 1006 1412 1077 =Siqnathre
439 1094 1386 1171 AExpostktonER
616 1167 1382 1245 TTEEETTTTTTTT
591 1239 1179 1329 Dans les theätres
615 1351 1336 1401 CLOTURE ANNUELLE. — Ambassadeurs,
596 1376 1340 1428 Ateller, Caumartin, Daunou, Gil de Parls,
595 1414 1333 1457 Folles-Wagram, Humour, Montparnasse,
589 1443 1330 1481 Michodière, Plaza, Studlo des Champs-Ely¬
589 1470 1007 1521 sées, Opéra-Comique.
636 1528 1329 1584 — Au Théätre de la Potinlère, ce solr. à
585 1573 1332 1608 21 heures, répétition génèrale A (connon
589 1608 1333 1641 couleur orange) flu speetacle du Theätre
583 1633 1336 1672 russe Karoussel, quatorze tableaux, mis en
585 1655 1326 1707 scène par M. Eugène Iskoldoff. Musique ar¬
585 1690 1334 1726 rangée par le chef d’orchestre M. Andreeff.
578 1714 1272 1757 Décors du peintre Wiadimir Novikoff.
619 1752 1334 1787 Demaln, en solrée, répétition générale B
583 1776 1331 1819 (coupon couleur beige). Samedi, service de
579 1811 1342 1861 premlère. Dimanche, en soirée, service de
579 1841 767 1884 seconde.
655 1865 1334 1915 — La Comédie-Française, appelée à Ge¬
587 1913 1337 1947 néve à l’occasion de la session de la So¬
577 1944 1322 1973 clété des Nations, donnera deux représen¬
590 1973 1333 2016 tations officielles, les 29 et 30 septembre
580 1997 1298 2042 1932. La première solrée comprendra
586 2023 1322 2060 L'Avare, Joué par MM. Dessonnes. Denis
588 2053 1332 2096 d’Inés, Lafon, Ledoux, Jean Weber, Paul
572 2087 1324 2117 Gerbault, André Bacqué, Lucien Dubosg. M.
583 2112 1329 2153 Le Marchand, Jean Martinelll, Mmes Dus¬
586 2153 1335 2196 sane, Nizan, Jeanne Sully. Le spectacle
590 2172 1195 2213 commencera par Le Mariage forcé.
622 2202 1331 2244 Le lendemaln, Les Alfaires sont les a¬
575 2235 1327 2263 Jaires auront pour interprétes: MM. Des¬
577 2260 1324 2302 sonnes, Léon Bernard, Lafon, Ledoux, Jean
580 2292 1329 2338 Weber, André Bacqué, Lucien Dubosq, M.
567 2320 1317 2364 Le Marchand, Jean Martineili, Mmes Su¬
566 2348 1328 2393 zanne Devoyod, Marle Bell, Jeanne Sully.
665 2376 1320 2418 Demain, 9 la Comédie-Française, M.
566 2407 1335 2460 André Brunot jouera L'Aventurière, avec
571 2439 923 2489 Mme Cécile Sorel.
697 2460 1330 2529 20 h. 45, au Théätre de l'Avenue
572 2510 1317 2549 (Compagnle Pitoëff), première représenta¬
567 2544 1317 2582 tion de Lu Ronde, pléce en dix tableaus
571 2569 1310 2604 d’Arthur Schnitzler, traduction françalse de
565 2591 1325 2643 Mme-Suzanne Clausor et MM. Pémon et
561 2621 709 2667 Bauer.
683 2654 1313 2719 A la Gaité-Lyrique, mardi 4 octohre,
566 2696 1308 2742 représentation exceptionnelle de Lo Juive.
799 2728 1319 2760 octohre, reprise de Chanson
569 2746 1310 2808 d’amdur, pour un nombre limité de repré¬
558 2784 779 2833 sentations.
649 2811 1307 2864 Au Théätre Montparnasse. Pour ac¬
560 2860 1312 2897 compagner la piéce nouvelle de Luigi Pi¬
565 2889 1311 2926 randello. Comme tu me veur, qui succédera
557 2917 1316 2959 à Chambre dhôtel. M. Gaston Baty a mis
563 2944 1305 2984 en répétition, Cajé-tabac, de Denys Amtel.
648 2975 1304 3023 L'Assoclation des Artistes dramatiques
557 3018 1303 3056 (fondation Taylor), organisera un bal à la
562 3038 1315 3091 Comédie-Française, le vendredi 18 novem¬
558 3070 1315 3115 bre, au profit de la maison de retralte de
560 3096 1315 3160 Pont-aus-Dames (fondation Constant Co¬
556 3124 723 3177 quelin)
621 3146 1302 3216 — La répétition générale de Corps d coros,
559 3189 1304 3242 à I’(Euvre, aura lieu samedi 1e octobre, en
561 3229 1310 3281 solrée. Le service de premlère sera recu di¬
556 3252 1313 3314 manche 2 octobre, en soriée. Le service de
560 3283 852 3336 seconde, Jundi.
643 3327 1308 3373 Mme Madeleine Gultty jouera le réle
545 3353 1295 3400 de Mme Jupilion, dans Germinie Lacerkeux,
584 3389 1305 3448 Jui sera donnée le mercredl 5 octohre, an
548 3400 890 3462 Théätre Albert-Fr.
548 3467 931 3562 La Musique
633 3588 1304 3645 Au Censervatolre de Mimi Pinson,
536 3613 1293 3653 réouverture des cours gratults de musique,
546 3649 1296 3687 de diction et de danse. Inscriptlons, par
542 3682 1298 3731 correspondance, au secrétariat, 66, boule¬
546 3700 1095 3752 vard Rochechouart, Paris (13•).
552 3757 1297 3834 DDATD ARANNT E A4
1899 949 2748 1070 „OBSERVER
2001 1045 2690 1119 I. österr. behördl. konzessioniertes
1976 1093 2718 1155 Unternehmen für Zeitungs-Ausschnitte
2036 1151 2658 1237 WIEN, I., WOLLZEILE 11
2113 1210 2591 1273 TELEPHON R-23-0-43
2335 1267 2379 1329 —
2093 1406 2669 1468 Nopf DRBT'T See SAArseeerere
2562 1493 2636 1534 *
2262 1492 2853 1575 ERO EESTOR
1901 1517 2169 1581 Eatrmt de:
2247 1567 2865 1635 Rue dEnghien, 20, X
1905 1622 2103 1678 Adresse
1906 1658 2790 1779 Date 29 SEPTEMBRE 1932
2611 1800 2884 1863 —
1914 1804 2197 1876 Siqnatuen
1932 1907 2111 1979 RAr
2137 2166 2260 2268 77
2001 2287 2738 2428 LES REPETITIONS
2113 2481 2625 2559 GENEMMEES
1987 2575 2743 2646 La Ronde d’Arthur Schnitzler
2053 2626 2670 2713 au Théätre de TAvende.
2022 2745 2747 2795 La création de la; pièce d’Arthur
1985 2764 2737 2825 Schnitzler à Paris avait suscité un vif
1985 2814 2749 2856 monvement de curiosité. Pensez donc
1985 2847 2738 2895 qu'Antoine n’avait pas osé la monter!
1984 2878 2749 2916 Dans les pays centraux, ou elle a été
1998 2911 2748 2954 représentée, la mise en scène très réa¬
1984 2949 2741 2986 liste ne celait rien de ce que M. Pi¬
1985 2981 2750 3024 toöff, en une mise en scène qui à zus¬
1987 3010 2740 3058 cité d’enthousiastes applaudissements, a
1994 3049 2747 3091 su que n’évoquer avec un sens remar¬
1991 3091 2667 3125 quabie d’humour et de simplicité.
2028 3105 2743 3163 Cette femme blonde, cette femme
1987 3153 2754 3194 brune, cette femme rousse qui, tour à
1991 3181 2744 3235 tour, paraissent dans les différents ta¬
1988 3208 2753 3257 bleaux, ne sont qu'une mème et seule
1987 3253 2746 3297 artiste: Mme Ludmilla Pitoëff, si va¬
1988 3274 2752 3337 riée dans son jeu, ses expositions, ses
1991 3312 2242 3356 intonations.
2024 3345 2736 3385 M. Pitoëff annonça le nom de l’au¬
1983 3380 2747 3428 teur et des traducteurs. Personne
1978 3410 2738 3455 nannonça celui du metteur en scène.
1984 3447 2738 3480 Point n’était besoin. Tout le monde le
1986 3479 2738 3529 savait et l’a applaudi au mème titre
1987 3511 2577 3570 que Pauteur et ses interprétes.
2014 3539 2731 3583 Signalons la deuxième apparition
1984 3587 2740 3628 officielle du yo-yo sur la scène, manié
1981 3618 2738 3656 par un personnage dont le nom se doit,
1989 3652 2752 3691 comme celui de Tartuffe ou d’Harpagon,
1978 3678 2738 3719 de caractériser un type: Bibitsch, un
2010 3717 2742 3766 m’as-tu-lu 2 buriné avec une finesse
1967 3739 2592 3803 incomparable. — Rodek ConsiN.
