3436 4384
953 293 1402 378 box 1972
245 296 819 397 11. Reigen
153 1481 1307 1555 oici certaine-]si profondément réaliste et humain de l'ceuvre,
1325 1486 2185 1560 complaisamment. L’autre problème était les
143 1536 450 1598 ui nous arrive,
449 1544 1308 1600 il ne m'avait pas paru possible à l’époque de
1322 1549 2189 1602 changements rapides de milieux et le metteur
140 1567 444 1630 ela succession
453 1579 1318 1621 réaliser complétement la conception de l’au¬
1328 1587 2190 1636 en scène s’en est peu embarrassé en se con¬
156 1613 445 1656 au boulevard.
449 1614 1304 1667 teur. Dans son pays, d’ailleurs, le problème
1325 1622 2192 1675 tentant d’indiquer les fonds et avec des éclai¬
155 1647 449 1701 dans un röle
440 1657 1315 1707 avait paru si malaisé et Schnitzler m’écrivait
1314 1650 2182 1711 rages ingénieux nous a détourné de constater
153 1690 442 1740 plus robustes,
441 1688 1310 1738 que, dans le cas ou j’aurai trouvé une formule
1322 1695 2194 1745 que ces décorations sommaires ou invraisem¬
145 1728 442 1778 nsibilité et une
453 1728 1310 1776 possible, il me serait reconnaissant de la lui
1315 1741 2180 1787 blables, cadraient peu avec le réalisme et la
163 1764 445 1811 talent, d’une
447 1774 1312 1819 faire connaitre. Javoue avoir toujours reculé
1330 1774 2187 1833 vérité de la piéce. On a donc goüté avec plaisir
147 1798 446 1861 a petite aven¬
443 1810 1310 1850 devant ie risque de ramener vers un grossier
1317 1804 2191 1859 une présentation habile et rassurante bien que
157 1839 449 1893 et ily a long¬
449 1838 1312 1895 réalisme et presque de l’obscénité une ceuvre de
1328 1851 2190 1907 son caractère un peu sommaire ait cependant
157 1873 443 1928 aris semblable
453 1880 1308 1928 cette puissance et de cette humanité. II me
1317 1890 2187 1947 laissé dans l’ombre beaucoup de notations psy¬
146 1907 442 1960 sant, n's pas
448 1919 1313 1964 sembla préférable d’y renoncer plutôt que de
1324 1921 1832 1986 chologiques de Schnitzler.
166 1954 443 2002 créé par les
444 1955 1316 2013 la frahir bassement en exploitant un succès de
1355 1977 2180 2040 On pourrait présenter à Pitoëff l’objection
164 1985 441 2030 drölerie habi¬
441 1992 782 2045 scandale assuré.
1308 2007 2185 2074 plus importante d’avoir fait jouer par sa
157 2023 448 2072 ans une amu¬
463 2016 1308 2092 Inutile de dire avec quelle curiosité on atten¬
1321 2053 2198 2095 femme tous les personnages féminins de la
163 2058 441 2110 et M. Jacques
450 2065 1307 2125 dait la présentation de Pitoêff qui, il faut le
1317 2095 2189 2144 fresque. On conçoit fort bien qu'une actrice ait
148 2094 443 2154 uetté un petit
449 2112 1314 2166 dire tout de suite, y a dépensé une ingéniosité,
1320 2134 2194 2185 été tentée par un pareil tour de force, et Mme
161 2135 448 2186 agréable. Mile
441 2142 1319 2202 un tact remarquables et réussi à nous conser¬
1324 2166 2184 2221 Pitoéff eut raison de l’essayer, puisque son
143 2174 440 2229 gclat d'un grand
446 2181 1308 2237 ver T’originalité audacieuse de l’ouvrage, sans
1321 2216 2189 2260 effort nous a permis d’apercevoir plus d'un
154 2216 436 2263 ares, c’est une
447 2221 1309 2282 soulever le moindre scandale. L’habile metteur
1319 2244 2192 2297 côté encore ignoré de son grand talent de
160 2249 442 2301 vant-elle. Les
442 2268 1307 2320 en scène a escamoté avec adresse l’épisode cen¬
1327 2279 2179 2339 composition. Quelques-unes des silhouettes
158 2283 440 2340 par Mmes De¬
443 2305 1318 2354 tral de chaque tableau, et nous avons pu goü¬
1322 2317 2182 2372 qu'elle nous a présentées, l’acirice, la midinette,
146 2318 448 2372 elain trouve 1e
445 2343 1309 2386 ter une ceuvre-mère d’ou sortirent tant de
1314 2357 2186 2407 la femme de chambre, furent d’une Justesse et
154 2357 441 2416 Hlomestique quf
453 2380 1316 2429 piéces à épisodes, une formule qui, avec le
1327 2395 2179 2448 d’un art achevé, mais, malgré son talent de
145 2395 449 2452 oup délégance
447 2416 1309 2469 temps, a fait son chemin, comme nous le vimes
146 2431 430 2490 ie ce spectacle,
1310 2423 2187 2488 comédienne, elle ne pouvait se dépouiller com¬
444 2451 1319 2499 par l’éclatant succès de Maya et, actuellement,
143 2459 440 2529 inement, com¬
1325 2476 2193 2528 plétement de sa personnalité et il s’en est suivi
442 2491 1312 2554 de cette Chambre d’Hôtel que Gaston Baty
156 2511 313 2568 aison.
1328 2518 2195 2571 une certaine monotonie. Ce qui est plus sérieux,
440 2528 1228 2588 reprend pour la réouverture de la saison.
1318 2555 2180 2603 c’est qu'avec ce procédé, Pitoéff a faussé grave¬
472 2576 1322 2622 La Ronde est la peinture de la possession
1331 2590 2185 2640 ment le sens et la portée générale de l'ceuvre
163 2592 445 2666 Pitoëff cette
454 2616 1318 2658 amoureuse immédiate et presque brutale dans
1317 2622 2192 2678 de Schnitzler, car ce qui en constitue la puis¬
157 2656 439 2708 nitzler célebre
448 2657 1318 2707 les milieux sociaux les plus différents. Mais
1330 2667 2192 2712 sance, c’est précisément la diversité des types
159 2685 443 2739 Et il faut dire,
452 2694 1309 2738 T’originalité, la supériorité du modéle, c’est
1317 2704 2184 2751 féminins et des tempéraments mis i action.
158 2724 453 2790 kerves qui s'im¬
450 2733 1312 2780 l’unité de ce pocme réaliste et sa continuité,
1319 2741 2189 2787 Imaginez combien avec une comédieline diffé¬
147 2755 446 2820 on de la piece,
456 2769 1318 2820 T’enchainement des multiples et successives
1321 2779 2191 2831 rente pour chaque röle, l'ceuvre eüt pris son
155 2789 445 2852 à l'Avenue. on
455 2807 1309 2854 figures de la fresque ou les héros semblent se
1328 2816 2180 2871 ampleur et sa diversité. C’est le seul reproche
144 2836 448 2890 iéce hardie et
450 2845 1307 2889 donner la main pour un cyele qui s’achéve sur
1329 2857 2186 2903 important que l’on puisse faire au metteur en
144 2874 438 2934 ntes de la pro¬
454 2878 1314 2934 la réapparition du premier personnage entré
1322 2899 2190 2955 scène, et encore combien songeront à le lui
154 2916 434 2964 ande. Arthur
452 2922 1317 2971 en danse, comme sur ces peintures antiques
1318 2927 1557 2991 adresser?
147 2940 436 2996 issait dans les
444 2959 1316 3008 dont la guirlande cercle étroitement le vase
161 2992 441 3044 presque égale
449 2997 1328 3041 décoré. Tous les milleux d’une grande ville
1351 2978 2188 3044 Quelques autres réflexions seraient admissi¬
161 3028 450 3078 n les deux
443 3029 1313 3076 moderne, la rue, le bouge, la chambre de l’étu¬
1319 3041 2196 3087 bles à propos de la mise en scène, simplifiée à
149 3059 446 3119 ur les maitres
451 3071 1313 3126 diant, un cabinet particulier, le boudoir d’une
1320 3076 2192 3126 T’extrème et dépouillée de l'atmosphère sui
158 3103 435 3162 forma la scène
455 3113 1320 3160 actrice, celui d’une femme du monde, enca¬
1323 3114 2188 3161 generis de chaque tableau. Un seul exemple:
157 3140 306 3189 rnier.
432 3143 1315 3199 drent des étres de castes différentes, tous
1331 3139 2185 3208 dans le texte primitif, l’actrice reçoit lofficier
162 3162 446 3237 onner la piece
442 3187 1309 3230 dominés par le délire de l’instinct et la fièvre
1328 3186 2191 3240 encore au lit, à son petit lever; à.I’Avenue, on
158 3215 434 3268 d’autant que
441 3215 1315 3275 subite du rut. La difficulté était d’escamoter
1322 3229 2189 3274 nous la montre en grande toilette de ville dans
164 3256 433 3306 pas montrée
452 3259 1310 3311 suffisamment l’acte essentiel qui doit se repro¬
1327 3268 2180 3308 son boudoir. Cet exemple révele combien de
169 3291 446 3350 pour les Tis¬
448 3298 1310 3346 duire à chaque tableau, et sans la consomma¬
1329 3300 2186 3350 nuances furent sacrifiées pour la commodité
176 3327 441 3389 t obtenu de
450 3337 1305 3386 tion duquel l’étude des réactions qulil déter¬
1328 3345 2185 3390 matérielle du spectacle. Enfin, si jamais la
146 3362 445 3419 ère. Mais on a
453 3373 1308 3427 mine chez chacun deviendrait impossible.
1327 3379 2189 3424 plaque tournante, l'un des procédés si judi¬
165 3403 447 3455 e la difficulté
453 3413 1307 3457 Pitoéff a masqué tout cela, par d’ingénieux
1325 3413 2187 3463 cieusement employés à la Renaissance par M.
162 3441 442 3501 nt et sans tri¬
454 3450 1311 3496 artifices, ne dédaignant point méme de nous
1317 3445 2179 3509 Paston, paraissait utile, c’est bien dans le cas
187 3483 445 3538 Ronde, et,
453 3480 1323 3533 amuser par des procédés un peu féeriques et
1327 3492 2184 3532 présent; malgré sa diligence et le soin avec
190 3524 2206 3574 le caractèreque T’auditoire, profondément attentif, accepte lequel la mise en scene fut réglée, Pitoëff a
2193 1509 3062 1559 bien été obligé de nous infliger entre chaque
2190 1549 3075 1606 tableau de trop longues minutes d’attente
2186 1595 3075 1637 meublées pauvrement par des auditions de mü¬
2190 1630 3065 1680 sique mécanique. Ainsi la Ronde, qui devrait
2191 1672 3080 1724 être ininterrompue piétine sur place huit on
2186 1705 3068 1760 dix fois dans la soirée, et le mouvement en est
2192 1747 2698 1804 considérablement ralenti.
2218 1783 3066 1850 Les autres interprètes hommes sont tous à
2192 1834 3072 1883 féliciter; le soldat, M. Raymond Dagand, 1e
2195 1871 3077 1920 jeune homme, M. Louis Salou, le mari, M.
2190 1906 3069 1960 Ferny et Pitoëff en officier ont été excellents.
2185 1942 3070 1992 En somme, une représentation d’un intèrêt
2192 1981 3079 2037 extrème et qui attirera de nombreux amateurs
2194 2018 2419 2079 à lAvenue.
2566 2058 2677 2136 1
2222 2112 3075 2183 Le Théätre des Arts nous a donné quatre
2188 2173 3070 2224 actes de MM. André Birabeau et de la Batut,
2192 2212 3069 2254 tirés du roman de M. René Boylesve, la Legon
2191 2242 3076 2309 d’Amour dans un Parc. Joli spectacle que cette
2197 2287 3081 2332 série de petites estampes d’époque dans la
2186 2310 3078 2384 manière de Fragonard et de Lancret, qui eüt
2188 2372 3078 2424 malheureusement exigé une présentation infi¬
2200 2392 3074 2447 niment plus artiste. On eut l’impression de
2192 2438 3077 2491 gravures du xvur siecle reproduites lourdement
2204 2478 3071 2520 et gauchement pour des contrefaçons bon mar¬
2196 2520 3081 2566 ché. La légèreté extréme, pour ne pas dire le
2192 2547 3081 2591 libertinage résolu de ces anecdotes, donnent à
2189 2589 3073 2637 la soirée un piment auquel seront certainement
2189 2625 3069 2675 sensibles les amateurs. La deuxième partie du
2188 2663 3075 2709 spectacle traine un peu, mais, telle qu’elle est,
2199 2699 3081 2757 il faut goüter cette piéce, ou la qualité du livre
2182 2735 3079 2795 est encore perceptible. Certains épisodes,
2198 2779 3068 2829 comme celui de l’Eros mutilé, ne le cedent en
2193 2811 3080 2864 rien aux contes les plus libertins et ils ont été
2193 2852 3075 2897 traités avec une adresse remarquable. Mais, je
2190 2889 3077 2936 le répête, un semblable spectacle exigeait des
2190 2924 3080 2972 gräces achevées, le goüt le plus sür et des res¬
2197 2961 3076 3030 sources. qui, évidemment, dépassent celles du
2184 2996 2710 3066 modeste Théätre des Arts.
2217 3056 3077 3106 L’interprétation était malaisée pour une
2191 3085 3079 3154 troupe d’excellents artistes peu accoutumés à
2191 3145 3073 3189 des ceuvres exigeant le style et la désinvolture
2200 3175 3065 3232 dinterprètes raffinés de Marivaux et de Beau¬
2188 3215 3072 3273 marchais; celle de chez Darzens est un peu
2197 3261 3077 3313 lourde et ne sert la piéce que d’une façon bien
2184 3294 3064 3343 relative. II faut cependant citer Mme Berthe
2188 3332 3065 3389 d’Yd, Paul Castan, Jean d’Yd, Evrard et aussi
2191 3369 3067 3416 Mlle Yvonne Garrick chez laquelle on a re¬
2192 3401 3077 3463 trouvé quelques traces de T’expérience acquise
2192 3443 3074 3508 jadis dans son commerce du répertoire à la
2185 3478 2584 3546 Comédie-Française.
2775 3512 3045 3599 ANTOINE,
