3436 4320
293 153 826 265 11. Reigen
1017 143 1443 243 box 19/2
1571 441 2411 555 „OBSERVER'
1679 540 2365 602 I. österr. behördl. konzessioniertes
1635 585 2396 646 Unternehmen für Zeitungs-Ausschnitte
1695 635 2325 711 WIEN, I., WOLLZEILE 11
1773 694 2254 757 TELEPHON R-23-0-43
1579 811 1975 900 Ausschnitt aus:
1869 963 2087 1043 —
1804 1095 2163 1185 eee  eerene.
2239 1097 2323 1178 19
1531 1166 2057 1245 65, Av. des Champs
2172 1161 2414 1242 Octobre
1556 1221 1803 1291 0
1816 1220 2393 1306 EIySEEs 1932
1601 1271 1793 1348 er#esgersgesseeaseeesemuatee
1813 1294 2198 1380 PARTS-8—
1590 1401 2692 1529 PECTACLES
1477 1537 2672 1677 SA-R ROBERT KEME
1959 3028 2085 3092 1 A
2275 3025 2420 3114 D E
2076 3078 2325 3137 d Avenue.
1569 3109 2885 3194 a piece de Schnitzler était assurément bien audacieuse en son prin¬
1513 3117 2878 3238 E temps., Ses alcools ne nous brülent plus. Nous avons bu de si fortes
1481 3195 2885 3286 liqueurs.,. Peut-etre, à sa naissance, la Ronde était-elle une cuvre
1480 3236 2883 3326 cruelle; une comedie g rosse?? Aujourd'hul, elle amuse. Des dix
1498 3295 2890 3370 sketches qui la composent, on retient surtout le pittoresque et l’ironie.
1489 3335 2882 3399 Et précisément, c’est la-dessus que l'’exquise mise en scène de Pitoèff a
1491 3386 2884 3453 mis T’accent. On a fait des polkas avec la Murche funèbre de Chopin.
1477 3423 2892 3488 Pitoéff l’ingenieux a fabriqué, avec la Ronde, dix petits vaudevilles, dont
1488 3457 2887 3532 Ludmilla Pitoéff est la protagoniste incomparable. Une fille et un marin,
1475 3519 2886 3565 un marin et une bonne, la bonne et un jeune hommne, un jeune homme
1478 3563 2885 3632 et une bourgeoise, la bourgeoise et le mari, le mar et la midinette, la
1482 3603 2878 3672 midinette et l’auteur dramatique, l'auteur et la comédienne, la comédienne
1482 3651 2890 3719 et l’officier, l’officier gris et la fille.., & Le cycle est encyclé; comme oh
1475 3682 2883 3764 dlisait au temnps du symbolisme... Les feinmes sont faciles, les hommes
1474 3731 2886 3827 sont goujats'?... Nous n'allons pas nous en faire pour si peu l.. Charz
1466 3769 2060 3848 mante-söirée! Sans blague.
