3532 4384
1014 252 1443 336 box 19/72
297 254 941 359 11. Reigen
1222 867 1311 939 —
636 913 1259 1000 WIEN, I., WOLLZEILE 11
703 977 1177 1046 TELEPHON R-23-0-43
512 1092 881 1175 Ausschnitt aus:
496 1330 639 1390 vom:
457 1435 1469 1557 t d chnhuine
453 1640 1309 1741 be
445 1737 779 1820 Signafure
445 1846 725 1927 Cenihen
702 1953 1249 2015 GRTTTOUE THEATRALE
535 2006 1318 2069 O La Ronde n, d’Arthur Schnitzler,
722 2047 1237 2121 au Théätre de I’Avenue
619 2138 1414 2217 Lu Ronde v fut écrile il y a jusle
544 2200 1409 2258 50 ans. On la dirait d’hier, malgre und
540 2245 1405 2295 einpreinte marquée de Tecole naluraliste,
537 2290 1400 2350 si certains details connne cclui des bot¬
548 2343 1410 2404 tines à boutons ne nous rappelaient subi¬
548 2370 1193 2432 teinent su date de malssaner.
579 2412 1412 2477 Ene pierreuse se donne au maidiot. Lo
543 2459 1410 2531 metelot seduit la bonne. Celle-ci deniäise¬
548 2512 1411 2569 ie jeune étudiant. L’étucant conquiert ia
548 2554 1398 2602 feimme du monde, qui se soumet à son
553 2596 1407 2658 mnari. Le mari passe ine soirée avee la
543 2639 1402 2703 petite ouvrière, laquelle vient chez Pan¬
547 2682 1403 2749 teur à sücces, Frauieur devient P’amant de
541 2735 1417 2792 Pacirice en vogue qut accucille à son tour
555 2785 1420 2841 un offieler. Enfin cet officier se reveille
555 2827 1412 2877 un mnatinechez in fille que nons avons vue
545 2873 1410 2938 au debut. Le cercle est parcouru, In vie
546 2906 766 2966 continde.
588 2927 1401 3019 On songe d’auleur Hlait médeein) qusun
535 2993 1409 3057 microbe pathogene u bien pu suivre touf
544 3039 1408 3104 le cireuit, mais e'est Pamour, Pamoul¬
536 3092 1309 3137 désir que ce elinicien a vonlu traiter.
578 3131 1405 3202 Ml. Piloöff a ajuslé ces dix fablenux
539 3180 1394 3232 avec un art reinarquable; # tient jul¬
542 3225 1407 3282 mème le röle de Tofficier avcc beancoup
539 3263 1398 3319 d’humour. Alme Piloöff inchrne les eing
542 3306 1392 3376 fennnes avec une sensibilite, un espril.
537 3356 1395 3416 une souplesse hors pair. AIM. Dagand.
540 3400 1401 3461 Salon el Geno-Ferny jouent avec aisance
536 3444 1365 3512 e# maturel cette piece d’une apre ironie.
946 3485 1366 3549 Albert PARENTV.
1756 1697 2624 1797 „OBSERVER
1860 1787 2563 1851 I. österr. behördl. konzessioniertes
1822 1822 2598 1896 Unternehmen für Zeitungs-Ausschnitte
1891 1879 2515 1960 WIEN, I., WOLLZEILE 11
1963 1942 2442 2009 TELEPHON R-23-0-43
1789 2080 2158 2150 Ausschnitt aus:
2079 2107 2613 2200 CcColo dellaSerd Trieste
1791 2316 1927 2371 vom:
2203 2280 2623 2405 S. 0NT. 103 2
1879 2452 2628 2547 La Ronde, di Arturo Schnitzler
2219 2520 2620 2590 PARIGI, ottohre?“¬
1897 2578 2621 2628 (Camillo). L'ottimo Pitoeff ha volute¬
1854 2614 2606 2679 Ifarci udire (La Ronden dello Schnitzler,
1866 2644 2621 2715 un altro dramma sull’amore. In dieci
1874 2685 2621 2754 quadri il grande autore viennese ci fa
1864 2735 2610 2796 rassistere ad alcune coppie che fanno
1870 2778 2595 2823 l'amore — un amore di passaggio —
1872 2797 2611 2875 le questo ripetersi dello stesso atto per
1857 2845 2610 2909 dieci volte ingenera un po’ di fasti¬
1862 2887 2405 2956 dio e un po' di monotonia.
1898 2918 2609 2988 Meravigliosa addirittura la messa in
1871 2962 2616 3030 scena dovuta al genio del Pitoeff, ed
1863 2995 2618 3055 Feccellente, come sempre, la signora
1880 3045 2615 3100 Ludmilla, che sostenne, con l’arte sun
1878 3079 2615 3144 magistrale, dieci personaggi femmini¬
1868 3123 2629 3172 Ii: una serva, una borghese, un’ope¬
1859 3158 2649 3224 raia, un'attrice, una scrittrice, e vial
1852 3198 2057 3276 dicendo.
