3436 4320
288 112 872 227 11. Reigen
987 121 1439 214 box 19/2
1123 920 1437 1010 Ne pk DEarT-
1416 993 2044 1092 NEW-TORK-TINES
922 1038 1177 1122 Eatroll de:
1489 1070 1993 1156 NEW-TORK
936 1132 1136 1216 Adresse
1476 1174 1937 1302 12 MARS 1933
931 1250 1089 1320 Dale:
935 1337 1359 1419 Siqnafure ssse en un u
935 1426 1455 1517 — Eaposition: #seesssene ur urreeeen
1100 1504 2985 1638 DRAMA NOTES OF LONDON AND PARIS
1333 1643 2368 1729 Lonpön, Feb. 27. Ithat scarcely tested an actor who
2374 1660 3050 1747 the actor is deprived of two of the
1152 1694 1697 1764 UTSIDE one of the thea¬
1714 1712 2359 1763 appeared to me to be of the first
2367 1719 2987 1789 principal instruments of acting.
1147 1741 1705 1814 tres in London is a placard
1705 1750 2370 1812 rank—I will say no more of the
2390 1758 3049 1824 But what the amateur critics of
1712 1790 1882 1840 subject.
1083 1790 1693 1851 containing quotations from
2349 1778 3044 1862 English acting have failed to ob¬
1146 1835 1703 1884 published criticisms of the en¬
1712 1807 2355 1893 But of French acting I do know
2372 1836 3046 1896 serve is that deprivation of these
1031 1873 1702 1925 tertainment within. Special promi¬
1708 1876 2356 1932 a little, and the present visit of
2364 1886 3040 1942 instruments has begotten, in the
1036 1914 1702 1961 nence is given to the words of a
1713 1908 2359 1972 Pitoëff and Mme. Ludmilla
2372 1924 3041 1984 best English stylists, an increased
1030 1955 1701 2006 critic who has lavished praise upon
1703 1953 2365 2011 Pitoéff has enabled me to learn
2370 1962 3041 2024 subtlety in the use of those that re¬
1708 1989 2363 2051 more. What impfesses me is not a
2370 2004 3047 2058 main, much as blindness often be¬
1032 2035 1694 2081 which he describes it as Better
1710 2032 2351 2088 superiority of the French over our
2367 2043 3047 2103 gets a quickened sense of hearing
1030 2072 1689 2122 than in Paris, better than in Ber¬
1703 2068 2353 2132 own actors but the differences be¬
2359 2084 3039 2146 or of touch. The range of voice is
1030 2114 1689 2162 lin' is particularly emphasized. The
1705 2110 2357 2162 tween their merits. Uncritical En¬
2365 2125 3045 2183 narrow but, within that range, thei
1031 2147 1698 2214 placard caught my eye and inter¬
1709 2148 2348 2210 glish audiences are inclined to take
2365 2169 3031 2235 voice is more sensitive and flexible
1024 2193 1702 2253 ested me because it is designed to
1697 2203 2348 2254 English merits for granted and to
2361 2204 3028 2261 than the French. Gestures are very
1030 2234 1686 2282 appeal to a strange snobbishness in
1706 2237 2347 2295 attach an exaggerated importance
2361 2244 3044 2305 few, but, in consequence, the leastt
1030 2279 1694 2321 the English people—the snobbish¬
1696 2279 2351 2350 to those aspects of the art of acting
2363 2286 3039 2351 movement of a hand on a table is
1026 2317 1699 2366 ness which leads them to believe
1700 2316 2241 2383 in which the French excel.
2351 2323 3039 2383 effective—much more effective than
2082 2357 2137 2408 *
1032 2356 1703 2408 that, in matters of art and particu¬
2343 2364 3043 2430 a corresponding gesture would bei
1026 2403 1695 2447 larly of musical and dramatic art,
2355 2406 2593 2463 in France.
1712 2391 2356 2467 For example, the French surpass
1020 2437 1696 2504 foreigners are always their su¬
1700 2443 2360 2513 us in the expressive use of the body
2363 2432 3032 2506 It is, moreover, too often forgot¬
1020 2477 1213 2528 periors.
2355 2472 3038 2537 ten by the English that the Frencht
1687 2480 2349 2556 and the hands. In private life the
1038 2501 1688 2577 So strong is this prejudice in the
2359 2530 3047 2581 performances they see are not thei
1701 2530 2349 2589 English employ few gestures. In
1020 2557 1691 2616 world of music that many English
1700 2575 2353 2624 such a piece ass Galsworthy’s“The
2362 2575 3033 2634 commercial average of the boule¬
1023 2604 1694 2653 performers assume Russian and
1699 2608 2349 2670 Skin Game'' they would be out of
2362 2604 3036 2674 vards. Obviously, the work of theit
1026 2645 1692 2689 German names, being assured that
1697 2650 2345 2710 place, and a French cast, using its
2359 2653 3034 2713 Pitoeffs is greatly above the aver¬
1027 2685 1682 2736 unless they do so they will not be
2357 2686 3030 2749 age. They have appeared hith¬
1703 2699 2346 2748 natural method, would give to the
1015 2728 1681 2779 taken serlously in London. Actors,
2353 2726 3036 2798 erto in Strindberg’s Mademoisellen
1694 2735 2342 2790 play a falsely exotic colcr. The
1030 2761 1684 2821 as far as I am aware, have not
1695 2777 2346 2841 same is true of Loyalties,“ though
2364 2768 3033 2828 Julie' and in Schnitzler’s Lei
1015 2805 1679 2860 been driven to the same act of
2351 2816 3027 2871 Ronde.“ Techmen
1698 2812 2349 2869 here the principal character, De
1014 2830 1684 2898 innocent deception; against them
2353 2859 3034 2921 though her performance is, Julie is
1696 2855 2344 2912 Levis, being a Jew, could be
1023 2887 1684 2936 the anti-native distrust is not so
1700 2896 2343 2953 treated and was magnificently
2354 2898 3039 2958 not Mme. Pitoéff’s part, for Julie,
1019 2923 1687 2988 powerful; but it is powerful
1697 2932 2342 2992 treated by Ernest Milton, with a
2360 2943 3026 2997 at the beginning, should be in
1022 2973 1676 3022 enough, and nothing is more com¬
1684 2979 2339 3040 freedom of gesture and a variety of
2346 2980 3034 3050 physical appearance more of a girl
1014 3006 1678 3058 mon than to hear people in the
1697 3017 2341 3076 intonation which formed a valu¬
2356 3023 3029 3084 than Mme. Pitoéff makes her.
1023 3048 1680 3100 theatre extravagantly praising the
1696 3057 2337 3125 able contrast with the other, purely
2355 3061 3028 3120 The whole emphasis of the evil that
1007 3085 1681 3154 French or the American stage at
1686 3097 2146 3155 English, performances.
2336 3099 3031 3158 Strindberg depicted in Julie was in
1019 3125 1522 3183 the expense of our own.
1701 3137 2343 3196 No one who has given more than
2354 3144 3026 3203 the contrast between the alluring
1040 3160 1688 3229 I confess to a regretted ignorance
1691 3152 2336 3236 passing consideration to the sub¬
2346 3187 3019 3255 youth of her body and the gnawing
1017 3211 1686 3265 of the American stage, for I have
2347 3221 2793 3283 depravity of her spirit.
1684 3218 2340 3276 ject is likely to deny that the habit
1017 3255 1676 3307 never crossed the Atlantic. My
1691 3263 2358 3324 of the English, in life, of using a
2365 3257 3025 3327 I am not suggesting that in the
1011 3288 1680 3350 knowledge of American acting is
1684 3301 2344 3364 very narrow range of voice and
2348 3299 3014 3354 ordinary sense Mme. Pitoéff is
1018 3328 1689 3389 limited to what one may see of it
1685 3340 2337 3404 gesture imposes a great difficulty
2354 3348 3021 3409 too old for the part; this would be
1010 3366 1686 3427 from time to time in London, and
1691 3391 2339 3445 and limitation upon actors in nat¬
2354 3386 3023 3435 unjust and untrue; but she has,
1007 3412 1678 3466 beyond saying that I wish I had
1690 3426 2342 3481 uralistic English plays, particularly
2345 3432 3024 3488 even at the outset, a hardness pecu¬
1013 3464 2359 3530 seen Alfred Lunt in a better part in those plays that have the upper
1010 3508 2387 3559 than was his in Caprice'—a part glasses as their subject, for here
2415 3503 2999 3591 Continued on Page Two.
