3436 4384
983 116 1426 211 box 19/2
270 116 828 222 11. Reigen
863 821 1415 909 N·. DE DEBIT' IAeSeee de eteesestesenen un
978 886 1744 1027 PINTRAYSIGEANT
659 934 961 1050 Ertratt *)
1015 1000 1678 1111 RUE REAUMUR, 100, II
673 1025 958 1131 dresse 1
660 1131 1647 1264 Oue „. 25 SEPTEMBRE 1932
796 1183 945 1259 02
675 1226 1641 1302 Stonature
632 1338 1030 1421 Hion
1283 1414 1398 1471 66
2074 1419 2192 1489 „
1386 1422 2089 1512 LA RONDE
639 1647 2817 1727 Ohei Pabeb D Alerelen SethftrWZSEis
758 1711 889 1805 24
628 1786 2863 1847 Stevan Zweig écrivait, un jour, àl personnages, choisis dans toutes les ques théätres, à l’étranger, on se con¬
568 1817 2859 1876 Tpropos d’Arthur Schnitzler, l’auteur Telasses de la société, aux prises avec ltentait d’éteindre dix fois la lumiere,
2096 1871 2855 1922 mais cela devint vite fatigant pour le
590 1860 2108 1922 de La Ronde, Jüi Hönfäire la réou-l’amour. Le premier dialogue met en
2093 1910 2858 1971 public. Jai, je crois, réussi à tourner
1343 1906 2088 1954 Iscène une fille et unssoldat; puis, aux
602 1913 1353 1962 verture du Théätre de I’Avenue:
2092 1951 2361 2009 la difficulté.
601 1953 2091 2002 & Une jeune génération est lä quissa-dialogues suivants'on voit le soldat et
1342 1983 2096 2048 une fenmne de chambre, la femme de
2142 1969 2858 2046 & D'autre part, pour rendre l’auvre
586 1988 1351 2042 Inera cet artiste si profond, en depit
2101 2027 2863 2090 de Schnitzler plus attrayante pour le
1349 2032 2086 2087 chambre et un jeune homme, le jeune
588 2032 1347 2091 de toute sa gräce, si sérieux, derrière
1357 2068 2088 2113 homme et une femme mariée, la
2099 2069 2858 2129 public, j'ai un pen rajeuni son cadre.
584 2070 1351 2118 toute sa légèreé, et Taccompagnera
2101 2098 2851 2151 Lu Ronde a été écrite il y a environ
1350 2104 2087 2154 femie mariée et son mari, le mari et
594 2114 1345 2165 Ude notre amour et de notre venéra¬
1337 2132 2090 2199 une grisette la grisette et un homme
2096 2145 2844 2190 vingt ans, mais je n'ai pas hésité, par
598 2150 768 2201 tion. *
1358 2170 2083 2231 de lettres, Ihomme de lettres et une
2094 2183 2851 2224 exemple, à y introduire des chansons
617 2168 1351 2244 Arthur Schnitzler n’est pas tout à
1343 2217 2086 2280 actrice, l’actrice et un comte, ie comte
2089 2223 2849 2273 à la mode comme Les Gars de la Ma¬
595 2222 1348 2289 fait un inconnu en France; quelques¬
1352 2263 2094 2307 et une fille. La fille que T’on voyait
2092 2258 2840 2335 rine et les airs de L’Opéra de Quat'
599 2266 1347 2317 uns de ses romans: Mourir, Made¬
1351 2300 2232 2348 au début avec le soldat, on la revoit! Sous.
593 2301 1353 2355 moiselle Else, La Pénombre des dmes,
1357 2345 2105 2407 à la fin avec le comte et la ronde est
588 2351 1350 2403 ont connu un certain succès, et on
2124 2322 2864 2402 xllyavait encore une autre diffi¬
1353 2383 1650 2445 ainsi bouclée.
595 2386 1349 2437 n’a certainement pas oubiié son
2084 2370 2852 2449 culté. Dans La Ronde, il y a cing rö¬
1636 2406 1819 2483 00O
596 2423 1352 2485 Anatole qui fut récemment repris au
2087 2423 2850 2481 les de femmes et cing röles d’hom¬
603 2466 1054 2528 Théätre de I'Avenue.
2091 2453 2856 2524 mes. II est évident qu'il fallait qu'un
1363 2445 2080 2514 La difficulté pour monter une telle
627 2509 2089 2559 C’est à M. Georges Pitoéff que re-cuvre est de ne pas Jui ôter son
2096 2501 2846 2555 homme joue les cing röles d’hommes
586 2541 1354 2601 vient lhonneur davoir joué le pre¬
2100 2548 2851 2599 ou qu'une femme interprete les cind
1340 2539 2094 2594 caractère humain et pur, et de ne pas
585 2575 1353 2632 mier du Schnitzler en France, ily a
2097 2586 2847 2627 röles de femmes. C’est à la seconde
1343 2589 2088 2649 la transformer en une pièce légère.
2096 2620 2858 2669 solution que je me suis arrêté, car il
593 2619 2083 2684 de ia dix-huit ans, à une époque ouDans certains pays, on n'a pas hésité
2100 2662 2853 2710 me paraft évident que c’est la femme
602 2660 1338 2706 cei 1qui devait devenir directeur du
1343 2670 2093 2716 à montrer les personnages nus dans
597 2698 1345 2758 T! ätre de I’Avenue n’était encore
2090 2697 2846 2748 que Schnitzler a voulu nous montrer
1354 2705 2093 2756 le lit et à changer ainsi T’esprit
2086 2732 2854 2789 aux diverses échelles de la société,
588 2732 1333 2803 qu un étudiant en droit que l’étude
1351 2746 2088 2794 de Teuvre du grand dramaturge
591 2781 1341 2824 des pandectes et du code Napoléon ne
2099 2770 2856 2838 puisque ce sont les mémes mots, les
1343 2784 2083 2836 autrichien. C’est pour cette raison que
2098 2811 2849 2867 mémes phrases que ces femmes répé¬
592 2821 1343 2869 passionnait pas outre mesure, et qui,
1352 2826 2083 2870 Arthur Schnitzler, qui considérait La
2095 2853 2851 2907 tent aux mèmes moments. C’est Mmne
596 2859 1346 2913 avec quelques-uns de ses camarades,
1342 2867 2093 2933 Ronde comime sz meilleure piéce, ne
2091 2894 2850 2954 Pitoöff qui incarnera successivement
596 2905 1324 2939 avait formé une troupe d’amateurs.
1350 2903 1968 2957 tenait pas à ce qu’on la joue.
2090 2936 2858 2991 ces cing feinmes. Quant à moi, je me
619 2930 1344 2987 La pièce que M. Georges Pitoöff va
1371 2938 2088 2998 M. Georges Pitoöff à qui nous som¬
2094 2971 2698 3035 suis réservé le röle du comte.
577 2965 1341 3036 monter dans quelques jours a déja été
1337 2978 2090 3041 mes allés demander comnient i!
580 3015 1342 3060 publiée en France á la librairie
2123 3006 2842 3074 g Ainsi interprétée, La Ronde con¬
1344 3017 2091 3082 comptait monter Lu Ronde nous a
591 3050 1344 3115 Stock. Ce n’est pas à proprement par¬
1341 3055 1857 3121 tout de suite rassurés:
2080 3044 2848 3102 servera toute sa signification et le
596 3095 1344 3138 ler une pièce de théätre, mais une
2084 3100 2846 3156 public pourra apprécier la piéce capi¬
1428 3099 2093 3153 Tout mon mérite aura été, nous
594 3135 1342 3200 suite de dix dialogues ayant pour
2084 3119 2846 3187 tale de celui dont T’eeuvre est une
1345 3126 2082 3186 dit-il, d’avoir su trouver dix mises en
589 3164 927 3225 theme l'amour.
2091 3170 2853 3242 sorte de symphonie des destins sans
1347 3176 2081 3222 scène différentes pour éviter de modi¬
614 3217 2676 3285 Arthur Schnitzler nous montre dix #fier T’esprit de La Ronfe. Dans quel-Pespoir. 2 — Hrsnt PHiLippon.
584 3261 2836 3341 SIEEREEEEEEENEENHNNEENENENNRNLENEEEEEEEENERERREENENSEEREESP AERLERNENEEIEEEEEEEEREENEEREEENEEEEENEEEEEMEE
