3436 4320
1002 154 1411 270 box 19/2
271 162 847 265 11. Reigen
424 869 1272 987 „OBSERVER
518 968 1201 1031 I. österr. behördl. konzessioniertes
473 1019 1237 1078 Unternehmen für Zeitungs-Ausschnitte
532 1066 1173 1153 WIEN, I., WOLLZEILE 11
607 1138 1093 1190 TELEPHON R-23-0-43
425 1257 788 1332 Ausschnitt aus:
422 1477 578 1547 vom:
767 1616 962 1725 BOE
607 1690 1042 1822 I. NOV.
468 1821 1351 1916 Gastspiele Wien=Paris. Direktor Rolf Jahn
379 1864 1363 1955 vom Deutschen Volkstheäter in Wien will mit Emtil
387 1929 1357 1987 Jannings in der Hauptrolle Aufführungen von Ger¬
384 1962 1362 2037 hart Hauptmanns „Vor Sonnenuntergang“ in Pa¬
375 2011 1352 2060 ris veranstalten. Als Austausch wird das En¬
385 2040 1358 2107 semble des Pariser Theaters Pitoeff mit der franzö¬
383 2087 1358 2143 sischen Aufführung von Schnitzlers „Reigen“ mit
385 2122 1356 2202 Ludmilla Pitoeff ein Gastspiel in Wien veranstalten.
396 2163 1355 2231 Im Anschlusse an das Wiener Gastspiel plant die
389 2204 1353 2279 französische Bühne auch Aufführungen von Schnitz¬
373 2239 878 2317 lers „Reigen“ in Berlin.
2341 454 3179 569 „OBSERVER'
2437 542 3117 616 I. österr. behördl. konzessioniertes
2399 588 3159 669 Unternehmen für Zeitungs-Ausschnitte
2458 647 3076 724 WIEN, I., WOLLZEILE 11
2532 710 3006 770 TELEPHON R-23-0-43
2347 817 2720 906 Ausschnitt aus:
2691 1012 3142 1095 —
2391 1054 2838 1130 REVUE DE PARIS
2634 1116 2700 1147 —
2371 1118 2853 1196 117, Nvenue des
2925 1105 3249 1201 T. 106 DES
2371 1178 3192 1260 Chanps-Elysées. 1232
2571 1255 2851 1347 PARIS 8.
1525 1664 1670 1742 Se
1838 1652 2689 1817 LE THEATRE
1529 2027 2949 2139 Afthur Schnitzler: la Ronde. — M. Edouard Bourdet: la
1613 2102 2902 2202 Fleur des pots. — M. H.-R. Lenormand: les Sortileges. —
1610 2174 2651 2263 M. André de Richaud: le Chdteau des papes.
1599 2271 2949 2385 Les Pitoéff nous ont donné, pour leurentrée de jeu cette
1570 2364 2954 2444 saison, au théätre de l'Avenue, un spectäcle intéressant: la
1556 2411 2953 2500 Ronde, du Viennois Arthur Schnitzlei.L’euvre date de
1565 2493 2945 2563 quelque trente années. Une bonne traduction, parue chez
1560 2552 2959 2634 Stock, nous en avait déjà fait goüter l’agrément. C’est cette
1559 2606 2864 2686 traduction que nous retrouvons aujourd’hui à la scène.
1607 2658 2952 2718 Ona dit quela Rondese rattachait al’esthétique naturaliste.
1555 2716 2954 2807 Sous certains rapports sans doute, mais qui sont plutôt exté¬
1561 2772 2945 2863 rieurs. Propre au naturalisme, en effet, ce parti pris de compo¬
1554 2839 2955 2918 sition (ou d’absence de composition, si par composition l’on
1553 2898 2950 2977 entend une construction dramatique liée à une progression
1558 2950 2946 3012 d’intérét) lequel consiste à découper artificiellement dans la
1543 3016 2951 3092 réalité, on dans ce qu’on représente comme tel, des moments
1547 3057 2943 3148 distinets, des morceaux disparates, qui, ensuite, rapprochés,
1552 3126 2941 3186 juxtaposés avec une feinte nafveté ou une grosse malice,
1547 3184 2937 3251 tendent à illustrer quelque vue sommaire et toujours somhre
1551 3245 2936 3305 de la société, de l'humanité, de la vie. Ainsi procéde Schnitzler
1547 3305 2943 3368 dans la Ronde. De méme M. Pierre Rocher, dans Chambre
1549 3345 2942 3439 Thôtel, dont nous avons parlé au printemps, et que Baty vient
1547 3410 2953 3497 de reprendre au théätre Montparnasse. M. Pierre Rocher
1534 3464 2946 3575 est un jeune auteur. Ce qui prouve que le famenx . Natu¬
