3436 4384
266 310 1399 421 11. Reigen box 19/2
1907 507 2747 612 „OBSERVER
2046 590 2711 654 österr. behördl. konzessioniertes
1969 644 2731 706 Unternehmen für Zeitungs-Ausschnitte
2041 692 2659 768 WIEN, I., WOLLZEILE 11
2103 759 2601 828 TELEPHON R-23-0-43
2097 881 2390 963 Ne De Deuft.
2388 956 2850 1059 FIGTRO
1905 997 2173 1075 Eatrall de:
2227 1017 2927 1150 □ P CIHäFS ELIDEES 14, VüIr
1904 1104 2104 1168 Adresse
1901 1171 2191 1268 Date:
2248 1144 2912 1263 30 SEPTEMBRE 1932
1905 1281 2187 1351 Signature:—
1904 1386 2180 1445 Expesition. —
2024 1527 2807 1664 LES PRENIERES
1997 1719 2858 1789 AU THEATRE DE LAVENUE : 4 La
2027 1775 2865 1851 Ronde 2, pièce en dix tableaux d’Arthur
2033 1828 2854 1894 Schnitzer, traduite par Mme Suzanne
2021 1860 2775 1949 Clauser et MM. Remon et W. Bauer.
2023 1945 2876 2017 La pièce d’Arthur Schnitzler, qui vient
1990 2005 2856 2047 de représenter, au théätre de l’Avenue, la
1987 2052 2861 2101 Compagnie Pitoëff, a en une carrière mou¬
1990 2095 2858 2152 vementée. Interdite après quelques repré¬
1986 2135 2868 2176 sentations à Berlin, elle obtint, en 1918, à
1994 2174 2862 2234 Vienne, un tel succès de scandale que l’au¬
1987 2215 2860 2279 teur la retira de l’affiche. Depuis et jus¬
1986 2269 2849 2325 qu'à sa mort, qui eut lien l’année dernière,
1990 2313 2857 2357 il se refusa à la laisser jouer en Allemagne
1984 2354 2347 2419 ou en Autriche.
2023 2408 2858 2467 Le tort qu’avait la piéce, lors de ses pre¬
1996 2448 2863 2511 mières représentations, c’est qu’elle venait
1993 2492 2870 2552 trop töt. Aujourd'hui, le grief qu’on pour¬
1997 2541 2874 2585 rait lui faire, c’est qu’eile vient un peu
1996 2588 2879 2640 tard. La Ronde, qui date des environs de
1984 2619 2877 2688 1900, porte la marque du naturalisme. On
2053 2667 2874 2712 trouve ce souci, déjà désuet, d’ap¬
1993 2665 2055 2727 „
1996 2711 2868 2770 porter à la scène l’accent mème de la vie
1987 2759 2862 2804 et un goüt forcené de g faire vrai v. Ar¬
1986 2798 2863 2856 thur Schnitzler chérissait particulière¬
1994 2842 2864 2904 ment la vérité. On lui doit cette formule,
1988 2887 2868 2943 qui est devenue presque proverbiale dans
1987 2938 2855 2988 Ies pays de langue allemande: & Une illu¬
1982 2988 2865 3031 sion perdue, c’est un pas de plus vers la
1984 3015 2864 3071 vérité. 2 Et l'auteur de Lo Ronde ajoutait:
1996 3062 2860 3117 * Celui qui regrette cette illusion, c’est
1993 3117 2726 3180 qu'il n’est pas digne de la vérilé. „
2026 3150 2861 3219 Mais la vérité des naturalistes, c’est une
1988 3210 2873 3258 vérité de forme plus que de fond. IIs con¬
1993 3242 2878 3310 fondent souvent vérité et exactitude. Ce
1989 3299 2878 3346 qu'ils nous offrent c’est le vétement de la##
1996 3331 2864 3399 vie plutôt que son sens profond et caché.
1988 3381 2856 3440 C’est pourquoi La Ronde n’a point cette
1988 3426 2866 3486 portée philosophique qu’on Jui a géné¬
1991 3472 2850 3522 reusement attribuée. C’est surtout un do¬
1988 3511 2859 3573 cumentaire sur l’amour, un des premiers“
1994 3553 2862 3614 en date et d’une extrême hardiesse pour
1989 3595 2855 3659 son epoque. Mais depuis, il a été si sou¬
1985 3649 2765 3707 vent imité qu’il ne nous étonne plus.
2026 3689 2860 3755 Les dix scènes de La Ronde se ressem¬
1992 3745 2853 3785 blent quant au sujet. Elles sont faites pour
1988 3766 2859 3842 nous montrer les décepliens qu'entraine
1997 3824 2870 3891 T’amour charnel et ce sillage de tristesse
1989 3871 2850 3927 qu’il laisse dans l’äme humaine, L’obser¬
1998 3916 2858 3963 vation n’est pas neuve. Elle tient mème
1997 3960 2855 4006 en quatre mots latins. Les scènes qui for¬
1989 4006 2855 4059 ment la première partie du spectacle ne#
1995 4059 2854 4100 sont que l’illustration d’une formule bien
1994 4103 2856 4154 connue de Lucréce à propos d’un des mo¬
1992 4136 2568 4206 ments de la vie du couple.
2021 4186 2855 4244 Les personnages de ces aventures suc¬
1992 4249 2856 4287 cessives sont des personnages-lypes. IIs
