3484 4384
1010 129 1436 220 box 19/2
296 138 837 230 11. Reigen
699 626 1259 710 N· DR DEBTT   S
483 742 734 819 Erbait de
785 715 1342 826 PARIS-SOIR
507 807 1419 919 dresse RÜE ROYALE, 25, VIII.
496 942 658 998 Date:
715 966 1430 1027 ZP SEFTEMDHE TÖSZ
509 1039 943 1109 Signatureesrssee esmmsemn
499 1132 1131 1235 Ean Pehehdechehehehche
642 1211 1340 1332 bruils de coulisses
638 1347 920 1406 + CE SOIR:
687 1371 1365 1423 — Au Théätre de ’a Madeleine, à 21 h.
604 1417 1365 1462 15, répétition générale de Mozart, ccmédie
606 1451 1371 1507 de Sacha Gultry, musique de Renynaldo
617 1495 767 1543 Kahn.
741 1494 1375 1566 la Gaité-Lyrique, à 20 h: 30, pre¬
608 1543 1370 1609 mière représentation à bureaux ouverts
610 1592 1367 1642 de La Traviata, opéra de Verdi, et Les No¬
620 1623 1357 1684 ces de Jeannette, opéra-comique de Vie¬
607 1665 817 1723 tor Massé,
650 1711 1364 1787 & Le gala que Maurice Chevaller don¬
622 1764 1371 1821 nera vendredi solr, à la Salle Pleyel, est
620 1804 1371 1864 orgunisé par le grand fantalsiste au profit
616 1840 1349 1888 du dispensalre qut porte son nom. On y
605 1879 1374 1924 applaudira, auprés de lui, Pivella, et deux
621 1909 1372 1965 planistes hollandais dont, parait-il, la vir¬
613 1948 1096 2003 tuosité est extraordinalre.
642 1991 1369 2045 * Et le lendemain solr, samedl, au Cla¬
618 2020 1363 2072 ridge, aura lieu un diner offert par Mau¬
609 2054 1359 2108 rice Chevaller et les membres du Conseil
609 2098 1363 2146 dadministration aux dévoués médecins du
744 2127 1353 2173 salre, alnsi qu'au médeeinschef, le
757 2167 1362 2202 Liptschitz. C’est M. Camille Blal¬
763 2193 1356 2253 ien ministre de la Sahté publique,
755 2231 1049 2292 sidera ce diner.
746 2275 1364 2329 in de présenter un spectache tout à
604 2316 1361 2374 fait au polnt, M. Pitoöff reporte au mer¬
615 2347 1356 2398 credi 28 septembre, en solrée, la répéti¬
611 2369 1369 2426 tion générale de La Ronde, d’Archur
621 2413 1363 2480 Schnitzler, qui devalt avolr lieu le jeudi
605 2454 905 2512 22 septemhre.
642 2468 1378 2534 Za Ronde, qui formera le spectacle de
612 2521 1374 2563 réouverture du Théätre de I’Avenue, sera
614 2546 1363 2599 Jouée par Mme Ludmilia Pitoéff qut in¬
611 2598 1358 2641 terprstera les cing röles de femme de
608 2622 1370 2675 cette piéce. Elle aura pour partenaires
618 2662 1360 2706 dans les röles d’hommes: MM. Louls Sa¬
618 2686 1361 2737 lou, Raymond Dagand, Géno-Ferny et Pl¬
622 2725 1359 2778 toöff qut a camposé pour Le Ronde une
621 2770 1337 2819 miscien scène particullérement curleuse.
647 2790 1385 2869 F Sait-on qu'Arthur Schnitzler est con¬
613 2842 1373 2899 sidèré comme un des plus grands éert¬
616 2879 1374 2939 valn contemporains en Europe centrale?
609 2916 1373 2959 II écrivit des pieces de théßtre et des lI¬
621 2948 1376 3001 vres tres nombreux, parmi lesquels on
623 2976 1377 3042 eite pius particuliérement Fraülein Eise
609 3025 1361 3066 et Thereze, traduits dans presque toutes
617 3055 1363 3095 les langues. Littérateur d’avant-garde, 11
621 3087 1362 3141 est le seul qul, pendant la guerre, n’éeri¬
613 3120 1368 3183 vit pas un seul mot pour ou contre elle,
607 3166 1366 3216 sachant garder un mutisme étonnant,
620 3194 1363 3244 étant donné ses antécédents. Sa fille uni¬
616 3232 1366 3276 que étalt mariée à un officler de l’armée
618 3262 1363 3308 italienne. Elie mourut après la guerre.
620 3298 1367 3340 Arthur Schnitzler #n éprouva un immense
612 3335 1374 3381 Gfägrin. Tür-meme, resté scul dans sa vhla
612 3368 1296 3422 de Vienne, est mort il y a deux ans.
651 3405 1367 3471 * Gérard Cony, le fils de l’excellent ma¬
617 3453 1373 3502 rionnettiste, fétera avec Colat sa 100° re¬
625 3496 1355 3532 présentation, le jeudi 22 septembre. Le
615 3523 1367 3569 matin, à 11 heures, 11 recevra la presse et
625 3558 1365 3609 inaugurera, à 15 heures, une exposition
624 3598 1362 3636 de marionnettes, au & Gulgnol de Pa¬
615 3624 1281 3674 ris 5, du Parc des Buttes-Chaumont.
666 3644 1380 3718 * La répétition générale de Fonkt aure
617 3705 1384 3757 lieu le mardi Z. septembre, à l’Athénée. La
621 3739 1381 3784 distribution comprend définitivement les
621 3786 1380 3819 noms de MM. Aquistapace, Paul Bernard,
625 3811 1337 3874 Palau, et de Mlles Parisys et Lhéritler.
620 3890 1430 3973 Praurammadaclhäfl#s¬
2210 1059 2572 1199 RRATIS
1945 1197 2778 1306 „OBSERVER'
2042 1286 2734 1347 I. österr. behördl. konzessioniertes
2004 1324 2766 1395 Unternehmen für Zeitungs-Ausschnitte
2080 1381 2686 1454 WIEN, I., WOLLZELLE 11
2138 1441 2614 1508 TELEPHON R-23-0-43
1938 1568 2328 1632 Ausschnitt aus:
1806 1744 2259 1871 4 P P. 1832
2566 1761 3068 1880 B. Z. am Mittag, Berlin
1929 1944 2802 2093 Keine Theater-3 .2.
1916 2083 2786 2164 „Lady Fanny und die Hienstboten¬
1914 2117 2133 2192 frage“,
1919 2190 2787 2252 das seinerzeit von Tilla Durieux gespielte Lust¬
1912 2224 2803 2306 spiel Jeromes, ist als Kammer=Operette bear¬
1919 2267 2798 2357 beitet worden. Die Musik komponierte Theo
1923 2310 2117 2375 Mackeben.
1903 2401 2313 2491 Otto Wallburg
1903 2469 2790 2550 wurde vom Wiener Burgtheater für die Haupt¬
1916 2511 2792 2598 rolle von Molnars „Harmonie“ definitiv ver¬
1905 2559 2787 2629 pflichtet. Die Uraufführung, deren weibliche
1914 2603 2792 2694 Hauptrolle Rose Albach=Retty übernommen hat,
1916 2647 2578 2733 wurde auf den November verschoben.
1903 2769 2635 2852 Arthur Schnitzlers „Reigen“:
1911 2816 2775 2900 wird in Poriarnn dem Theater der Pitoöffs
1899 2883 2777 2950 neu aufgeführt, wobei Ludmilla Pitoöff sämtliche
1910 2920 2787 2997 Frauenrollen darstellt, während die Männer
1905 2954 2082 3017 wechseln.
1904 3044 2231 3117 Käte König
1892 3102 2780 3178 singt allabendlich neben Richard Tauber das
1901 3155 2770 3222 Hannerl im „Dreimäderlhaus“ im Theater des
1896 3188 2078 3246 Westens.
1886 3263 2485 3345 „Jede Rache rächt sich“
1889 3315 2763 3407 ist der Titel eines Gesellschaftsstückes von Her¬
1886 3372 2778 3458 bert Eulenberg, das im Oktober an die Bühnen
1878 3410 2196 3474 versandt wird.
