3436 4384
299 117 960 218 11. Reigen
999 113 1440 202 box 1972
2111 3774 2168 3815 ern
2123 3805 2166 3858 10
2192 188 2680 260 N· DE DEBIT   ee den
2483 262 2947 375 FIGARO
1988 302 2298 385 Ertroi CF
1994 352 3025 472 Adresse □ K·P CHARPS ELISEES 14, Ur
2182 460 2298 533 —l.
1984 503 2150 563 Date:
2163 512 2951 609 □ 23 SEPTEMSAL TÖSZ
1989 610 2975 673 Signature essssesesserenrersetersasseseesereneeseenenentueen eeense uen meneeenane
1997 703 2625 780 Erpostl##n
2144 786 2842 866 Notes et Informations
2162 925 2411 994 On annonce
2160 969 2907 1034 La rcapparition prochaine, à la téte d’un
2142 1009 2882 1063 grand théätre parisien, de M. Victor Sil¬
2144 1056 2882 1096 vestre, qui fut le dernier directeur du Vau¬
2136 1093 2282 1140 deville.
2203 1105 2877 1177 — Eest lündi 26 septemhre, à 0 h. 15,
2142 1168 2887 1209 que 1’(Euvre rouvre ses portes pour la répé¬
2133 1195 2885 1263 tition générale de Corps d Corps, de For¬
2144 1242 2265 1290 dyce.
2234 1277 2894 1333 Le Théätre des Variétés, pour ne pas
2145 1326 2884 1363 se rencontrer avec le Théätre de I’(Euvre, a
2138 1347 2880 1390 décidé de remettre à lundi 26, en matinée,
2150 1381 2902 1433 la répétition générale d’deril, de MM.
2142 1417 2702 1486 Geerges Berr et Louis Verneuil.
2185 1493 2903 1540 Voici la distribution des Mousquetaires an
2148 1528 2889 1580 Convent, que reprend ce soir la Gaité-Ly¬
2154 1573 2277 1616 rique
2177 1571 2888 1655 MIM. Péraldi (Brissac), Duvaleix (Bridai¬
2145 1644 2890 1679 ne). Rozani (Gontran), Descombes (le Gou¬
2146 1666 2884 1707 verneur), Darnois (Pichard), Négerv (Lan¬
2145 1700 2882 1748 glois), Pérans (Farin), Rouchy (Rigobert),
2149 1732 2891 1781 Gillard (premier moine), Péronne (deuxième
2155 1777 2312 1818 moine).
2182 1786 2901 1858 Mmes Jane Laugier (Simonne), Maguy
2154 1844 2889 1883 Moréni (Marie), Simone Rouvière (Louise),
2145 1882 2895 1924 Nyssor (ia Supérieure), Gaillard (Scur Op¬
2355 1901 2891 1955 Cécyls (Tacqueline)), Sutter
2157 1910 2346 1955 portune),
2160 1936 2897 1991 (Jeanneton), Bérylic (Claudine), Valtenbach
2163 1976 2890 2022 (Margot), Donval (Agathe). Vaillard (pre¬
2148 2002 2830 2055 miere Scur), Moréna (deuxième Scur)
2192 2039 2902 2104 Orchestre dirigé par M. Albert E. Ja¬
2156 2071 2270 2129 Cobs.
2242 2128 2907 2180 „’OPERa. — Demain soir, Rigeletto
2165 2169 2896 2219 (avec Mmes Norèna dans le röle de Gilda.
2158 2205 2900 2249 et Manceau dans celui de Madeleine; MM.
2162 2248 2903 2295 Singher et Bergnes dans ceux de Rigoletto
2157 2272 2900 2331 et du duc de Mantoue); et Coppélia, dansé
2167 2312 2437 2369 par Mlle Ceres.
2203 2376 2907 2429 A LA CoMEpIE-FRANçAISE. — Demain, à
2164 2419 2907 2464 8 heures: cinquantenaire de la création des
2164 2451 2901 2497 Corbeaur (MM. Croué, Léon Bernard, dans
2152 2481 2906 2538 le röle de Tessier; Lafon, Lucien Dubosg,
2158 2533 2903 2568 Pierre Bertin, André Bacqué, M. Le Mar¬
2156 2549 2909 2601 chand, Le Goff, Claude Lehmann, Echou¬
2172 2595 2904 2637 rin, Mmes Suzanne Devovod, Marie Bell,
2163 2620 2910 2683 André de Chauveron, Catherine Fonteney,
2168 2657 2515 2712 Nizan, Jeanne Sully.
2204 2678 2900 2733 Après le premier acte, des poèmes de
2158 2721 2899 2775 Henry Becque seront dits par MM. Léon
2160 2757 2902 2804 Bernard, Roger Monteaux, Mmes Andrée de
2167 2794 2614 2851 Chauveron, Jeanne Sully.
2200 2851 2909 2918 A r’Opkoy. — Ce soir, dans Le Chemi¬
2175 2910 2910 2963 neau, Mlle Denise Mellot jouera, pour la
2172 2940 2668 2996 première fois, le röle d’Aline.
2260 2968 2910 3051 Demain, en matinée: Le Rosaire, La
2173 3024 2445 3075 Nuit d’ockohre.
2197 3089 2914 3144 Au THEATRE SaRau-BERNHAkDr. — Di¬
2174 3140 2907 3179 manche prochain, Ces Dames aur chapeaur
2179 3176 2914 3228 verts seront données en matinée avec l’inter¬
2183 3211 2627 3261 prétation de chaque soir.
2484 3241 2595 3282 —
2202 3269 2909 3323 La distribution du Scandale. à la Porte¬
2173 3306 2834 3369 Saint-Martin, est fixéc ainsi qu'il suit:
2219 3331 2934 3407 Mme Vera Sergine (Charlotte Férioul),
2177 3388 2918 3431 M. Arquillière (Maurice Férioul), M. Ar¬
2176 3427 2924 3463 mand Bour (Parizot), M. Pierre Morin
2182 3456 2915 3494 (Jeannetier), M. Menaud (le Préfet). M.
2168 3483 2926 3531 Desmoulins (l'amiral Gravière), M. Ray¬
2164 3514 2934 3579 Roy (G. de Béricux), M. Tiske (Raduel),
2140 3575 2914 3639 " M. Marco Behar (Gruz). M. Scipion (le
2167 3627 2918 3662 chauffeur). Mme Neith-Blane (Mme Fé¬
2166 3651 2917 3701 riou! mère), Mme Simone Lencret (Mme
2165 3685 2917 3734 Auger), Mme Dylma (Margardiou), Mme
2168 3719 2919 3766 L.. Montlaur (Mlle Blanquette), Mme Meu¬
2171 3754 2905 3791 nier (Miss), Petite Jacqueline Pacault (Mar¬
2168 3786 2914 3836 thon Férioul), Petite Lulu Pacault (Riquet
2176 3814 2920 3883 Férioul). M. Samson Fainsilber jouera le
2167 3851 2469 3904 röle d’Artanczzo.
2189 3921 2915 3986 Dans la pièce de M. Arthur Schnitzler,
2168 3979 2933 4020 que le Théätre de l’Avenue monte ence mo¬
2161 4015 2911 4056 ment, Mme Ludmilla Pitoëff incarnera cing
2169 4041 2918 4084 types de femmes différentes. Le titre de la
2157 4059 2915 4132 piece est La Ronde. La date retenue pour la
2172 4107 2320 4142 genérale
2413 4111 2586 4143 •8 septem
2595 4112 2633 4158 —
