3532 4320
994 146 1932 213 Stqnature
983 239 1324 316 Exposihon
1475 254 1605 319 —
1258 317 2383 423 Vogue Off Imtermatiomallisom-
2381 327 2608 438 Five
1506 402 2385 526 Works From Britaim
1238 393 1389 528 S
1178 553 1905 628 By THE DRAMATIC CRITIC
1917 560 2706 628 'yellow journalism“: this work also vas
1926 610 2611 664 given at the Ambassadeurs theatre.
1169 605 1920 682 TNTERNATIONALISM now the
1948 640 2686 705 Three plays, which may be convenien¬
1278 671 1936 749 world-fashion in experi¬
1931 667 2686 739 UIy classed as Danubian, were produced.
1908 713 2693 772 Ithe most striking being Mr. Lajos Zila¬
1153 725 2687 809 mental polities, has become ash###-#e#chological crime comedy.“ pre¬
1155 769 1920 850 feature, perhaps only temporarily
1930 788 2689 845 sented at the Madeleine under the title
1918 816 2694 877 lof" Cette Nuit-la“ in a brilliant
1146 825 1908 893 but not the less notable, of
1925 853 2691 902 Freuch adaptation by M. Denys-Amiel.
1147 879 1913 945 theatrical activity in Paris. That
1925 890 2694 948 the author of" Trois contre Une.“ the
1918 917 2690 979 great Freuch success of ihe past season.
1149 931 1911 987 18 to say, the Paris theätre, considered
1956 961 2705 1040 The other Danubian“ importations¬
1144 965 1912 1028 as a body. is giving more attention to
1928 995 2044 1047 were:
1147 1009 1913 1064 the dramatic output of other nations
1146 1047 1912 1104 than seemed necessary to it in that
1972 1042 2597 1101 Cabrioles.“ a cardonic füntasy
1150 1076 1904 1138 period of ancient history: "before the
1915 1057 2696 1147 Mr. Lerneth Holenia, produced at the
1153 1110 1281 1149 war.“
1914 1117 2684 1181 Théätre de 1’(Euvre and owing not a
1190 1127 1903 1198 Then. M. Antoine and M. Lugne-Poe
1928 1151 2684 1210 little cf its effect to the humorous ima¬
1140 1180 1903 1244 had the foreign dramatic field almost
1919 1184 2674 1246 gination of sthe principal actor. M. Pules
1145 1215 1907 1272 to themselves sc far as Paris is con¬
1923 1223 2685 1280 Berry. wlio öften gives vousthe impris-!
1146 1246 1908 1309 zerned. Well nigh älj that had been
1928 1259 2681 1306 sion thal he is improvising his, lites hut
1147 1282 1900 1346 dene until 20 years ago to acchinatise
1915 1293 2677 1360 is alwars enjovable, perhaps for that.
1146 1319 1906 1379 in Frapce plays by non-French authors
1916 1328 2267 1388 very reason; and
1145 1350 1907 1416 was düe to their efforts at the Theütre
1959 1360 2655 1426 L'Ange.“ a studg in polyandry, by
1150 1391 1903 1445 Libre and, on a more comprehensive
1921 1398 2679 1466 M. Melchior Lengyel. cleverly adapted by
1148 1421 1573 1480 scale, at the Guvre.
1912 1437 2670 1495 M. Jean de Letraz and presented at the
1185 1462 1906 1517 As à contrast, take the record of the
1919 1476 2335 1540 tiny Studio de Paris.
1143 1488 1897 1554 late season in Paris. At ten different
1140 1531 1904 1591 theatres, not fewer than 24 works, new
1913 1525 2428 1614 Birth Control Drama.
1142 1570 1882 1628 to Paris, were imported from abroad.
1939 1595 2681 1670 The Austro-German drama was repre¬
1135 1606 1687 1694 Britain's Contribution.
1912 1646 2684 1708 sented by the late Arthur Schnitzler's
1930 1686 2675 1746 Reigen.“ as one might-sa#,looping the
1170 1682 1897 1750 Five of them were of English origin.
1918 1707 2677 1783 loop in sensuality, given under the title
1134 1726 1904 1795 a significant detail. For, not very long
1916 1757 2671 1827 of" La Ronde“ by the Pitoeff company
1143 1769 1903 1823 ago, in French estimation, the English
1911 1789 2367 1838 at the Avenue theatre:
1139 1804 1897 1858 drama began and ended with Shake¬
1960 1824 2680 1881 Acide Prussique,“ a drama of birth
1143 1830 1900 1904 speare. And even Shakespeare was a
1912 1866 2680 1927 control, by Dr. Friedrich Wolf (adaptor,
1132 1876 1894 1944 literary curiosity rather than a living
1911 1898 2675 1963 M. Lucien Martin), and Miracle á,
1138 1907 1472 1955 force in drama.
1910 1934 2663 1978 Verdun.“ a curious war“ mystery“ by
1178 1932 1895 1999 The five works produced here last
1905 1969 2678 2019 the unfortunate Austrian author, Hans
1136 1980 1896 2041 season are: Kanna,“ given at the
1913 2003 2669 2053 Chlumber.; who was killed by falling
1138 2013 1894 2068 (Euvre, the Freuch version of" Pay¬
1901 2036 2677 2107 through an open trapdoor on the stage
1128 2047 1883 2116 ment Deferred.“ Mr. Jeffrey Dell's
1905 2076 2665 2135 of the theatre where his play was being
1122 2092 1699 2136 drama of Nemesis at work;
1889 2103 2676 2161 Trehearsed, a few hours before it was to
1168 2102 1879 2179 Trop Vrai Pour Etre Beau“ (TOc
1910 2145 2676 2200 have been performed for the first time.
1126 2141 1889 2210 True To Be. Goodi, at the Théätre des
1909 2180 2673 2243 Both of these last-named plays were
1124 2197 1886 2242 Arts. Mr. George Bernard Shaw's latest
1908 2218 2675 2273 produced at the old Bouffes-du-Nord, re¬
1131 2222 1880 2286 whark at accepted notions on every sub¬
1891 2246 2674 2318 christened Théätre d’Action Internatio¬
1118 2249 1238 2333 decl
1889 2285 2670 2350 nale. It was intended to become a home
1226 2272 1878 2352 Locataire du 3e. Sur la Cour
1896 2326 2668 2384 of the ultra-modern drama, but the en¬
1127 2329 1896 2380 (The Passing of the Third-Floor Back),
1899 2355 2411 2414 terprise died inechildhood.
1121 2367 1890 2417 given at that same Théätre des Arts
1123 2403 1892 2456 with considerable success, though the
1118 2427 1899 2496 mystical spirit of Jerome K. Jerome's
1126 2463 1902 2524 comedy is at the antipodes of what is
1118 2508 1892 2569 regarded conventionally, therefore super¬
1115 2537 1716 2604 ficially, as the Parisian spirit:
1193 2571 1902 2628 Les Hommes Perdus.“ a French
1112 2590 1901 2654 adaptation of" White Cargo.“ Mr. Leon
1122 2647 1905 2707 Gordon’s drama of white civilisation in
1126 2686 1900 2745 a tropical environment, it had but a
1122 2708 1795 2776 short career at the Potinière; and
1185 2743 1888 2795 Signor Bracoli.“ adapted spiritedly
1111 2780 1903 2833 by M. Jacques Deval from Mr. Michael
1117 2821 1905 2883 Morton's dramatisation of Miss Chris¬
1118 2852 1668 2905 tie's detective story, Alibi
1669 2862 1894 2911 : given at
1111 2890 1897 2952 the Gymnase, it also was not long-lived.
1121 2935 1620 3014 Masterly Adaptation.
1150 2997 1905 3072 Four of the foreign plays were
1117 3040 1900 3107 American by birth, the finest of then
1116 3079 1598 3130 being Mon Aimée,“
1607 3092 1903 3143 Mr. Sidnen
1114 3125 1888 3173 Howard’s They Knew What They
1111 3155 1900 3207 Wanted,“ a romantic and interesting
1113 3195 1898 3243 comedy of manners in a Little Italy of
1113 3226 1886 3270 Southern California; though admirably
1106 3260 1894 3316 translated by M. Charles Vildrac, the
1108 3302 1877 3344 poet-author of Le Paquebot Tenacity.“
1102 3336 1899 3396 its delicate qualities, like those of certain
1104 3373 1901 3430 most estimabie French vintages, proved
1104 3405 1881 3474 incapable of surviving transportation far
1107 3441 1377 3490 from home.
1147 3479 1883 3528 The other American productions were:
1099 3507 1889 3567 the Ferber-Kaufman comedy Dinner at
1100 3544 1877 3603 3,“ given at the Ambassadeurs in a mas¬
1100 3577 1875 3638 terly adaptation by M. Jacques Deval;
1110 3614 1476 3677 it had a long run;
1172 3638 1877 3694 Spread Eagle.“the Brooks-Lister sati¬
1107 3680 1862 3727 rical arraignment of“ dollar diplomacy.“
1108 3728 1886 3777 presented at the Gymnase as 145 Wall
1110 3759 1874 3806 Street“ in an excellent adaptation by
1102 3788 1872 3852 Mlle. Eve Curie, her debut, and a very
1113 3831 1818 3886 successful onc, as a dramatist. and;
1151 3865 1516 3918 Edition Speciale.“
1529 3865 1874 3915 udapted by Me.
1105 3878 1888 3950 Heury Torres, the celebrated barrister¬
1105 3935 1865 3979 parliamentarian, from  Five-star Spe¬
1099 3959 1877 4034 cial.“ Mr. Weitzenkorn's melodrama of
