3436 4384
294 298 877 387 11. Reigen
991 291 1421 364 box 19/2
2078 253 2795 292 La chose g sainte et sublime 9, l’union
2054 285 2791 331 des deux étres, l’amour, vollà précisé¬
2062 310 2796 365 ment sur quoi s’acharne Schnitzler. II
2060 357 2781 393 est vrai qulil ne considère que l’amour
2054 391 2787 428 physique, le brusque passage du désir
2056 423 2794 463 à la satiété... Sa série de sketches nous
2060 449 2786 494 montre que, du haut en bas de la so¬
2060 486 2784 527 ciété, le mäle repu est non pas seule¬
2055 519 2785 562 ment mélancolique, comme le proclame
2062 553 2794 592 un illustre adage latin, mais mufle et
2052 579 2569 646 goujat, abominablement I..
2086 623 2794 665 Entre la fille et le soldat, — qu’on a
2050 671 2759 709 remplacé, à l’Avenue, par un matelot, —
2052 702 2786 743 les choses vont vite; et Ihomme, aprés
2054 732 2790 775 une étreinte rapide, s’enfult, sans un
2055 764 2793 802 merci... Le g jeune homme ) n’est pas
2052 798 2794 844 beaucoup plus courtois envers la femme
2049 835 2792 871 de chambre complaisante... Mais peu à
2048 866 2785 914 peu, la comédie amoureuse se compli¬
2044 896 2793 952 que, car les intelligences s’affinent, si
2041 935 2657 986 les instincts restent primaires.
2705 969 2802 1020 les
2078 973 2624 1016 Le méme jeune homme,
2040 1009 2793 1066 sketches de la Ronde s’enchainent l'un
2046 1044 2781 1092 à l’autre par l’un de leurs personnages,
2036 1075 2794 1120 alternativement I’homme et la femme,
2052 1113 2781 1157 — est obligé de déployer plus d’art,
2042 1138 2786 1186 pour conquerir la femme du monde; au
2046 1182 2794 1217 point que l’art affaiblit l’instinct et le
2050 1215 2787 1257 fait, un instant, défaillir.,, La femme in¬
2057 1246 2793 1286 fidele ruse savamment, à son tour, avec
2050 1286 2787 1323 le mari... Le mari joue au virtuose avec
2053 1314 2791 1359 la midinette la midinette heurte son
2046 1347 2786 1392 ame simple aux raffinements préten¬
2061 1382 2801 1428 tleux de Ihomme de lettres, lequel
2059 1416 2794 1463 trouve une actrice plus cabotine et plus
2052 1446 2354 1498 forte que lui.
2082 1491 2791 1533 Enfin, la ronde revient à son point de
2054 1525 2793 1572 départ.., A la fille, dans la rue noire,
2057 1566 2721 1603 sous le reverbère à flamme jaune.
2077 1602 2808 1640 Les premiers sketches sont un peu
2051 1648 2793 1685 écceurants.,, Comme dit Méphisto, c’est
2053 1675 2791 1710 g la bestialité dans toute sa candeur.., )
2055 1709 2793 1756 Les autres, plus fins, — des comédies
2051 1737 2798 1793 en miniature, des comprimés psycholo¬
2691 1776 2745 1805 1
2061 1779 2795 1818 giques, — ont un agrément assez vit. Et
2052 1804 2794 1861 T’ironie des dernières scènes est plus sa¬
2058 1842 2799 1885 voureuse que le rude alcool des scènes
2053 1875 2241 1927 initiales.
2089 1922 2799 1964 La Ronde suggère un certain nombre
2053 1948 2791 2008 de réflexions. Lorsque Schnitzler l'a
2055 1984 2797 2028 écrite, — er s’amusant, je pense, — elle
2051 2025 2791 2069 a pu paraitre pessimiste, äpre, venge¬
2049 2059 2799 2098 resse.. C’était du g théätre rosse 9, ou
2061 2093 2789 2129 comme, on l'a dit plus tard, des & tran¬
2058 2126 2788 2159 ches de vie ); coriaces et de goüt vio¬
2056 2152 2796 2200 lent... Aujourd'hul, c’est une suite de
2060 2194 2801 2230 petites dröleries. Le comique des situa¬
2065 2232 2795 2269 tions, la lamentable misère de cette sé¬
2064 2266 2801 2303 rie de & conjonctions s, nous font irré¬
2063 2293 2802 2329 sistiblement rire. Je pense que le trés
2063 2326 2809 2380 intelligent M. Pitoéff l’a voulu ainsi. Sa
2077 2365 2803 2403 mise en scène, ingénieuse, spirituelle,
2077 2400 2807 2434 met l’accent sur le ridicule, non sur le#
2076 2430 2796 2468 tragique. C’est fort bien, et il faut le
2072 2468 2807 2507 féliciter! II est possible qu’il alt parfois
2073 2503 2808 2544 trahi les intentions originelles de l’au¬
2073 2528 2683 2577 teur. Encore n’en crois-je rien.
2697 2533 2823 2588 Mais
2078 2566 2691 2611 Schnitzler ne s’en plaindrait pas.
2091 2608 2815 2658 Ensuite, remarquons que la drama¬
2069 2623 2812 2695 turgie en & chapelet n de la Ronde est
2070 2677 2810 2717 Taieule de celle qui eut tant de succès
2074 2712 2802 2757 aprés-guerre, et qu’on nous disait neuve;
2059 2752 2813 2798 la technique, tres exactement, des Ratés,
2063 2786 2811 2828 de Main et de Chambre dhôtel. Ce n’estt
2070 2807 2815 2874 pas la forme d’art la plus savante, la
2065 2841 2809 2895 plus raffinée. C’est la plus simple.. Cel¬
2067 2887 2813 2936 le des images d’Epinal ou, plus noble
2070 2914 2810 2962 comparaison, des fresques narratives des
2072 2950 2812 2987 peintres primitifs; les Giottos de Padoue
2073 2987 2817 3031 ou la chässe de sainte Ursule, oserais-je
2079 3019 2821 3062 dire, si un rapprochement entre ces pu¬
2075 3048 2821 3102 retés et ces impuretés n’était pas révol¬
2072 3078 2813 3136 tant. En somme, nihil novi.. On le sa¬
2075 3113 2179 3162 vait.
2105 3147 2810 3204 J'ai dit le piquant de la mise en scé¬
2071 3193 2809 3236 ne; il faut louer aussi la qualité de l’in¬
2071 3227 2813 3276 terprétation. Mme Pitoöff joue adorable¬
2081 3260 2808 3295 ment les cind röles de femme ! Peut¬
2075 3299 2812 3342 etre T’attrait de la piéce serait-il plus
2079 3331 2809 3368 grand si la fille, la femme de chambre,
2069 3356 2807 3403 la jeune femme, la midinette et l’actrice
2082 3398 2813 3431 n’avaient pas méme taille, méme voix.
2061 3423 2800 3473 Mme Pitoëff se borne à changer de ro¬
2078 3462 2811 3502 bes et de chevelures. II faut convenir
2072 3500 2816 3531 qu'elle est ravissante en blonde l.. Dans
2073 3527 2807 3570 chaque röle, elle est exquise. Mais son
2079 3556 2827 3606 interprétation de la midinette esquise
2079 3599 2803 3655 sant la biguine en cabinet particuller
2079 3636 2803 3678 m'a paru d’une qualité tout à fait rare.
2073 3669 2809 3719 La biguine et le yo-yo, dans cette vieille
2075 3702 2812 3743 piéce, confirment la volonté de rajeunis¬
2083 3732 2821 3772 sement, l’indépendance, la pétulance de
2077 3767 2309 3808 M. Pitoëff!
2094 3797 2806 3836 II est lui-méme un des interprêtes
2068 3817 2810 3875 masculins. II n'a pas choisi la meilleure
2074 3867 2810 3907 part en s’attribuant le röle du comte.
2068 3890 2816 3940 Bel exemple! M. Geno-Ferny est excel¬
2064 3937 2804 3987 lent dans les deux scènes du mari trom¬
2077 3965 2807 4007 pé et trompeur; et M. Salou, — le jeu¬
2079 4004 2767 4044 ne homme et l’homme de lettres.,
2065 4032 2808 4092 pour ses débuts, s’est affirmé un comé¬
2074 4069 2816 4128 dien de classe, aisé, pittoresque, un
2071 4101 2629 4148 remarquable comique à froid.
2505 4139 2803 4200 Robert KEMP
2418 4171 2536 4214 4—
2355 4206 2529 4260 un
