3484 4384
299 333 960 413 11. Reigen
1004 335 1447 419 box 19/2
1378 1413 2023 1491 zustdotauese, op Sopogisea se.
1333 1466 2034 1533 od ojieso,p peid un aus auseutef
1335 1509 2042 1570 V. opqusuiojjen) ej anb isuje ojjus
1332 1570 2035 1627 vom 91 19 osoqus odoung,] surp
1326 1609 2043 1666 steuufgesop ej siem ’sufsion sou¬
1326 1649 2034 1706 b neeaju euetu ne quomsluge] 919
1350 1704 2053 1763 nemman-aaninan11-1-#'snon
1446 1817 1859 1885 ENe uE DEBTT E. S
1635 1911 2196 1989 POPULAIRE
1251 1939 1511 2018 an
1550 1978 2255 2058 9, RUE VICTOR MASSE, Ix¬
1248 2035 1465 2111 G
1536 2068 2218 2205 29 SEPTEMBRE 1932
1259 2125 1402 2192 Date:
1913 2174 1989 2242 B
2005 2182 2129 2245 E
1242 2210 2263 2294 Signature K
1271 2324 1884 2394 Enposition:
1319 2374 2089 2515 Sburrier desSpectacles
1442 2547 2089 2604 Demain, à l’Opéra, le célebre opéra
1349 2587 2075 2643 de Richard Strauss, Le Chevalier d lo
1332 2614 2081 2669 Rose. réunira la superbe interprétation
1342 2656 2077 2697 qui comprend, pour les principäux röles:
1351 2681 2078 2728 Mme Campredon, M. Huberty, Mlle Mä¬
1346 2723 2088 2759 rise Ferrer, M. Henri Fabert. Mlles La¬
1356 2746 2094 2803 val. Lapayrette, M. Wärnery, sous la
1348 2779 1897 2842 direction de M. Ph. Gaubert.
1409 2806 2095 2866 — La Ronde. d’Arthur Schnitzler. dont
1347 2846 2082 2895 la répétition génèraie avaft lien hier
1345 2885 2086 2940 soir au Théätre de 1’Avenue, comporte
1346 2909 2086 2963 cing röles de femmes st eing röles
1355 2953 2079 2992 d’hommes, mais il n’y a, dans chacun
1355 2977 2079 3031 des dix tableaux de cette niece, que
1355 3003 2070 3055 deux acteurs en scène: unc femme et
1355 3033 2074 3076 un homme. Aussi, le metteur en scène
1355 3072 2089 3108 a-t-il Ja faculté de faire jouer indiffé¬
1352 3095 2160 3161 remment la pièce par deux acteurs, un 1
1358 3144 2114 3183 homme et une femme, ou par eind
1358 3175 2105 3218 hommes et eing femmes, ou encore par
1373 3204 2103 3242 un homme et eing feinmes ou une fem¬
1376 3237 2108 3279 me et cing hommes. C’est à cette der¬
1365 3264 2109 3308 nière formule que s’est rangé M. Pitoéif
1367 3306 2119 3339 qui a confié à Mme Ludmilla Pitoêff les
1366 3322 2116 3361 cing röles de femmes. Mmne Ludmilla Pi¬
1367 3353 2118 3412 toêff est donc successivement: la fille,
1353 3389 2113 3447 la femme de chambre, la jeune femme.
1344 3423 2116 3481 la midinette et enfin l’actrice. A#ses
