3436 4384
1002 292 1444 372 box 19/2
310 303 854 395 11. Reigen
782 917 1239 993 SSLaWL
993 987 1321 1069 eile Nr. 11
981 1036 1198 1105 28.0-4
471 1278 1229 1395 L’INTRANSIGEANT
526 1375 1175 1481 RUE REAUMUR, 100. II
544 1513 1135 1616 — Cbroche Hosz
473 1607 1000 1679 P0.— —
1100 1629 1274 1691 —
475 1715 802 1764 11 eee
496 1839 1250 1935 Oi neatre 0
502 1966 1251 2031 THEATRE DE. LAVENUE (Compa¬
542 2019 1254 2073 gnie Pitoéff). — La Ronde, pièce en
545 2058 1253 2122 10 tableaux, d’ArthurSchnitzler,
545 2089 1252 2150 traduite par Suzanne Clauser, M.
544 2129 1023 2186 Rémon et W. Bauer.
539 2170 1263 2232 U faut féliciter M. Pitoöff d’avoir.
501 2226 1263 2262 drec des mopens restreints, mais une
495 2254 1252 2300 7oi inébrankable, monfé cette piece d’Ar¬
500 2289 1263 2337 thur Schniteler, né d Vienne en 1862 ct
509 2323 953 2367 mort Ponnée dernière.
542 2356 1251 2405 C’est, je crois bien, Antoine qui la sit
499 2398 1262 2441 connaitre cheg nous, au beau temps du
508 2431 1260 2471 naturalisme en steun; mais alors, et
509 2465 1252 2508 depuis, la présentation de La Ronde,
504 2491 1259 2545 teuvre de jeunesse de Schniteler, soule¬
508 2531 1252 2568 rait des difficultés d’ordre scénique, les¬
498 2569 1252 2625 quelles poraissdient insurmonkables dur
509 2597 837 2645 4 techniciens 2.
544 2638 1252 2681 Pitoëff les a surmonkées, auec le con¬
497 2675 1251 2717 cours de sa femme qui joue, arec mai¬
501 2695 1263 2742 trise, les röles d’une pierreuse, d’une
509 2732 1255 2775 bonne, d’une femme du monde, dune
499 2777 1159 2821 midinette et d’une grande detrice.
554 2802 1254 2843 Car it ne se rencontre pus tous les
504 2836 1269 2884 jours une comédienne capable Cincar¬
506 2879 1263 2917 ner dans la mème soirée, eing person¬
506 2913 1261 2954 nages aussi différents que ceun de cettc
505 2947 1265 2992 chaine des dames. Tcamour donne d
503 2975 1260 3011 Taction son unité. L’amour, non, mais!
493 3011 1258 3058 1e désir seruel, lu convoitise plus forte
503 3049 1257 3097 que tont. Cest elle qui méne la ronde.
504 3081 1254 3128 Quand ie désir est salissait, ckacun re¬
494 3108 1257 3160 tourne immédiatement d son écuelle, d
504 3142 1271 3206 ses occupations et d ses soncis quoti¬
506 3183 1259 3247 diens. Lamour-tyran n’u retourne pas,
492 3214 914 3261 Jui, aussi facilement.
540 3246 1252 3293 Schnitzler qni excellait dans la nou¬
490 3286 1257 3332 velle, la brève narration, d été juste¬
492 3322 1250 3374 Ment comparé d notre Maupassant. Les
494 3360 1257 3394 dir tableaug de La Ronde sont dir nou¬
495 3394 1247 3439 velles rapides et qu'une dpre ironie
501 3424 1245 3473 sous-jacente drrache d la hanalité.
496 3459 1252 3502 Schnitzler, fils de médeein, médeein Jui¬
502 3505 1244 3542 mème. regarde la comédie kumaine en
504 3532 1248 3573 clinicien et ne nous fait assister, dans sa
504 3572 1247 3608 8d pièce, qu'd de légères opérations suns
502 3601 1246 3632 danger pour le patient. Lo rie continuc.
536 3636 1243 3681 I faut méme tout le tulent de Tauteur
494 3670 1242 3706 et toute Tadresse du metteur en scène
490 3700 1245 3751 pour ne pas rendre monotone, à la sin,
494 3724 1247 3785 le défilé de ces animang que leur ins¬
498 3762 1254 3827 tinct conduit au fouet pers le plaisir
492 3799 955 3848 phusique d’un instaant.
544 3837 1247 3882 C’est tout de mème un spectucle d
493 3865 1250 3921 voir; il a trouné dans Ludmilla Pitoöff.
508 3900 1252 3954 dans Pitoéff, Lovis Salon, Geno-Fernn
498 3938 1258 3987 et Raymond Dagand, les interprêtes que
502 3978 1246 4016 devait souhditer Schniteler, ceug qui ne
507 4012 1247 4058 trahissent pas sd pensée #n# # mélant un
497 4048 1249 4092 peu d’érotisme d beaucoup de mélan¬
497 4074 662 4128 colie.
762 4103 1216 4171 LUCIEN DESCAVES.
2431 442 2886 554 „GRAFRUER
2528 907 2740 961 KA
2165 910 2705 988 N• DE DE1T
2321 1005 2921 1102 LE JOPRKAL
2249 1093 2999 1155 RUE DE RICHELIEG, 100, II
2233 1214 2806 1301 Wecrecne Wer
2741 1347 2932 1405 —
2448 1452 2631 1499 —
2214 1488 2927 1548 LES PREMIERES ET LES REOUVER¬
2179 1528 2561 1578 TURES DE CE SOIR:
2205 1557 2912 1611 Au Théätre Mogador & 20 h. 30 tres
2183 1603 2922 1660 précises, première de l'Auberge du Chevalt
2181 1637 2909 1670 blanc, d’Erik Charell, adaptation de M. Lu¬
2181 1668 2913 1709 eien Besnard, lyrics de M. René Dorin,
2176 1698 2554 1739 musique de Benatzkv.
2244 1714 2920 1767 Ala Potinière, à 21 h., première (cou¬
2179 1758 2915 1810 pons vlolets) du spectadle du Théätre rüsse
2185 1786 2378 1832 Karoussel.
2246 1820 2277 1851 —
2274 1800 2799 1862 Au Théätre Montparnasse. à
2183 1848 2921 1890 réouverture: reprise de Chambre d’hôtel,
2173 1878 2566 1916 de M. Pierre Rocher.
2285 1893 2909 1961 A leeu d’elephiant, à 24—u., reou¬
2165 1908 2449 2011 verture, 94
2166 1994 2920 2078 OPERA. — Ce sotr, M. Marcel Journet
2242 2043 2923 2086 falt sa rentrée dans le role du rol, de
2176 2078 2911 2122 Lohengrin, qul est un de ses plus beaux
2169 2107 2911 2150 succès. M. Viliabella fera sa rentrée lundt
2174 2143 2910 2182 dans le röle de Marouf, que le brillant
2162 2169 2845 2212 artiste chantera pour la premilère fols.
2164 2191 2906 2254 (OMEDIE-FRANGAISE. — M. Denis d’ines
2230 2231 2920 2281 fera sa rentrée mardt dans Modemot¬
2163 2262 2919 2308 selle de la Seiglière et jouera le lendemaln
2166 2296 2902 2332 les Grands gurçons. Ce mème solr, Mme
2166 2317 2911 2361 Dussane fera également sa rentrée dans
2168 2350 2923 2397 le Deptt amoureur, et elle paraitra le di¬
2170 2385 2914 2428 manche 9 octobre, en matinée, dans I’Ecole
2169 2408 2433 2450 des bourgeois.
2265 2430 2911 2485 L'abonnement aux matinées dassl¬
2177 2466 2901 2510 ques du Jeudi (billens blancs) commencera
2169 2505 2908 2553 Jeudi prochain avec le Baiser, Rodogune st
2176 2539 2663 2576 l’Anglais tei qu’on le parle.
2246 2555 2914 2619 première représentation de la série
2177 2584 2729 2628 rose aura lien le jeudt sufvant.
2176 2620 2589 2672 DORTE-SAINT-MARTIN,
2637 2617 2902 2668 Aujourd’huf à
2333 2657 2910 2694 . 45, matinée populaire à; prix
2176 2686 2913 2736 réduits du Scandale, le chef-d’euvre d’Henry
2172 2713 2906 2759 Batallle. (Prix des places de 3 à 19 francs.)
2236 2752 2913 2794 Matinée à prix rédults tous les Jeudis
2170 2774 2384 2813 et samedis.
2199 2804 2899 2848 DONDE D’AMOUR.— Ludmilla Pitoëff dans
2163 2841 2772 2883 40 les cing femmes de la Ronde, de
2175 2846 2905 2916 ler, misc en schne et dir décors d##err.
2163 2896 2916 2944 au Théätre de l’Avenue. Tous les solrs et
2175 2930 2783 2967 demain en matinée. Ronde d’amour.
2169 2957 2904 3004 FIMH. MICHIEL. — La répétition générale de
2207 2985 2911 3036 Valentin le Desossé, de M. Claude-André
2174 3017 2898 3080 Pugel, est reportée au jeudi 20 cctobre en
2166 3047 2312 3084 soirée.
2217 3065 2905 3128 MBIGU. — Topaze, le chef-d’euvre de
2169 3082 2907 3157 A. Marcel Pagnol. Aujourd’hul, matinée
2167 3140 2901 3185 populaire. Orchestre à partir de 10 francs.
2166 3177 2903 3219 DENAISSANCE. — Aujourd'hul, matinée
2165 3207 2899 3255 40 populaire à prix tres réduits de la Dame
2171 3230 2440 3268 de ches Murim.
2159 3251 2898 3314 HVIIANON-LYRIOUE. — Tous les solrs, la
2188 3291 2846 3340 1 délicleuse opéreite le Grand Mogol.
2172 3312 2903 3369 (RAND-GUIGNOL. — 145- de Serunlité et
2151 3354 2904 3402 U Zanzi-Bor. Aujourd’hul, matinée à 15 h.
2156 3387 2895 3430 TIIIIEATRE FIGARO. — La répétition géné¬
2188 3403 2219 3445 1
2221 3421 2903 3450 rale de la revue Figaro-Cocktail est re¬
2151 3447 2892 3479 portée au mardi 14 octobre en solrée. Mer¬
2147 3475 2902 3534 credi 12, réception du service de première
2153 3496 2477 3540 à bureaux fermés.
2152 3527 2897 3584 DERFECTIONNEZ-VoUS dans la langue
2219 3567 2895 3614 anglaise en allant au Théätre Albert-Ter
2157 3591 2898 3641 entenüre Edward Stirling et les English
2149 3611 2905 3673 Players. Aujourd'hui ei demaln à 14 h. 30,
2159 3657 2896 3704 The Importance of being Eurnest, d’Oscar
2161 3679 2898 3737 Wilde, et cc soir à 20 h. 45, While parents
2155 3719 2897 3755 sleep. Lundi soir dernière de la saison angl.
2219 3744 2896 3792 N CE MOMENT, toutes les femmes disent
2145 3742 2885 3819 L a leurs marls: * Ce solr, Je vals volr
2151 3798 2892 3854 Mon amant! Le mari, enchanté, répond:
2157 3840 2883 3883 * Entendu, ma chérie, Je l’accompagneral! .
2155 3860 2899 3915 Et tous les deux partent pour la Scala, on
2153 3900 2888 3943 triomphe en effel Mon umant, la joyeuse
2143 3921 2629 3965 Popéreile de M. Victor Allx.
2185 3958 2897 3995 E PETIT MONDE effeciuera sa réouver¬
2157 3989 2887 4033 1 füre, zux Folles-Wagram, un des pre¬
2147 4012 2901 4064 miers Jeudis d’oclohre, aver le Petit Cha¬
2156 4044 2906 4103 peron roupe, de Alle Thérèse Lenötre,
2138 4074 2651 4129 d’après le conte de Perrault.
