3436 4384
169 335 1326 449 KONIGUE DES
1311 346 2975 462 1HEATRES DE TARIS
193 481 2679 624 THEATRE DE LAVENUE (Compagnie Pitoöff): La Ronde, piece en dix tableaux d’Arthur Schnitzler,
662 572 2179 673 traduite par Mme Suzanne Clauser, MM. Remon et W. Bauer.
535 638 2364 748 THEATRE DE LEUVRE: Corps d corps, trois actes de Mile Fordyce.
163 759 563 839 qui est arce
552 754 1428 848 pec jadis assez proche, d’une désinvol¬
1429 770 2302 866 liberté. Le ton des rendez-vous change,
2296 781 3202 863 Vienne, en 1918, on la joue encôre, et
168 827 555 886 e premier anteur
566 836 1433 899 ture inliabituelle. C’éiait le  vrai #,
1429 844 2295 915 varie avcc la montée sociale; tontes
2300 866 3181 916 encore elle fait scandale. Schnitzler re¬
168 874 561 943 de son époque 2,
563 874 1431 949 ie vrai que l’on ne veut pas admettre
1427 891 2296 962 les répliques de ces dialogues ne con¬
2303 902 3187 970 Tusa, dés lors, aux théätres allemands
165 915 547 982 Pnte traductrice,
555 925 1434 994 au premier abord lorsqu'il apparait,
1433 937 2305 1009 tiennent que l’essentiel: la coquetterie
2305 957 3125 1010 et autrichiens de monter Lu konde.
171 970 555 1034 écrivit La Ronde
563 984 1434 1027 avec ses nudites sans artilice, aussi bieno
1429 992 2310 1057 de la femelle, sa reculade, son eri d’ap¬
2343 999 3191 1066 Elic est montée à l'Avenue avec un
191 1017 550 1088 ans. Ces préci¬
568 1021 1430 1105 en littérature qu'en peinture. Voyez la
1434 1038 2303 1105 proche, sa peur, sa soumission, puis
2306 1039 3181 1106 goüt et un art parfaits. Et, à côté de
203 1057 562 1127 pour que l’on
561 1060 1424 1136 gloire de Manct et songez au ricane¬
1427 1092 2302 1158 son désir de tendresse; et, de la part
2293 1098 3177 1159 Mme Pitoöff, MM. Dagand, Geno-Ferny.
171 1106 564 1181 aleur, Lo Ronde.
557 1124 1429 1187 ment qui accueillit ses premiers ta¬
1431 1132 2294 1194 du mäle, T’ardeur rusée, le mensonge,
2294 1148 3184 1207 I Pitoölf sont le Soldat, le Mari, le Comte.
186 1161 555 1225 d’une hardiesse
563 1162 1423 1237 bleaux, ceux-la mômes qui, aujour¬
1428 1180 2293 1249 le désir tout court et, ensuite, T’ennui,
2302 1194 3180 1270 M. Louis Salou, après avoir été le jeune
164 1200 555 1283 le sujet que par
559 1216 1422 1281 d’hui, s’imposent admirables. Chacun
1428 1231 2269 1290 le détachement, la liberatrice cigareite
2298 1250 3170 1301 homme, est &# l’homme de lettres 2,
168 1256 561 1320 e. C’était, à cette
551 1270 1429 1320 des tableaux vivants de La Ronde n'a
1425 1283 2303 1333 pipe, etc., etc., fumée de cet acte déja
2292 1289 3183 1356 infatué dans une scène, et rabroue dans
169 1303 565 1368 uralisme, et du
551 1318 1420 1374 pas la méme valeur. Les premiers sont
1429 1331 2301 1396 cendre des son principe. Pour complé¬
2299 1336 3173 1410 l’autre, et ily est tres amusant. Décors
186 1346 567 1420 , et de Gerhard
550 1362 1425 1429 les moins bons, sans doute parce que
1430 1372 2295 1448 ter ces images, j'aimerais quelques
2289 1387 2728 1466 jolis et ingénieux.
169 1396 560 1470 gne. Mais, cette
553 1399 1422 1472 la rencontre bréve nous étant montrée
1424 1426 2296 1495 rencontres d’animaux, et méme d’in¬
164 1451 557 1510 sifs, formant un
557 1464 1420 1510 entre des créatures d’assez basse caté¬
1417 1469 2301 1528 sectes: voir Mmne Pitoöff en chatte, en
2674 1442 2780 1546 *4
169 1497 550 1564 n,avant Schnitz-
560 1510 1419 1566 gorie, les mots sont sans fard, la häte
1424 1521 2299 1587 jeune génisse, en cavale, en colombe,
2334 1532 3178 1606 Le Corps d corps, de Mlle Fordyce
174 1547 555 1608 la scène? En
547 1545 1425 1606 est plus triste. Mme Pitoéff est, tour à
1427 1572 2299 1639 en libellule.. Pensons à Fahre et à
2304 1559 3179 1652 (que nous avons déjà applaudie pour
167 1579 548 1659 #n scène avec
549 1596 1421 1670 tour, avec une rare maitrise, la fille des
1422 1607 2297 1680 Gourmont... Au fond, cette Ronde hu¬
2289 1638 3179 1704 son talent d’actrice dans Paris), révele
170 1635 549 1704 venue, vous pen¬
551 1655 1423 1720 rues, la servante, la petite cuisinière,
1424 1669 2299 1728 maine, sauf dans la scène de Tactrice,
2302 1691 3177 1759 de vraies qualités de théätre. Elle devait
174 1690 545 1748 amenx de Maia,
553 1699 1425 1775 une e femme mariée ## ridicule et infi¬
1423 1703 2301 1783 nous montre, en amour, l’infériorité de
2295 1729 3177 1797 jouer le röle d’Antoinette, la # femme
173 1732 548 1798 Fécente Chambre
559 1739 1425 1818 déle ou conjugalement décue, une mi¬
1423 1760 2289 1822 la femme, tôt délaissée, toujours ber¬
2289 1773 3180 1843 d’affaires 2. Elle a, parait-il, rendu son
172 1786 549 1855 èsque Baty re¬
551 1787 1426 1856 dinette dansante, pauvre petite mon¬
1426 1810 2285 1870 née... Mesdames, pour vous dédomma¬
2292 1822 3183 1896 röle deux jours avant la générale en
167 1831 542 1898 parnasse). Mais,
556 1832 1419 1918 cheronne de luxe — une des plus ravis¬
1425 1859 2284 1922 ger, liscz les histoires de la pariade au
2284 1881 3178 1931 disant qu'elle ne reconnaissait plus le
177 1885 552 1945 nitzler n’osa pas
545 1898 1421 1953 santes réussites de Mme Pitoöff — et
1429 1908 2292 1971 scorpion, de la mante religieuse, de
2300 1927 3175 1995 texte de sa piéce. Or, son lexte, nous
170 1920 555 1995 nsure monarchi¬
550 1940 1419 2002 une actrice à la mode g jouant's son
1419 1942 2285 2021 Taraignéc.,. Là, ces messieurs sont man¬
2296 1969 3171 2031 affirma en un aimable avant-propos
177 1980 549 2042 et il garda long¬
554 1987 1423 2047 röle d’amante comme si elle le vivait
1412 1997 1552 2070 868.
2291 2023 3163 2088 M. Pierre Lagarde, est absolument res¬
161 2031 555 2097 né le manuserit
546 2031 1421 2102 à la scène, en outrant les effets, et iro¬
1456 2024 2283 2116 La Ronde, dont les héros sont à la
2290 2068 3168 2133 pecté. Et un e homme d’affaires 2. ma¬
168 2072 542 2138 njeune talent
549 2084 1418 2152 nisant ses déclarations. Que d’art, que
1422 2086 2294 2164 recherche du bonheur au dela de
2293 2123 3174 2173 nuscrit en main, assista à la générale
163 2126 544 2185 osophe poétique
548 2133 1418 2198 de talent, que de dons multiples sont
1426 2136 2292 2204 Tamour et qui ne parviennent qu’a
2293 2163 3174 2234 pour étre bien sür que ce Corps d corps
178 2164 550 2233 ret auteur dra¬
551 2175 1427 2249 nécessaires pour réussir ces appari¬
1415 2202 2284 2259 etreindre un moment de désir dont l’il¬
2282 2196 3179 2276 Pctait aussi un mot d mot. Cette pièce,
168 2216 543 2284 Soup comparé à
551 2218 1420 2292 tions successives, ces personnages fé¬
1417 2238 2287 2312 lusion est aussi breve que vite dissipee,
2287 2261 3175 2320 à la fois sérieuse et légère, est d’un
163 2260 547 2335 utant que j'en
547 2270 1413 2337 Dmninins allant de la pauvreté à l'aisance,
1413 2279 2279 2349 La Ronde, lorsqu'elle fut jouée à Ber¬
2290 2309 3168 2371 dialogue excellent. Jai parfois pensé,
178 2313 547 2382 roir des tradue¬
539 2307 1417 2399 à la richesse, à la bourgeoisie, à la
1405 2311 2280 2421 lin, fut interdite par la censure. A
2292 2353 3170 2404 en l’écoutant, au Marcel Achard de
184 2356 559 2436 adéja paru en
2296 2401 3171 2472 Voulez-vous jouer auec mod. Et, G’ail¬
180 2409 564 2474 que La Penom¬
2284 2456 3168 2515 leurs, les trois actes de Fordyce pour¬
178 2456 547 2522 les nouvelles de
2277 2497 3161 2554 raient tres bien s’intituler Voulez¬
184 2506 554 2568 .— letalent de
2281 2547 3159 2604 vous travailler auec mod?...s Antoi¬
169 2546 553 2626 De part de mys¬
2287 2596 3168 2670 nette est une Irène qui cherche son
170 2600 558 2674 ne trouvons pas
2276 2629 3158 2707 Lewis, — (Achard.,, Morand.,, excel¬
177 2649 564 2724 s romans, enfin
2285 2681 3157 2768 lents parrainages..)— elle a la passion
167 2704 558 2767 dcuvre de l'au¬
2280 2732 3168 2812 de l’édition et de la librairie; au pre¬
174 2744 552 2815 tzler devint cé¬
2283 2785 3158 2843 mier acte, elle n’est que libraire et, de¬
174 2792 555 2861 n trois actes:
2283 2844 3165 2922 beut sur une échelle, range des livres,
182 2840 545 2909 nt, il chérissait
2277 2887 3152 2946 cependant que Lucien, un de ses amou¬
179 2885 549 2958 ux formant une
2280 2924 3168 3007 reux, monte à cette échelle de l'autre
179 2933 552 3014 ate et renouée,
2286 2973 3161 3057 côté. Echelle de Voulez-vous jouer.,, et
182 2984 539 3050 destin, les ren¬
2287 3038 3156 3094 de jadis à l’Atelier. Antoinette ne veut
176 3032 539 3100 rement, rappro¬
2288 3081 3157 3137 pas de Lucien, qui n'est ni riche ni
177 3083 550 3154 divers. Anatole
2287 3130 3169 3194 travailleur; elle a un amant, Hébert,
168 3132 547 3210 Stoire composée
2285 3176 3163 3238 qui, riche, la maintient en son röle
168 3169 534 3238 Eie de skeiches.
2275 3209 3156 3283 d’employée, puis de gérante, et ne veut
183 3225 534 3294 ice, Mme Clau¬
2279 3272 3157 3339 pas en faire son associée. Elle le plaque
184 3272 550 3340 rese succédent
2283 3317 3149 3386 donc et accepte de Phil, gentil et incom¬
171 3321 537 3396 es: Puracelse,
2283 3368 3155 3440 pétent, de l’argent et de l'amour. Puis,
179 3367 536 3449 Route solitaire,
2289 3420 3167 3476 elle plaque à son tour Phil, dépensier,
184 3420 548 3484 L'Ame est un
2281 3462 3165 3535 insonciant, béta et tendre, pour Pierre,
203 3460 544 3527 le, La Comédie
2273 3502 3157 3584 en qui elle croit flairer le commandi¬
219 3519 537 3589 vivantes, Les
2284 3560 3156 3631 taire fastuenx. Phil se tue, — en cette
197 3565 538 3634 seur Berhardi,
2282 3611 3164 3669 piéce, les hommes sont faibles, — et,
199 3612 540 3676 ant de chefs¬
2284 3663 3153 3734 pour le venger, il se découvre que Pierre
217 3648 541 3732 ublic Enthon¬
2285 3704 3163 3753 n’est qu'un farceur, et vonlaite se
205 3703 537 3778 rand potterise
2284 3748 3166 3831 faire entretenir par Antoinelte qu'il
201 3759 538 3825 orc, sä pensée
2276 3786 3157 3871 crovait à la téte de gros capitaux. En
200 3808 540 3875 sa langue plus
2269 3835 3156 3912 ce jeu de l'amour et du labeur, la va¬
212 3848 542 3927 pieces en vers
2278 3897 3143 3957 leur de lhistoire devrait étre le carac¬
211 3900 534 3968 pa et Le Che¬
2284 3943 3158 4023 tère d’Antoinette, cette jolie femme
186 3943 534 4012 eréé an Burg¬
2277 3990 3149 4064 amoureuse de travail, de gains et de
179 3989 530 4071 ort.: J'ai cité
2274 4028 3147 4098 liberté morale qufelle trouve en ses son¬
181 4033 539 4111 kis, parce que,
2272 4090 3157 4152 cis de magasins et d’administrations,
193 4092 533 4165 vre étrangère,
2281 4141 3147 4203 soins qui satisfont en elle des désirs
186 4134 537 4206 qu'a écrit son
2267 4188 3142 4250 plus profonds que ceux de la tendresse
184 4187 529 4253 cupe en la lit¬
2267 4219 2661 4283 r D#n17.
215 4233 513 4301 quel rang la
