3436 4384
273 273 866 365 11. Reigen
972 265 1417 344 box 1972
1646 279 2479 434 „OBSERVER“
1739 371 2428 474 1 Osterr. behördl. konzessioniertes
1694 410 2443 533 Onternehmen für Zeitungs-Ausschnite
1766 475 2382 593 WIEN, I., WOLLZELLE 11
1818 542 2305 623 TELEPHON R-23-0-43
1765 705 2193 793 N· DE DE
1581 800 1806 872 Errtraft de
1910 771 2529 923 LE JoraAI.
1565 905 1764 980 Adresse
1856 870 2584 993 30e Dr Richzzied, 100, II
1563 991 1712 1069 Date
1847 991 2521 1139 30 SEPTEMERE 1932
1550 1099 2529 1205 Siqnature
1549 1197 1795 1269 Emposition
1702 1642 2169 1718 A5
1617 1665 1716 1743 11
1840 1685 3026 1806 PREMIERE PARISIENNE
2206 1772 2242 1816 —
2373 1781 2759 1826 —
1671 1837 1775 1904 44
1744 1861 3175 1947 La Konde au Theatre de 1 Avenue
2317 1933 2524 1988 —
2436 1971 3162 2030 sai de représentat#.Hlya de cela quel¬
1703 1975 2412 2037 Je ne sais qui touchera les droits de
2432 2020 3180 2062 ques années à ###corne? Eh bien, cette
1675 2029 2416 2069 reproduction des pièces que l’on joue en
2429 2063 3175 2102 piéce a les desuts de construction du
1675 2056 2413 2108 ce moment, mais ils seront abondants.
2431 2084 3176 2139 genre naturaliste, elle nous donne dix
1676 2100 2413 2138 Chacune compte, en effet, un ou plu¬
2432 2109 3179 2180 tranches de vie, elle pourrait tout aussi
1686 2129 2422 2175 sieurs accouplements et celle que l’on
2438 2165 3168 2203 bien nous en donner cent ou mille.
1683 2163 2411 2212 nous donna hier soir, de. l'’Allemand Ar¬
2433 2195 3174 2232 Mieux encore, 1l s’agit de nous montrer
1678 2196 2419 2240 thur Schnitsler,comporte un acte.
2428 2218 3178 2269 que. dans tous les milleux, les rapports
1676 2227 2419 2269 sexuel par scène, et ilyen a dix! C’est
2436 2265 3164 2301 de lhomme et de la lemme sont identi¬
1685 2262 2419 2311 Mme Pitoéff qui supporte brillamment
2435 2284 3162 2337 ques lorsqu'il s’agit de désir sexuel et
1688 2295 2413 2340 tous ces assauts sous des visages diffé¬
2434 2329 3163 2379 que c’est tout au plus si l'hypocrisie croit
1685 2328 2417 2378 rents et jamais l’intelligente artiste ne
2441 2364 3168 2407 avec le rang social. Evidemment, de lä
1675 2362 2426 2419 remporta un pareil succès triomphal de
2425 2381 3179 2445 une uniformité voulue de toutes les scé¬
1680 2401 1940 2451 composition,
2429 2428 3166 2485 nes qui présentait un réel danger. Le
1706 2415 2416 2486 Ajoutez à cela l’heureuse traduction
2437 2457 3167 2510 danger Schnitzler l’a écarté en partie
1674 2458 2423 2504 de Suzanne Clauser. Remon et Bauer,
2444 2492 3175 2542 gräce à son prodigieux talent dobserva¬
1687 2501 2415 2547 une mise en scène de Pitoéff ultra mo¬
2431 2519 3172 2573 teur et à la valeur synthétique des répli¬
1680 2529 2427 2587 derne pleine de couleur et d’originalité,
2437 2569 3116 2617 ques choisies et puisées dans la vie.
1683 2563 2423 2606 et vous comprendrez avec quel brio le
1690 2600 2426 2646 Théätre de l’Avenue est arrivé à repré¬
2457 2600 3180 2642 II y a des scènes qui s’élevent trés au¬
1689 2633 2428 2687 senter une pièce réputée injouable de¬
2431 2629 3174 2676 dessus du simple tableau: celle de
2437 2673 3173 2710 T’adultère entre Alfred et Emma, celle
1686 2658 2252 2720 puis la fin du siècle dernier.
1716 2689 2422 2736 Car La Ronde date du beau temps du
2444 2700 3169 2745 surtout de la femme et de son mari,
1679 2733 2430 2788 naturalisme et elle était tres en avance
2439 2733 3177 2778 pleine de dessous et de visees sociales
1689 2764 2428 2813 sur l’époque autant par ses hardiesses
2434 2775 3178 2809 lointaines. L’auteur dramatique fournit
1679 2799 2422 2850 que par sa conception scénique. Durant
2445 2805 3174 2860 également deux scènes qui valent une
1682 2834 2427 2878 dix scènes successives, nous assistens, en
2440 2836 2804 2890 piécc tout entière.
1682 2866 2420 2910 effet, au méme thème développé symé¬
2463 2862 3174 2914 Pour nous résumer, les défauts de
1686 2897 2420 2945 triquement : un homme rencontre une
2442 2886 3187 2958 l’ouvrage sont des défauts d’époque et
1674 2928 2429 2978 femme, la posséde dans la coulisse et ne
2447 2938 3172 2981 ses qualités sont de tous les temps. On
1678 2965 2431 3018 s’en soucie plus son désir satisfait, ies
2440 2972 3175 3011 ira voir cette pièce par curiosité, un
1678 3000 2432 3061 personnages changent mais l’action est
2443 3005 3184 3058 peu comme on alla voir Maja, mais on
2439 3036 3178 3091 sera surpris de ne rien trouver de mal¬
1676 3037 1913 3092 identique.
1733 3043 2426 3111 C’est d’abord la pierreuse Léocadie qul,
2450 3068 3175 3114 sain ni de bassement érotique dans cet
1683 3100 2428 3141 sur un pont du Danube, arréte un sol¬
2446 3105 3175 3158 ouvrage oul, seule. la grande voix de la
1687 3141 2429 3184 dat et, pour son plaisir, l’entraine gra¬
2449 3137 3181 3193 nature se fait entendre d’angoissante
1686 3167 2429 3215 tuitement sur un banc volsin; l'autre
2449 3178 2585 3234 facon.
1697 3200 2433 3246 ensuite la laisse tomber.,, fort heureuse¬
2809 3187 3214 3270 G. de Pawlovzi
1691 3230 2439 3287 ment à côté du Danube. Puis c’est la pe¬
1688 3249 2452 3312 tite. Marie (échappée an répertoire ude
1696 3300 2439 3346 Saint-Georges de Bouhélier) qui vient
1696 3324 2453 3379 se faire violer dans la cave du dancing
1688 3357 2454 3415 par un matelot; le jeune homme qui
1685 3393 2445 3448 convolte la femme de chambre qui ne
1696 3433 2446 3478 demande pas mieux; le jeune homme
1697 3464 2451 3524 qui attend chez lui la femme mariée, qui
1701 3502 2449 3550 la rate, la reprend et ne cache pas sa
1687 3529 2446 3574 Joie orgueilleuse d’avoir eu pour mai¬
1690 3574 2453 3610 tresse  une femme du monde 2. Puls
1698 3600 2456 3644 ce sera le mari qui convoite sa femme
1700 3631 2441 3677 comme maitresse et la femme qui con¬
1703 3659 2452 3705 voite le plaisir qu'elle ne connait pas.
1686 3694 2450 3745 Nous retrouverons, dans un cabinet par¬
1694 3726 2446 3774 ticulier, le mari qui a entrainé là unc
1699 3763 2438 3810 petite midinette, l’enivre, en profite et
1704 3790 2452 3842 ne croit pas à ses bons sentiments. Puis
1697 3827 2458 3867 ce sera le famenx auteur dramatique qui
1698 3859 2453 3905 couche à la campagne avec sa petite
1704 3888 2461 3943 amie. Sancta simplicitas“! car la pau¬
1704 3926 2452 3973 vre ne connaft pas son pseudonyme cé¬
1697 3956 2455 4012 lebre de Bibitz et éclate de rire quand il
1709 3999 2448 4048 en parle. II est vrai qu’au tableau sui¬
1711 4021 2468 4070 vant, le célebre Bibitz sera en partie
1706 4062 2467 4121 fine avec la grande actrice qui se moque
1701 4099 2468 4147 de ses prétentions et de son prétendu
1698 4132 2460 4169 talent. Cette méme grande actrice joue¬
1699 4152 2465 4217 ra dans un décor surréaliste la grande
1705 4196 2452 4243 scène de passion à un comte autrichien
1712 4237 2462 4270 en uniforme dindon prétentienx qui se
