3436 4384
294 142 847 236 11. Reigen
1006 137 1442 216 box 19/2
2295 313 2388 401 1
2192 420 2699 508 Avänt & La Ronde „
2113 526 2778 639 Une piece de Schnitzler
2120 641 2768 736 au Théätre de l’Avenue
2109 756 2822 831 Sur le proscenium du plateau du
2073 812 2813 873 théatre de d’Avenue, M. Georges Pi¬
2079 853 2808 907 toöff est assis. Entouré de ses colla¬
2069 877 2809 951 borateurs il regle ia plantation du
2077 929 2823 993 décor et les éclairages du dernier ta¬
2071 977 2811 1025 bleau de La Ronde. On sent tout de
2071 1013 2800 1064 suite sa foi et scn enthousiasme
2068 1051 2804 1100 pour l’euvre de Schnitzler, II sait
2071 1089 2795 1133 qu'il doit résoudre des difficultés de
2062 1130 2798 1174 mise en scène, c’est un novateur que
2052 1161 2540 1212 l’audace ne rebute pas.
2105 1200 2806 1263 Près de lui se tient Mine Suzanne
2064 1237 2789 1293 Clauser venue spécialement de
2065 1268 2792 1335 Vienne pour suivre les répétitions
2060 1316 2794 1373 de la pièce de Schnitzler dont elle
2056 1353 2793 1412 fut l’une des plus grandes amies et
2062 1390 2793 1449 la prireipale traductrice française.
2070 1427 2799 1487 C’est elle qui va nous parler de l’au¬
2075 1459 2470 1517 teur de La Ronde.
2161 1501 2790 1549 Pouvez-vous nous dire quel¬
2052 1541 2795 1597 gees mots sur cet esprit qui a animé
2057 1571 2791 1635 Schnitzler et l’a amené à composer
2061 1612 2311 1666 La Ronde ?
2149 1649 2796 1710 La Ronde n’est pas une pièce
2047 1686 2794 1753 gaie. C’est, en dix tablennx, une pein¬
2057 1732 2798 1790 ture de T'amour tel qu'il est ei non
2043 1765 2789 1836 pas tei que nous voudrions le voir.
2057 1815 2813 1869 Maite: du dialogue, il n’a pas voulu#
2047 1851 2788 1904 cenersiant, faire de La Ronde une
2053 1875 2780 1936 ceuvre #un style trop recherché.
2039 1911 2786 1978 Bien au contraire, il faut veir dans
2045 1951 2779 2019 ces dis tableaux, une parodie qui
2039 1989 2776 2054 nexclut pas le lieux communs, ce qui
2047 2035 2777 2094 la rend d’autant plus directe et plus
2049 2080 2765 2132 accessible au grand public.Schnitzler
2049 2112 2788 2174 a voutu traduire, aussi exactement
2041 2145 2786 2213 que possible, les réflexes normaux
2039 2190 2784 2249 des étres humains devant l’amour et
2047 2225 2778 2296 ce sont ces observations qu'il nous
2036 2260 2165 2315 livre.
2143 2295 2774 2363 Son cuvre refléterait-elle quel¬
2035 2346 2785 2406 que amertume devant les faiblesses
2037 2374 2302 2430 humaines?
2114 2409 2778 2481 — Non. Schnitzler n’était pas die
2034 2465 2768 2514 ces anteurs que la connaissance de 1##
2045 2492 2761 2546 vie rend amers, mais plutôt de ceus
2045 2531 2752 2603 qui, sachant tout comprendre, sa
2041 2575 2497 2626 vaient tout pardonner.
2134 2613 2761 2676 Schnitzler ne voyait-il que le
2045 2639 2606 2696 côté instinctif de l’amour?
2134 2685 2761 2729 Bien au contraire, Schnitzler :
2043 2720 2757 2789 parlé d’amour comme personne avan“
2031 2757 2137 2813 Jui.
2134 2786 2748 2852 Schnitzler n’était-il pas méde¬
2039 2836 2750 2900 cin et, à ce titre, n’a-t-il pas étudie
2038 2869 2555 2927 les sciences psychiques?
2115 2919 2756 2972 II a été en effet médecin et fils
2028 2946 2747 3011 d’un grand médecin de Vienzie. Avant
2023 2991 2754 3047 Freud, i a cherché à connaitre le
2030 3030 2752 3077 subconscient de l’äme, mais intuiti¬
2029 3064 2757 3130 verient, en poète et non en médecin
2028 3101 2763 3161 #t c’est cette étude qui l'a amené à
2028 3136 2756 3209 traduire au théätre les inquiétudes
2029 3174 2230 3226 de l’äme.
2065 3210 2750 3277 & Pour Schnitzler, tous les étres
2017 3261 2749 3321 bumains portent un masque qui ne
2017 3297 2689 3352 tombe qu au moment de mourir
2107 3335 2744 3389 La Ronde est bien une des pre¬
2019 3358 2626 3428 mières cuvres de Schnitzler?
2119 3411 2754 3469 En effet. C’est une quvre de
2008 3431 2755 3503 jeunesse, écrite il y a une trentaine
2023 3483 2758 3542 d’années alors que Schnitzler avait
2013 3525 2749 3578 la réputation d’un poète jéger. Pen¬
2011 3554 2751 3619 dant les trente ans qui ont suivi, i1
2009 3599 2738 3653 aévolue vers la philosophie. Schnit¬
2002 3621 2748 3709 zler est resté jeune en vieillissant. II
2019 3669 2739 3736 est mrt en oclohre dernier, à l’äge
2012 3707 2732 3771 e 69 ans. à l’apogée de sa gloire,
2009 3752 2738 3813 sehtant qu’il élait un grand mailre,
2008 3790 2721 3849 e#tonjours pret cependant à détruire
1995 3820 2735 3878 d’un mot plein d’ironie einglante la
1997 3869 2724 3933 gloire et Pinnnortalité qui lui étaient
1999 3899 2181 3958 echues.
2478 3936 2768 4032 J. Delini
