3484 4320
972 108 1421 204 box 19/2
263 116 807 229 11. Reigen
742 562 943 632 * 5 5
850 611 1032 672 —
911 644 967 703 2
837 650 1081 735 S# m
851 732 902 771 20
859 764 903 791 3
905 749 1039 808 1
848 768 1043 839 S ES
856 802 937 856 S 25
908 825 955 855 —
748 803 869 866 8
863 831 948 900 2 5
879 891 950 936 8
848 897 892 933 —
845 925 928 961 2 1
732 914 1017 1004 E
927 978 1210 1074 —E 2
731 998 978 1076 INE S
443 1262 1274 1372 JOBSERVER'
549 1352 1234 1417 I. österr. behördl. konzessioniertes
503 1402 1270 1474 Unternehmen für Zeitungs-Ausschnitte
552 1449 1200 1527 .WIEN, I., WOLLZEILE 11
652 1517 1138 1573 TELEPHON R-23-0-43
456 1650 834 1726 Ausschnitt aus:
448 1849 631 1930 ail de:
708 1840 1273 1937 LIBRE OPINION
698 1899 1295 1986 48, Boulevard Vaugirard, XV·
443 1952 579 2015 esse
656 2020 1219 2129 16 OCTOBRE 1932
446 2136 1345 2202 latüre
448 2220 1346 2306 furfrang
526 2285 1335 2350 FATRE DE L AVENUE. — La Ronde,
452 2323 933 2395 par Arthur Schnitzler.
946 2359 995 2400 80
503 2383 1343 2439 De sof Vivant, M. Scnnitzler a dü avoir
459 2394 1342 2485 jà se plaindre des femmes! L’idée directrice
466 2463 1320 2528 de sa piéce se résume à ceci: En amour,
469 2501 1340 2576 seul compte le plaisir physique. Tout le
465 2551 1331 2619 reste, surtout chez lhomme, comédie, hypo¬
479 2608 1336 2655 crisie. Plus le rang social des partenaires est
466 2647 1338 2703 elevé, plus la comédie sentimentale se com¬
475 2690 1335 2753 plique.,. Sont seuls sincères et naturels, d’a¬
473 2732 1335 2788 près M. Schnitzler, le mäle et la femelle de
474 2772 1331 2833 l’époque des cavernes, ou, encore, de nos
469 2817 1327 2870 jours, la fille et le marin, dans la breve
485 2867 1162 2930 etreinte qu'abrite un hôtel meublé !
526 2912 1339 2984 Pour démontrer ce théorème pessimiste
473 2945 1331 3013 l'auteur, en de brefs tableaux, nous livre
466 3002 1332 3060 l’intimité de couples divers, avant et après
467 3045 1333 3120 l’acte charnel.. C’est ainsi que cette pauvre
471 3090 1331 3144 Madame Pitoéff, qui incarne à elle seule,
460 3132 1328 3194 toutes les femmes de la pièce, se voit con¬
473 3182 1337 3226 damnée, devant nous, à faire l’amour toute
471 3217 1331 3293 la soirée! Certes, pour varier nos plaisirs,
470 3265 1328 3321 elle change de partenaires! Mais enfin, cette
470 3309 1333 3359 succession ininterrompue de déshabillages,
466 3357 1322 3408 de réhabillages, de passion avant, de mufie¬
461 3384 1330 3455 rie, et du dégoüt après, a quelque chose
465 3436 1337 3512 d’arbitraire et de lassant. On a l'impression
466 3480 1322 3548 d’une de ces forces funebres de carabins, qui
467 3531 1322 3592 plaisantent et plaisanteront éternellement
459 3565 1156 3630 sans gaité des réalités de l'amour.
510 3607 1312 3670 Dans des décors rudimentaires et stylisés,
467 3650 1322 3721 dont quelque-uns remarquables d’exécu¬
468 3703 1314 3765 tion, M. et Mme Pitoéff évoluent volontai¬
461 3745 1328 3809 rement comme des automates, de pauvres et
470 3793 1333 3842 tristes poupées, jouet de leur tyrannique
457 3832 652 3907 plaisir
747 3845 1324 3897 Jean-François VALABREGUE.
1654 524 1771 609 8
1648 595 1779 644 —2
1658 687 1740 770 72
1465 729 1523 802 20
1643 758 1779 808 0a
1459 793 1533 832 L
1457 814 1538 884 2
1472 866 1581 912 — 5
1660 874 1767 954 8
1465 927 1607 980 □ 4
1710 945 1749 1011 5
1469 962 1550 1056 5
1780 1154 1815 1203 8
1770 1199 1817 1238 3
1864 1197 1924 1253 25
1776 1231 1819 1259 S
1788 1247 1823 1281 2
1475 1275 1966 1343 GF  3
2266 445 3303 538 Thédtre de l’Avenue. — La Roxpr, piece de M. Charles
2221 504 3292 584 Schnitzler. Traduction française de M“ Suzanne Clauser
2216 537 2784 600 et de MM. Rémon et Bauer.
2255 566 3294 657 C’est la Ronde infernale de fémmes diverses. Elles réa¬
2212 604 3308 713 lisent & toute la femme p et sont interprétées par une
2204 661 2778 715 seule femme: M# Pitoöff.
2251 699 3303 785 Les scènes se succèdent dans des décors évocateurs des
2207 732 3012 794 différents milieux ou vivent ces femmes.
2243 791 3296 850 Avec son art consommé et si nuancé,, Mue Pitoöff nous
2201 805 3290 886 a montré tour à tour la Pierreuse, Léocadie, et le petit
2211 850 3291 933 Mousse de rencontre; la petite bonne, Marie, se laissant
2210 901 3289 971 violer dans un dancing; la servante cherchant les faveurs
2204 931 3292 1009 de son patron; la mondame venant prendre le porto chez
2212 964 3290 1047 le jeune homme orgueilleux d’avoir pour maitresse une
2199 1014 3284 1086 femme mariée; l’épouse légitime qui est aussi la maitresse
2204 1053 3299 1115 de son mari; la midinette innocente, entrainée par un
2202 1092 3291 1158 monsieur important dans un cabinet particulier; la femme
2196 1132 3290 1200 illettrée et l’auteur connn de tous et inconnu d’elle; l’ac¬
2194 1167 3287 1242 trice célebre et le grand pocte; la comédienne et le géné¬
2198 1207 3291 1289 ral-comte. La pierreuse du premier tableau reviendra
2203 1251 3286 1315 à la dernière scène dans le mème décor et la ronde conti¬
2181 1284 2386 1342 # Ilee.
