3436 4384
254 286 842 392 11. Reigen
968 287 1407 375 box 19/2
2377 257 2484 299 Des
2133 284 2524 361 tungs-Ausschnitte
1911 345 2462 426 EN, I., WOLLZEILE 11
1909 408 2381 471 TELEPHON R-23-0-43
1704 542 2085 608 Ausschnitt aus:
1706 761 1866 835 vom:
1947 852 2554 957 Tie New- Tors Berzidh, Paris
1641 956 2169 1044 TTOBER 3, 1932
2186 964 2533 1081 4 01.
1738 1104 3069 1240 NEwS Or THE THEATREs
1671 1269 3126 1332 THE Pitoéff Company never has the parish priest finally takes matters
2400 1322 3129 1371 in hand and preaches the little girl a
1711 1327 2392 1390 found a more perfect vehicle for
2396 1358 3134 1410 real sermon (under the shadow of the
1661 1386 2383 1447 its art than La Ronde“ of Arthur
2405 1398 3137 1443 cupid by the way). The real difficul¬
1651 1422 2385 1492 Schnitzler, the play banned by censors
2406 1439 3125 1480 ties of the piece secm to lie with the
2397 1474 3131 1521 actors who, along with the audience,
1647 1478 2392 1540 in both Berlin and Vienna, the author's
2397 1503 3128 1563 seem unable to determine whether to
1647 1529 2392 1589 native city. Ludmilla Pitoöff playsthe
1655 1556 2976 1631 röles of the five women, in the seriestake the play serlousiy or not.
1655 1618 2401 1677 of sketches which are destined to
1667 1671 2394 1730 show the fragility and futility of hu¬
1662 1730 2398 1783 man encounter in the realm of emo¬
1656 1769 1775 1823 tion.
1688 1815 2404 1880 In cach of the 10 dialogues, it is
1668 1851 2406 1922 evident that although love presents
1664 1910 2396 1976 che same face to all humans, no matter
1654 1958 2397 2021 where they stand in the social ladder,
1657 2002 2389 2051 the higher they climb the more com¬
1662 2039 2389 2083 plicated the relation becomes. Quly in
1663 2079 2391 2133 the primitive embrace of the soldier
1648 2114 2396 2165 and the street girl is pleasure sought
1663 2159 2399 2204 without other pretext. In the other
1657 2192 2398 2255 sketches, showing the young man wiio
1646 2235 2389 2276 has always wanted to be beloved by a
1651 2278 2398 2323 society woman, the literary man who
1649 2304 2397 2374 wishes to see his reflection mirrored
1653 2352 2398 2398 in the praises of his inamorata, the
1646 2391 2377 2432 adventures of the count and the ac¬
1652 2424 2385 2479 tress, the pretension the disgust, and
1660 2461 2378 2512 the more disillusioning qualities of
1646 2511 2392 2570 cowardice, duplicity and remorse have
1650 2537 1997 2596 increasing parts.
1677 2563 2381 2630 This play is another Maya,“ but
1653 2623 2382 2677 with a finesse which has always marked
1642 2661 2396 2713 Schnitzler's writing and which is
1648 2698 2387 2748 made doubly palpable by the expert in¬
1643 2736 2381 2782 terpretation of the Pitoéff Company.
1649 2773 2389 2846 The sets are enchanting with tricky
1652 2801 2029 2870 little mechanisms.
1671 2888 2388 2943 As is suggested by the title of Avril.“
1652 2926 2395 2988 the new comedy by Louis Verneuil and
1649 2957 2388 3021 Georges Berr, one month more or les:
1652 3011 2388 3067 means a whole lot in the life of a man
1648 3062 2397 3105 who is in love with a ravishing 18-
1655 3085 2395 3143 gear-old girl whom he believes to be
1648 3132 2397 3177 his daughter. After having several
1643 3158 2398 3228 arithmetical sessions with the girl'
1652 3202 2395 3236 mother, who is married to a recentiy¬
1653 3241 2389 3279 bankrupt industrialist, our hero, Phi¬
1641 3267 2390 3329 lippe Menneray (André Brülé), mar¬
1647 3316 2379 3366 ries the girl. Just like that. He
1650 3348 2385 3409 agrees, however, te keep thie wedlock
1640 3395 2381 3434 inthe 1lanche' state which made
1640 3431 2381 3485 the famous Madame Récamier lock
1646 3467 2387 3515 around among the young bloods of her
1639 3497 2380 3562 day, when her father also got the
1648 3540 2380 3588 idea of protecting his child’s finan¬
1650 3587 2213 3636 cial future by marrying her.
1681 3622 2381 3663 There is a conventional happy end¬
1639 3656 2390 3695 ing when Simone's father. whose horns
1642 3710 2375 3752 have been growing for the past 18
1641 3741 2386 3784 vears, says she was born in May and
1644 3780 2381 3823 not April, thus eliminating any con¬
1636 3810 2381 3883 sanguinity. A jolly little piece if a
1647 3847 1909 3913 trifle brittle.
1680 3900 2383 3983 Youki“ is not so gcod. Although
1640 3969 2373 4023 Félix Gandera is an expert playwright,
1638 4008 2392 4048 he seems to have slept a little too
1638 4043 2381 4088 long over this bright idea. In thie first
1641 4081 2385 4138 place, two conventional lyricisme, to
1636 4117 2389 4177 put it mildly, hinder the play. We
1630 4153 2390 4210 have the old accent of the Midi, which
1634 4208 2392 4253 has just about been done to death on
1643 4235 2376 4287 Sthe Paris stage, and also the equally
1657 4272 1992 4330 Atereseig
2235 4283 2275 4330 #
