3436 4384
272 265 951 376 11. Reigen
981 262 1414 356 box 19/2
1587 220 2452 285 Bühnenlebens führen konnte. Diese
1593 262 2457 344 meine Auffassung hat sich durch die
1596 317 2465 391 Aufführung des & Reigens 2 durchaus
1583 383 2453 432 bestätigt gesehen. Schnitsler in franzö¬
1592 430 2451 500 sischer Sprache ist letsten Endes doch
1593 481 2453 543 nichts weiter als & Bouievardtheater .
1590 538 2457 590 ziemlich üblichen Ranges, und denn im
1587 582 2453 649 Zuschauerraume während dieser jüng¬
1583 632 2459 700 sten Premiere das Wort fiel, dass die
1596 685 2466 753 Perke Alerandre Dumas' der heutigen
1589 737 2468 794 Zeit wbesentlich näher ständen als diese
1587 788 2458 857 Schnitslerschen Geistreicheleien, so teile
1591 845 2465 908 ich diese Ansicht durchaus. Ich bin da¬
1593 892 2463 958 her auch im Grunde der Ansicht, dass
1590 945 2461 1026 ein berufener Apantgardebühnenleiter
1595 985 2471 1080 wie Georges Pitoëff zeichtigere Sendun¬
1598 1051 2464 1129 gen zu erfüllen hat als die Aufwärmung
1599 1080 2470 1192 dieser veralteten Wiener Liebschaftsan¬
1599 1158 2465 1223 gelegenkeiten. Mit dieser Feststellung
1597 1206 2470 1285 soll gegen den rein ssenischen Werte sei¬
1603 1258 2466 1327 ner einfallsreichen Einstudierung, die
1608 1315 2465 1375 sich in zum Teil geradezu besaubernden
1607 1386 2469 1436 Bühnenbildern abwickelte, kein negati¬
1601 1426 2189 1511 pes Urteil gefällt werden.
1645 1482 2478 1569 Im Mittelpunkte der Aufführung
1606 1547 2474 1637 selbst stand Ludmilla Pitoëff, die sich
1608 1604 2484 1677 die schwierige Aufgabe gestellt hatte,
1606 1666 2475 1722 sämtliche Frauenvollen der Schnitsler¬
1606 1722 2468 1786 schen Ssenenfolge zu verkörpern. Vor
1603 1723 2482 1843 einigen Jahren hatte Falconetti die glei¬
1608 1817 2482 1889 che Absicht angekündigt, die durch das
1600 1872 2473 1937 vorschnelle Ende ihrer Direktorinnentä¬
1611 1902 2491 1989 tigkeit nicht zur Realisation gelangt zear.]
1904 1967 2478 2029 t3 der ausserordentlichen
1614 1979 2015 2056 Es pinse, Trot
1611 2020 2472 2094 Einfühlungs und Wandlungsfähigkeit,
1615 2072 2482 2159 die eine hervorrägende Schauspielerin
1617 2123 2476 2210 uns hier neiederum bereiesen hat, gans
1610 2183 2488 2269 offen gesagt werden, dass der & Rei¬
1611 2249 2481 2303 gend eine derartige weibliche Personai¬
1605 2280 2478 2369 union in keiner Weise verträgt, dass sie
1619 2347 2475 2417 zielmehr absolut gegen den Sinn dieser
1614 2393 2474 2465 Schnitslerschen Dichtung verstösst. Die
1615 2441 2480 2517 * Damen; des Schnitalerschen & Rei¬
1621 2487 2481 2578 gens2 sind in keiner Hinsicht verschie¬
1615 2557 2492 2626 dene Inkarnationen eines ereigen Weib¬
1620 2601 2487 2678 lichkeitsbegriffes, und daher verrät der
1620 2655 2485 2730 Versuch, sie durch die gleiche Interpre¬
1621 2707 2490 2784 tin verkörpern zu lassen, eine — durch
1617 2769 2408 2842 Pitoëff sicherlich unbeabsichtigte
1619 2811 2496 2886 Tendens zum Starwesen auf der Bühne,
1616 2870 2497 2941 das dem Wesen fortschrittlicher und
1618 2929 2494 3010 künstlerischer Bühnenführung grund¬
1628 2981 2089 3063 sätslich zeiderspricht.
1663 3048 2509 3122 Ich habe es im vorigen Jahre als eines
1613 3099 2490 3165 der grössten Verdienste Pitoëffs be¬
1622 3159 2495 3240 zeichnet, uns in Jean Riveyre einen Der¬
1617 3206 2498 3279 steller besonderen Formates vorgestellt
1628 3264 2498 3329 zu haben. Es wäre unlogisch, wenn ich
1627 3322 2498 3394 heute nicht darauf hinwiese, dass es ein
1617 3366 2493 3436 Jammer ist, diesen hervorragenden
1624 3426 2496 3485 Künstler, den ich für eine der wichtig¬
1622 3457 2496 3548 sten Hoffnungen des französischen!
1634 3523 2505 3599 Theaters halte, als Zuschauer einer Auf¬
1632 3579 2500 3644 führung im selben Hause zu schen, das
1626 3632 2490 3700 in ihm eine seiner aktiosten und kost¬
1626 3682 2499 3761 barsten Stützen hätte finden müssen.
1633 3743 2491 3815 Wenn man sich schon den &contre¬
1627 3800 2504 3862 sens à der wbeiblichen Personalunion im
1622 3819 2499 3905 * Reigen à leisten zcollte, so hälte man
1626 3901 2489 3963 auch einen einzigen Interpreten für
1621 3924 2496 4017 sämtliche Männerrollen wählen sollen.
1632 3977 2521 4081 Dann hätte sich ein Dueft von Ludmilla
1629 4068 1794 4112 —
