<?xml version="1.0" encoding="UTF-8" standalone="yes"?>
<PcGts xmlns="http://schema.primaresearch.org/PAGE/gts/pagecontent/2013-07-15" xmlns:xsi="http://www.w3.org/2001/XMLSchema-instance" xsi:schemaLocation="http://schema.primaresearch.org/PAGE/gts/pagecontent/2013-07-15 http://schema.primaresearch.org/PAGE/gts/pagecontent/2013-07-15/pagecontent.xsd">
    <Metadata>
        <Creator>prov=University of Rostock/Institute of Mathematics/CITlab/Gundram Leifert/gundram.leifert@uni-rostock.de:name=ONB_Newseye_GT_M1+(htr_id=10810)::::v=2.4.2
prov=University of Rostock/Institute of Mathematics/CITlab/Tobias Gruening/tobias.gruening@uni-rostock.de:name=de.uros.citlab.module.baseline2polygon.B2PSeamMultiOriented:v=2.4.2
prov=University of Rostock/Institute of Mathematics/CITlab/Tobias Gruening/tobias.gruening@uni-rostock.de:name=/mnt/transkribus/LA/DEA/URO/LA_news_onb_att.pb:de.uros.citlab.segmentation.CITlab_LA_ML:v=2.4.2
Transkribus</Creator>
        <Created>2019-10-07T11:38:58.195+02:00</Created>
        <LastChange>2019-10-08T14:12:25.045+02:00</LastChange>
        <TranskribusMetadata docId="223985" pageId="9500926" pageNr="44" tsid="16587044" status="IN_PROGRESS" userId="40391" imgUrl="https://files.transkribus.eu/Get?id=RCDVXBCBGJCEJYXZWJNZGLQY&amp;fileType=view" xmlUrl="https://files.transkribus.eu/Get?id=FCRGVZKLOWPVYMWVHLAVEHYZ" imageId="6191148"/>
    </Metadata>
    <Page imageFilename="223985_0044.jpeg" imageWidth="3436" imageHeight="4384">
        <ReadingOrder>
            <OrderedGroup id="ro_1711447972684" caption="Regions reading order">
                <RegionRefIndexed index="0" regionRef="r1"/>
                <RegionRefIndexed index="1" regionRef="r2"/>
            </OrderedGroup>
        </ReadingOrder>
        <TextRegion orientation="0.0" id="r1" custom="readingOrder {index:0;}">
            <Coords points="262,323 262,3958 1388,3958 1388,323"/>
            <TextLine id="r1l1" custom="readingOrder {index:0;}">
                <Coords points="962,351 1111,366 1164,337 1267,376 1397,361 1398,296 1318,291 1291,309 1224,289 1169,312 1068,287 1019,306 988,288 963,294"/>
                <Baseline points="972,344 998,344 1024,345 1050,345 1076,346 1102,347 1128,347 1154,348 1180,349 1206,349 1232,349 1258,350 1284,350 1310,349 1336,349 1362,348 1388,347"/>
                <TextEquiv>
                    <Unicode>box 19/2</Unicode>
                </TextEquiv>
            </TextLine>
            <TextLine id="r1l2" custom="readingOrder {index:1;}">
                <Coords points="251,366 456,354 503,389 529,377 680,395 822,358 823,326 740,302 641,312 517,291 434,324 349,287 254,286"/>
                <Baseline points="262,343 289,346 317,349 344,351 372,354 399,356 427,358 454,360 482,362 509,363 537,364 564,366 592,366 619,367 647,367 674,366 702,365 729,365 757,363 784,361 812,358"/>
                <TextEquiv>
                    <Unicode>11. Reigen</Unicode>
                </TextEquiv>
            </TextLine>
            <TextLine id="r1l3" custom="readingOrder {index:2;}">
                <Coords points="457,1026 1228,1046 1299,1036 1299,941 1196,958 904,921 815,955 554,938 457,967"/>
                <Baseline points="468,1017 509,1019 550,1020 591,1021 632,1022 673,1022 714,1022 755,1022 796,1022 837,1022 878,1022 919,1021 960,1021 1001,1021 1042,1021 1083,1021 1124,1021 1165,1021 1206,1021 1247,1022 1288,1023"/>
                <TextEquiv>
                    <Unicode>„OBSERVER'</Unicode>
                </TextEquiv>
            </TextLine>
            <TextLine id="r1l4" custom="readingOrder {index:3;}">
                <Coords points="555,1075 663,1094 1248,1088 1248,1037 556,1043"/>
                <Baseline points="566,1070 599,1071 633,1072 666,1072 700,1073 734,1073 767,1074 801,1074 834,1074 868,1074 902,1074 935,1075 969,1075 1002,1075 1036,1075 1070,1075 1103,1075 1137,1075 1170,1075 1204,1075 1238,1075"/>
                <TextEquiv>
                    <Unicode>I. österr. behördl. konzessioniertes</Unicode>
                </TextEquiv>
            </TextLine>
            <TextLine id="r1l5" custom="readingOrder {index:4;}">
                <Coords points="521,1130 1235,1144 1279,1115 1279,1094 1224,1085 521,1085"/>
                <Baseline points="532,1117 568,1120 605,1121 642,1123 679,1124 716,1124 752,1125 789,1125 826,1125 863,1125 900,1125 936,1124 973,1124 1010,1124 1047,1123 1084,1123 1120,1123 1157,1123 1194,1123 1231,1124 1268,1125"/>
                <TextEquiv>
                    <Unicode>Unternehmen für Zeitungs-Ausschnitte</Unicode>
                </TextEquiv>
            </TextLine>
            <TextLine id="r1l6" custom="readingOrder {index:5;}">
                <Coords points="577,1211 783,1195 1070,1208 1118,1185 1162,1206 1192,1202 1192,1136 577,1142"/>
                <Baseline points="588,1184 617,1185 647,1186 676,1186 706,1186 736,1187 765,1187 795,1187 825,1187 854,1187 884,1186 914,1186 943,1186 973,1186 1003,1186 1032,1186 1062,1186 1092,1186 1121,1187 1151,1187 1181,1188"/>
                <TextEquiv>
                    <Unicode>WIEN, I., WOLLZEILE 11</Unicode>
                </TextEquiv>
            </TextLine>
            <TextLine id="r1l7" custom="readingOrder {index:6;}">
                <Coords points="654,1239 1128,1250 1128,1210 1097,1199 655,1197"/>
                <Baseline points="666,1239 691,1238 716,1238 741,1238 766,1237 791,1237 816,1237 841,1237 866,1237 892,1237 917,1237 942,1238 967,1238 992,1238 1017,1239 1042,1239 1067,1240 1092,1240 1118,1241"/>
                <TextEquiv>
                    <Unicode>TELEPHON R-23-0-43</Unicode>
                </TextEquiv>
            </TextLine>
            <TextLine id="r1l8" custom="readingOrder {index:7;}">
                <Coords points="457,1385 581,1378 642,1397 705,1379 758,1396 833,1386 834,1336 718,1341 680,1318 632,1336 586,1334 525,1310 489,1337 457,1339"/>
                <Baseline points="467,1371 492,1370 517,1370 543,1370 568,1370 594,1371 619,1371 645,1372 670,1373 695,1373 721,1373 746,1373 772,1373 797,1372 823,1371"/>
                <TextEquiv>
                    <Unicode>Ausschnitt aus:</Unicode>
                </TextEquiv>
            </TextLine>
            <TextLine id="r1l9" custom="readingOrder {index:8;}">
                <Coords points="479,1617 495,1618 500,1614 508,1616 512,1613 519,1617 537,1600 543,1600 550,1606 565,1605 563,1553 542,1551 533,1543 525,1543 506,1561 477,1560"/>
                <Baseline points="489,1595 521,1593 553,1593"/>
                <TextEquiv>
                    <Unicode>V0—</Unicode>
                </TextEquiv>
            </TextLine>
            <TextLine id="r1l10" custom="readingOrder {index:9;}">
                <Coords points="759,1647 1254,1666 1256,1624 1202,1596 1063,1590 1027,1611 1000,1587 953,1606 908,1582 817,1591 763,1575"/>
                <Baseline points="770,1635 796,1637 822,1640 848,1641 875,1642 901,1643 927,1644 953,1645 980,1645 1006,1646 1032,1646 1059,1647 1085,1648 1111,1650 1137,1652 1164,1654 1190,1657 1216,1661 1243,1665"/>
                <TextEquiv>
                    <Unicode>LESOIR</Unicode>
                </TextEquiv>
            </TextLine>
            <TextLine id="r1l11" custom="readingOrder {index:10;}">
                <Coords points="504,1680 548,1684 607,1665 622,1673 651,1654 666,1662 691,1654 714,1658 714,1605 680,1595 651,1605 634,1620 575,1616 554,1627 504,1614"/>
                <Baseline points="515,1656 541,1654 568,1653 595,1653 622,1653 649,1654 676,1654 703,1653"/>
                <TextEquiv>
                    <Unicode>Mrait de</Unicode>
                </TextEquiv>
            </TextLine>
            <TextLine id="r1l12" custom="readingOrder {index:11;}">
                <Coords points="764,1714 797,1701 911,1732 986,1718 1045,1742 1127,1723 1182,1744 1231,1734 1235,1683 1194,1669 1119,1663 1099,1677 1026,1656 889,1660 770,1638"/>
                <Baseline points="776,1695 802,1696 828,1698 854,1700 880,1702 907,1704 933,1706 959,1708 985,1711 1012,1712 1038,1715 1064,1716 1090,1719 1117,1721 1143,1723 1169,1725 1195,1727 1222,1729"/>
                <TextEquiv>
                    <Unicode>BRUXELLES</Unicode>
                </TextEquiv>
            </TextLine>
            <TextLine id="r1l13" custom="readingOrder {index:12;}">
                <Coords points="512,1761 525,1759 542,1776 594,1761 605,1772 649,1767 659,1776 674,1767 689,1770 689,1719 674,1717 662,1725 649,1725 641,1717 626,1721 590,1698 556,1708 548,1717 540,1712 531,1719 512,1719"/>
                <Baseline points="522,1752 548,1750 574,1749 600,1749 626,1750 652,1750 678,1752"/>
                <TextEquiv>
                    <Unicode>Gresse:</Unicode>
                </TextEquiv>
            </TextLine>
            <TextLine id="r1l14" custom="readingOrder {index:13;}">
                <Coords points="724,1822 827,1850 1064,1847 1158,1885 1261,1886 1269,1768 1168,1766 1087,1790 1049,1753 951,1770 820,1731 728,1763"/>
                <Baseline points="734,1822 761,1826 788,1829 815,1832 843,1834 870,1837 897,1839 925,1841 952,1842 979,1844 1007,1845 1034,1846 1061,1848 1089,1849 1116,1851 1143,1853 1171,1855 1198,1857 1225,1860 1253,1864"/>
                <TextEquiv>
                    <Unicode>3 OCTOBIE 1552</Unicode>
                </TextEquiv>
            </TextLine>
            <TextLine id="r1l15" custom="readingOrder {index:14;}">
                <Coords points="518,1846 539,1846 566,1861 600,1854 617,1865 653,1846 716,1872 716,1789 697,1789 670,1804 634,1787 598,1793 590,1802 518,1789"/>
                <Baseline points="529,1843 554,1845 579,1846 604,1847 629,1847 654,1846 679,1846 705,1843"/>
                <TextEquiv>
                    <Unicode>ale</Unicode>
                </TextEquiv>
            </TextLine>
            <TextLine id="r1l16" custom="readingOrder {index:15;}">
                <Coords points="513,1958 763,1950 866,1970 955,1950 1020,1978 1068,1955 1069,1898 1035,1896 974,1931 926,1926 886,1896 848,1909 625,1896 513,1920"/>
                <Baseline points="523,1947 549,1945 576,1945 603,1944 629,1944 656,1944 683,1944 709,1945 736,1945 763,1946 790,1947 816,1947 843,1948 870,1948 896,1949 923,1949 950,1949 976,1949 1003,1948 1030,1947 1057,1946"/>
                <TextEquiv>
                    <Unicode>ignalure seeeesesesee ee esseusenansent</Unicode>
                </TextEquiv>
            </TextLine>
            <TextLine id="r1l17" custom="readingOrder {index:16;}">
                <Coords points="524,2049 1288,2056 1321,2054 1322,2004 1223,1998 1181,2021 1112,1997 989,2031 880,1994 716,2015 525,1981"/>
                <Baseline points="534,2041 572,2041 611,2040 650,2041 689,2041 728,2041 766,2042 805,2043 844,2043 883,2044 922,2045 960,2046 999,2046 1038,2047 1077,2048 1116,2048 1154,2048 1193,2048 1232,2048 1271,2048 1310,2047"/>
                <TextEquiv>
                    <Unicode>rposttionmmmmmmmmmmaeae Gcnations al-P</Unicode>
                </TextEquiv>
            </TextLine>
            <TextLine id="r1l18" custom="readingOrder {index:17;}">
                <Coords points="528,2072 626,2094 759,2075 1041,2106 1228,2085 1315,2101 1298,2048 528,2049"/>
                <Baseline points="538,2073 576,2073 614,2075 652,2075 691,2076 729,2077 767,2078 806,2078 844,2079 882,2079 921,2080 959,2081 997,2081 1035,2081 1074,2082 1112,2082 1150,2082 1189,2082 1227,2082 1265,2082 1304,2082"/>
                <TextEquiv>
                    <Unicode>lver de groupements professionnels,</Unicode>
                </TextEquiv>
            </TextLine>
            <TextLine id="r1l19" custom="readingOrder {index:18;}">
                <Coords points="525,2133 554,2145 579,2120 628,2111 672,2128 758,2115 906,2127 929,2110 954,2125 1030,2119 1030,2102 960,2083 866,2075 760,2090 697,2077 638,2092 605,2074 525,2076"/>
                <Baseline points="535,2116 560,2114 585,2114 611,2113 636,2113 662,2112 687,2111 713,2110 738,2110 764,2110 789,2109 815,2109 840,2109 866,2110 891,2110 917,2111 942,2111 968,2113 993,2114 1019,2116"/>
                <TextEquiv>
                    <Unicode>aes anciens éléves, etc.</Unicode>
                </TextEquiv>
            </TextLine>
            <TextLine id="r1l20" custom="readingOrder {index:19;}">
                <Coords points="1200,2130 1221,2130 1229,2122 1238,2128 1244,2122 1252,2122 1267,2132 1271,2128 1282,2128 1282,2092 1271,2092 1265,2097 1259,2090 1244,2084 1223,2086 1219,2090 1200,2090"/>
                <Baseline points="1210,2116 1241,2114 1272,2116"/>
                <TextEquiv>
                    <Unicode>F.</Unicode>
                </TextEquiv>
            </TextLine>
            <TextLine id="r1l21" custom="readingOrder {index:20;}">
                <Coords points="534,2250 933,2287 1121,2289 1157,2266 1293,2282 1314,2278 1315,2213 534,2206"/>
                <Baseline points="544,2252 582,2253 620,2253 658,2253 696,2253 734,2254 772,2254 810,2254 848,2254 886,2255 924,2255 962,2255 1000,2256 1038,2257 1076,2257 1114,2258 1152,2258 1190,2259 1228,2260 1266,2261 1305,2262"/>
                <TextEquiv>
                    <Unicode>Les Premières à Paris</Unicode>
                </TextEquiv>
            </TextLine>
            <TextLine id="r1l22" custom="readingOrder {index:21;}">
                <Coords points="602,2329 800,2341 925,2320 1118,2353 1246,2347 1247,2294 1153,2280 826,2291 696,2286 671,2263 603,2285"/>
                <Baseline points="614,2317 645,2317 676,2317 707,2317 738,2317 769,2318 800,2318 831,2319 862,2319 893,2320 925,2320 956,2321 987,2322 1018,2322 1049,2323 1080,2324 1111,2325 1142,2325 1173,2326 1204,2326 1236,2327"/>
                <TextEquiv>
                    <Unicode>AU THEATRE DE LAVENUE</Unicode>
                </TextEquiv>
            </TextLine>
            <TextLine id="r1l23" custom="readingOrder {index:22;}">
                <Coords points="783,2360 831,2373 901,2368 911,2376 930,2368 976,2379 1029,2367 1044,2376 1069,2366 1070,2330 1044,2323 1027,2332 950,2333 922,2320 893,2334 821,2329 783,2341"/>
                <Baseline points="794,2359 820,2360 846,2361 873,2361 899,2362 926,2363 952,2363 978,2363 1005,2363 1031,2363 1058,2362"/>
                <TextEquiv>
                    <Unicode>LA RONDE</Unicode>
                </TextEquiv>
            </TextLine>
            <TextLine id="r1l24" custom="readingOrder {index:23;}">
                <Coords points="641,2401 1276,2426 1278,2372 642,2372"/>
                <Baseline points="652,2398 682,2399 713,2400 743,2400 774,2401 805,2402 835,2403 866,2404 897,2404 927,2405 958,2406 989,2407 1019,2408 1050,2409 1081,2410 1111,2412 1142,2413 1173,2414 1203,2416 1234,2418 1265,2419"/>
                <TextEquiv>
                    <Unicode>Dir tableaug d’A.Schnitsler</Unicode>
                </TextEquiv>
            </TextLine>
            <TextLine id="r1l25" custom="readingOrder {index:24;}">
                <Coords points="547,2443 763,2452 795,2434 848,2456 1006,2444 1180,2469 1218,2445 1302,2455 1303,2425 605,2396 547,2412"/>
                <Baseline points="558,2438 594,2439 631,2440 667,2440 704,2442 741,2443 777,2443 814,2444 851,2446 887,2446 924,2447 961,2448 997,2449 1034,2450 1071,2450 1107,2451 1144,2451 1181,2452 1217,2452 1254,2452 1291,2452"/>
                <TextEquiv>
                    <Unicode>L’écrivain autrichlen Schnitzler qui</Unicode>
                </TextEquiv>
            </TextLine>
            <TextLine id="r1l26" custom="readingOrder {index:25;}">
                <Coords points="529,2475 1304,2493 1304,2453 1222,2448 530,2448"/>
                <Baseline points="540,2474 577,2474 615,2475 653,2475 690,2476 728,2476 766,2477 803,2478 841,2478 879,2479 917,2480 954,2480 992,2481 1030,2482 1067,2482 1105,2483 1143,2483 1180,2483 1218,2484 1256,2484 1294,2483"/>
                <TextEquiv>
                    <Unicode>mourut l’an dernier, est assez peu connu</Unicode>
                </TextEquiv>
            </TextLine>
            <TextLine id="r1l27" custom="readingOrder {index:26;}">
                <Coords points="533,2504 1310,2525 1310,2493 1270,2488 534,2474"/>
                <Baseline points="543,2508 580,2508 618,2509 656,2509 694,2510 732,2510 770,2511 807,2511 845,2512 883,2512 921,2513 959,2514 997,2514 1035,2515 1072,2515 1110,2515 1148,2516 1186,2516 1224,2517 1262,2517 1300,2517"/>
                <TextEquiv>
                    <Unicode>en France et c’est assez dommage. Mais</Unicode>
                </TextEquiv>
            </TextLine>
            <TextLine id="r1l28" custom="readingOrder {index:27;}">
                <Coords points="534,2543 1222,2569 1313,2547 1290,2521 534,2509"/>
                <Baseline points="544,2541 581,2542 619,2543 657,2544 695,2544 733,2545 771,2545 809,2546 847,2546 885,2546 923,2546 960,2546 998,2546 1036,2547 1074,2547 1112,2547 1150,2547 1188,2547 1226,2548 1264,2548 1302,2549"/>
                <TextEquiv>
                    <Unicode>le temps a travalllé contre lut. Ce roman¬</Unicode>
                </TextEquiv>
            </TextLine>
            <TextLine id="r1l29" custom="readingOrder {index:28;}">
                <Coords points="526,2572 1305,2585 1305,2564 1200,2552 527,2541"/>
                <Baseline points="538,2576 575,2576 613,2576 651,2576 689,2577 727,2577 764,2577 802,2578 840,2579 878,2579 916,2580 953,2581 991,2581 1029,2582 1067,2582 1105,2582 1142,2583 1180,2583 1218,2583 1256,2582 1294,2582"/>
                <TextEquiv>
                    <Unicode>tique attardé ne trouverait plus ici, au¬</Unicode>
                </TextEquiv>
            </TextLine>
            <TextLine id="r1l30" custom="readingOrder {index:29;}">
                <Coords points="524,2611 1311,2631 1292,2582 524,2571"/>
                <Baseline points="534,2607 572,2608 610,2609 649,2610 687,2611 725,2611 764,2612 802,2612 840,2613 879,2613 917,2614 955,2614 994,2615 1032,2615 1070,2616 1109,2616 1147,2617 1185,2617 1224,2618 1262,2618 1301,2618"/>
                <TextEquiv>
                    <Unicode>jourd'hui un public capable de goüter</Unicode>
                </TextEquiv>
            </TextLine>
            <TextLine id="r1l31" custom="readingOrder {index:30;}">
                <Coords points="531,2642 1314,2668 1315,2634 1285,2623 532,2613"/>
                <Baseline points="541,2641 579,2641 617,2641 655,2642 693,2642 732,2643 770,2644 808,2644 846,2645 884,2645 923,2646 961,2647 999,2647 1037,2648 1075,2649 1114,2649 1152,2650 1190,2651 1228,2651 1266,2652 1305,2653"/>
                <TextEquiv>
                    <Unicode>cette espéce de poésie de la désillusion</Unicode>
                </TextEquiv>
            </TextLine>
            <TextLine id="r1l32" custom="readingOrder {index:31;}">
                <Coords points="526,2670 618,2693 747,2675 1285,2695 1309,2668 526,2647"/>
                <Baseline points="535,2676 573,2676 611,2676 649,2676 687,2676 725,2676 763,2676 801,2676 839,2677 877,2677 916,2678 954,2678 992,2679 1030,2680 1068,2680 1106,2682 1144,2682 1182,2683 1220,2684 1258,2685 1297,2687"/>
                <TextEquiv>
                    <Unicode>qui fait le charme et le prix des drames,</Unicode>
                </TextEquiv>
            </TextLine>
            <TextLine id="r1l33" custom="readingOrder {index:32;}">
                <Coords points="530,2708 797,2741 968,2716 1029,2738 1141,2724 1183,2746 1227,2723 1305,2741 1305,2693 1146,2678 811,2697 531,2668"/>
                <Baseline points="540,2707 577,2708 615,2709 653,2710 691,2710 728,2711 766,2712 804,2712 842,2712 879,2713 917,2713 955,2713 993,2714 1030,2714 1068,2715 1106,2715 1144,2716 1181,2716 1219,2717 1257,2718 1295,2719"/>
                <TextEquiv>
                    <Unicode>des comédies et des romans d’Arthur</Unicode>
                </TextEquiv>
            </TextLine>
            <TextLine id="r1l34" custom="readingOrder {index:33;}">
                <Coords points="513,2746 528,2742 555,2761 595,2744 639,2744 671,2755 694,2745 770,2747 770,2724 730,2715 673,2717 618,2706 589,2715 555,2710 543,2721 513,2723"/>
                <Baseline points="523,2741 549,2740 575,2741 601,2741 627,2741 654,2742 680,2742 706,2742 732,2742 759,2740"/>
                <TextEquiv>
                    <Unicode>Schnitzler.</Unicode>
                </TextEquiv>
            </TextLine>
            <TextLine id="r1l35" custom="readingOrder {index:34;}">
                <Coords points="557,2778 1296,2796 1297,2751 1272,2742 1002,2757 954,2728 558,2755"/>
                <Baseline points="569,2772 604,2773 640,2774 676,2774 712,2775 748,2777 784,2778 819,2779 855,2780 891,2781 927,2782 963,2783 999,2783 1035,2784 1070,2784 1106,2785 1142,2785 1178,2784 1214,2784 1250,2782 1286,2781"/>
                <TextEquiv>
                    <Unicode> La Ronde , est un ouvrage de jeu¬</Unicode>
                </TextEquiv>
            </TextLine>
            <TextLine id="r1l36" custom="readingOrder {index:35;}">
                <Coords points="528,2806 1250,2826 1302,2816 1303,2779 892,2792 529,2766"/>
                <Baseline points="538,2805 575,2806 613,2807 650,2808 688,2809 726,2810 763,2812 801,2813 839,2814 876,2815 914,2816 952,2817 989,2818 1027,2819 1065,2819 1102,2819 1140,2819 1178,2819 1215,2818 1253,2817 1291,2816"/>
                <TextEquiv>
                    <Unicode>nesse, mais déjà la tournure d’esprit mé¬</Unicode>
                </TextEquiv>
            </TextLine>
            <TextLine id="r1l37" custom="readingOrder {index:36;}">
                <Coords points="528,2841 1307,2854 1307,2814 804,2826 528,2805"/>
                <Baseline points="539,2842 576,2842 614,2843 652,2843 690,2844 728,2845 766,2846 803,2847 841,2848 879,2849 917,2850 955,2851 993,2852 1031,2852 1068,2853 1106,2853 1144,2853 1182,2852 1220,2851 1258,2849 1296,2847"/>
                <TextEquiv>
                    <Unicode>lancolique de l’écrivain s’y manifeste</Unicode>
                </TextEquiv>
            </TextLine>
            <TextLine id="r1l38" custom="readingOrder {index:37;}">
                <Coords points="528,2880 1151,2898 1242,2878 1290,2898 1316,2854 529,2852"/>
                <Baseline points="538,2875 576,2875 614,2876 653,2876 691,2877 730,2877 768,2878 806,2879 845,2880 883,2881 922,2882 960,2883 998,2884 1037,2884 1075,2885 1114,2885 1152,2885 1190,2885 1229,2885 1267,2884 1306,2883"/>
                <TextEquiv>
                    <Unicode>pleinement. On y voit, en une série de</Unicode>
                </TextEquiv>
            </TextLine>
            <TextLine id="r1l39" custom="readingOrder {index:38;}">
                <Coords points="531,2911 1241,2925 1310,2913 1311,2877 532,2884"/>
                <Baseline points="542,2908 579,2909 617,2909 655,2909 693,2910 731,2911 769,2911 806,2912 844,2913 882,2914 920,2915 958,2916 996,2916 1034,2917 1071,2918 1109,2918 1147,2918 1185,2918 1223,2918 1261,2918 1299,2917"/>
                <TextEquiv>
                    <Unicode>tableaux, mis en scène avec une habile¬</Unicode>
                </TextEquiv>
            </TextLine>
            <TextLine id="r1l40" custom="readingOrder {index:39;}">
                <Coords points="527,2949 1283,2963 1312,2961 1313,2926 528,2911"/>
                <Baseline points="537,2941 575,2940 613,2941 651,2941 689,2941 728,2942 766,2943 804,2944 842,2945 880,2946 919,2947 957,2948 995,2948 1033,2949 1071,2950 1110,2950 1148,2950 1186,2950 1224,2950 1262,2949 1301,2948"/>
                <TextEquiv>
                    <Unicode>té, avec une variété d’imagination prodi¬</Unicode>
                </TextEquiv>
            </TextLine>
            <TextLine id="r1l41" custom="readingOrder {index:40;}">
                <Coords points="520,2985 1314,2990 1314,2955 1289,2950 520,2949"/>
                <Baseline points="531,2977 569,2976 608,2976 646,2975 685,2976 724,2976 762,2977 801,2977 840,2978 878,2979 917,2980 956,2981 994,2981 1033,2982 1072,2983 1110,2983 1149,2983 1188,2983 1226,2983 1265,2982 1304,2981"/>
                <TextEquiv>
                    <Unicode>gleuse par ie grand artiste qu'est Geor¬</Unicode>
                </TextEquiv>
            </TextLine>
            <TextLine id="r1l42" custom="readingOrder {index:41;}">
                <Coords points="528,3009 1302,3025 1302,2996 1178,2979 1100,2997 528,2971"/>
                <Baseline points="538,3009 575,3009 613,3009 651,3010 688,3010 726,3010 764,3011 801,3011 839,3012 877,3012 915,3013 952,3014 990,3014 1028,3015 1065,3015 1103,3016 1141,3016 1178,3017 1216,3017 1254,3017 1292,3017"/>
                <TextEquiv>
                    <Unicode>ges Pitoeff, comment l'homme et la fem¬</Unicode>
                </TextEquiv>
            </TextLine>
            <TextLine id="r1l43" custom="readingOrder {index:42;}">
                <Coords points="520,3051 1307,3050 1307,3023 1282,3020 520,3011"/>
                <Baseline points="530,3043 568,3043 606,3043 645,3043 683,3043 721,3043 760,3044 798,3044 836,3045 875,3045 913,3046 951,3046 990,3047 1028,3048 1066,3048 1105,3049 1143,3050 1181,3050 1220,3050 1258,3051 1297,3051"/>
                <TextEquiv>
                    <Unicode>me naturels se comportent dans l’amour</Unicode>
                </TextEquiv>
            </TextLine>
            <TextLine id="r1l44" custom="readingOrder {index:43;}">
                <Coords points="524,3080 718,3074 806,3097 1068,3079 1114,3101 1316,3084 1300,3048 525,3047"/>
                <Baseline points="536,3075 574,3075 612,3076 651,3076 689,3076 728,3076 766,3077 805,3077 843,3078 882,3078 920,3079 958,3079 997,3080 1035,3080 1074,3081 1112,3082 1151,3082 1189,3083 1228,3083 1266,3084 1305,3085"/>
                <TextEquiv>
                    <Unicode>Le désir, qui poétise, et la satisfaction</Unicode>
                </TextEquiv>
            </TextLine>
            <TextLine id="r1l45" custom="readingOrder {index:44;}">
                <Coords points="512,3121 613,3103 1295,3130 1313,3086 513,3081"/>
                <Baseline points="523,3112 561,3110 600,3109 639,3108 678,3108 717,3108 756,3108 795,3109 834,3110 873,3111 912,3112 950,3113 989,3114 1028,3115 1067,3116 1106,3116 1145,3117 1184,3117 1223,3117 1262,3117 1301,3116"/>
                <TextEquiv>
                    <Unicode>qui désabuse, se manifestent par les</Unicode>
                </TextEquiv>
            </TextLine>
            <TextLine id="r1l46" custom="readingOrder {index:45;}">
                <Coords points="518,3139 1306,3148 1304,3124 1230,3117 519,3125"/>
                <Baseline points="528,3142 566,3142 604,3142 643,3142 681,3143 720,3143 758,3144 796,3145 835,3145 873,3146 912,3146 950,3147 988,3148 1027,3148 1065,3149 1104,3149 1142,3150 1180,3150 1219,3150 1257,3150 1296,3150"/>
                <TextEquiv>
                    <Unicode>mèmes paroles chez les dix couples qui</Unicode>
                </TextEquiv>
            </TextLine>
            <TextLine id="r1l47" custom="readingOrder {index:46;}">
                <Coords points="510,3179 1274,3195 1299,3193 1300,3157 511,3141"/>
                <Baseline points="521,3172 559,3173 597,3174 636,3175 674,3176 713,3177 751,3177 789,3178 828,3179 866,3180 905,3180 943,3181 981,3181 1020,3182 1058,3182 1097,3183 1135,3183 1173,3183 1212,3184 1250,3184 1289,3184"/>
                <TextEquiv>
                    <Unicode>nous sont présentés, qu'ils soient d’extrac¬</Unicode>
                </TextEquiv>
            </TextLine>
            <TextLine id="r1l48" custom="readingOrder {index:47;}">
                <Coords points="518,3195 642,3224 830,3207 939,3234 1032,3212 1244,3227 1303,3215 1304,3188 519,3166"/>
                <Baseline points="528,3205 566,3207 604,3208 642,3209 680,3210 719,3210 757,3211 795,3212 833,3213 871,3213 910,3214 948,3214 986,3214 1024,3214 1062,3215 1101,3215 1139,3215 1177,3215 1215,3215 1253,3215 1292,3215"/>
                <TextEquiv>
                    <Unicode>tion populaire, bourgeoise ou aristocra¬</Unicode>
                </TextEquiv>
            </TextLine>
            <TextLine id="r1l49" custom="readingOrder {index:48;}">
                <Coords points="525,3244 1314,3258 1314,3224 1287,3215 525,3217"/>
                <Baseline points="535,3240 573,3241 611,3242 650,3242 688,3243 727,3244 765,3244 804,3245 842,3245 881,3246 919,3246 957,3247 996,3247 1034,3247 1073,3248 1111,3248 1150,3248 1188,3249 1227,3249 1265,3250 1304,3250"/>
                <TextEquiv>
                    <Unicode>tique du matelot au comte, en passant</Unicode>
                </TextEquiv>
            </TextLine>
            <TextLine id="r1l50" custom="readingOrder {index:49;}">
                <Coords points="523,3281 1245,3298 1306,3278 1306,3255 1121,3263 1075,3243 523,3245"/>
                <Baseline points="534,3274 572,3275 610,3275 648,3276 686,3276 724,3277 762,3278 800,3278 838,3279 876,3280 915,3280 953,3281 991,3282 1029,3282 1067,3283 1105,3283 1143,3283 1181,3284 1219,3284 1257,3284 1296,3284"/>
                <TextEquiv>
                    <Unicode>par l’étudiant, le poête, l’oisif, l’homme</Unicode>
                </TextEquiv>
            </TextLine>
            <TextLine id="r1l51" custom="readingOrder {index:50;}">
                <Coords points="517,3311 1219,3333 1312,3315 1313,3284 517,3282"/>
                <Baseline points="528,3307 566,3308 605,3308 643,3309 682,3309 721,3309 759,3310 798,3310 837,3311 875,3311 914,3312 953,3312 991,3313 1030,3314 1069,3314 1107,3315 1146,3316 1185,3317 1223,3318 1262,3319 1301,3320"/>
                <TextEquiv>
                    <Unicode>daffaires, I'homme se révéle identique à</Unicode>
                </TextEquiv>
            </TextLine>
            <TextLine id="r1l52" custom="readingOrder {index:51;}">
                <Coords points="524,3337 1220,3359 1311,3341 1311,3320 524,3312"/>
                <Baseline points="534,3340 572,3341 610,3342 648,3342 687,3343 725,3343 763,3344 802,3344 840,3345 878,3345 917,3346 955,3346 993,3347 1031,3347 1070,3348 1108,3348 1146,3349 1185,3349 1223,3349 1261,3350 1300,3350"/>
                <TextEquiv>
                    <Unicode>Jui-mème, délirant d’enthousiasme et</Unicode>
                </TextEquiv>
            </TextLine>
            <TextLine id="r1l53" custom="readingOrder {index:52;}">
                <Coords points="510,3375 1312,3394 1312,3352 1233,3347 734,3336 510,3358"/>
                <Baseline points="521,3373 560,3373 599,3373 638,3374 677,3374 716,3375 755,3375 794,3376 833,3376 872,3377 911,3377 950,3378 989,3378 1028,3379 1067,3380 1106,3380 1145,3381 1184,3381 1223,3382 1262,3382 1302,3383"/>
                <TextEquiv>
                    <Unicode>d’adoration quand il est sous l’empire du</Unicode>
                </TextEquiv>
            </TextLine>
            <TextLine id="r1l54" custom="readingOrder {index:53;}">
                <Coords points="510,3423 1240,3427 1299,3417 1300,3396 510,3377"/>
                <Baseline points="521,3406 559,3406 597,3407 636,3407 674,3408 713,3409 751,3410 789,3410 828,3411 866,3412 905,3413 943,3413 981,3414 1020,3414 1058,3415 1097,3416 1135,3416 1173,3417 1212,3417 1250,3417 1289,3417"/>
                <TextEquiv>
                    <Unicode>désir amoureux, ingrat, brutal, indiffé¬</Unicode>
                </TextEquiv>
            </TextLine>
            <TextLine id="r1l55" custom="readingOrder {index:54;}">
                <Coords points="515,3451 797,3443 879,3474 968,3446 1201,3480 1304,3465 1305,3425 516,3409"/>
                <Baseline points="526,3439 564,3440 602,3441 641,3442 679,3442 717,3443 756,3444 794,3445 832,3445 871,3446 909,3447 947,3448 986,3448 1024,3449 1062,3449 1101,3450 1139,3451 1177,3451 1216,3451 1254,3452 1293,3452"/>
                <TextEquiv>
                    <Unicode>rent et cruel des qu’il a obtenu tout ce</Unicode>
                </TextEquiv>
            </TextLine>
            <TextLine id="r1l56" custom="readingOrder {index:55;}">
                <Coords points="511,3483 555,3487 587,3474 621,3485 631,3474 859,3481 859,3456 798,3443 511,3451"/>
                <Baseline points="521,3476 546,3476 571,3475 596,3475 621,3475 646,3475 671,3475 696,3475 721,3476 746,3476 771,3476 796,3476 821,3476 847,3475"/>
                <TextEquiv>
                    <Unicode>qulil sonhaitait.</Unicode>
                </TextEquiv>
            </TextLine>
            <TextLine id="r1l57" custom="readingOrder {index:56;}">
                <Coords points="546,3509 1294,3514 1294,3478 1172,3470 547,3486"/>
                <Baseline points="557,3506 593,3507 629,3507 666,3508 702,3509 738,3509 775,3510 811,3510 847,3511 884,3512 920,3512 956,3513 993,3513 1029,3514 1065,3514 1102,3514 1138,3514 1174,3514 1211,3514 1247,3514 1284,3513"/>
                <TextEquiv>
                    <Unicode>La poésie douce-amère de ce petit ou¬</Unicode>
                </TextEquiv>
            </TextLine>
            <TextLine id="r1l58" custom="readingOrder {index:57;}">
                <Coords points="512,3541 1263,3562 1310,3550 1310,3508 512,3518"/>
                <Baseline points="523,3539 561,3540 600,3540 639,3540 678,3541 717,3542 755,3543 794,3543 833,3544 872,3545 911,3546 949,3546 988,3547 1027,3548 1066,3548 1105,3549 1143,3550 1182,3550 1221,3550 1260,3550 1299,3551"/>
                <TextEquiv>
                    <Unicode>vrage tendre et féroce ne sera peut-être</Unicode>
                </TextEquiv>
            </TextLine>
            <TextLine id="r1l59" custom="readingOrder {index:58;}">
                <Coords points="511,3571 1290,3591 1278,3550 512,3539"/>
                <Baseline points="521,3573 560,3573 600,3574 640,3574 680,3575 720,3576 760,3577 800,3578 840,3579 880,3580 920,3581 960,3582 1000,3583 1040,3584 1080,3584 1120,3584 1160,3584 1200,3584 1240,3583 1280,3582"/>
                <TextEquiv>
                    <Unicode>pas sentie avec acuité par le public con¬</Unicode>
                </TextEquiv>
            </TextLine>
            <TextLine id="r1l60" custom="readingOrder {index:59;}">
                <Coords points="508,3614 1007,3621 1036,3602 1272,3623 1298,3574 860,3591 508,3571"/>
                <Baseline points="519,3606 557,3606 595,3607 634,3608 672,3609 710,3610 749,3610 787,3611 825,3612 864,3613 902,3613 940,3614 979,3614 1017,3615 1055,3615 1094,3616 1132,3616 1170,3616 1209,3616 1247,3616 1286,3615"/>
                <TextEquiv>
                    <Unicode>temporain. Nous sommes devenus des</Unicode>
                </TextEquiv>
            </TextLine>
            <TextLine id="r1l61" custom="readingOrder {index:60;}">
                <Coords points="516,3641 1293,3652 1293,3614 516,3615"/>
                <Baseline points="527,3640 564,3640 602,3641 640,3641 678,3642 715,3643 753,3643 791,3644 829,3645 866,3646 904,3646 942,3646 980,3647 1017,3647 1055,3647 1093,3647 1131,3647 1168,3647 1206,3647 1244,3646 1282,3645"/>
                <TextEquiv>
                    <Unicode>réalistes. Nous concevons l’amour plus</Unicode>
                </TextEquiv>
            </TextLine>
            <TextLine id="r1l62" custom="readingOrder {index:61;}">
                <Coords points="509,3683 1227,3692 1290,3682 1291,3654 510,3643"/>
                <Baseline points="520,3672 558,3673 596,3674 634,3675 672,3676 710,3676 748,3677 786,3678 824,3678 862,3678 900,3679 938,3679 976,3679 1014,3679 1052,3680 1090,3680 1128,3680 1166,3680 1204,3680 1242,3680 1280,3680"/>
                <TextEquiv>
                    <Unicode>simplement et plus fortement et nous</Unicode>
                </TextEquiv>
            </TextLine>
            <TextLine id="r1l63" custom="readingOrder {index:62;}">
                <Coords points="519,3720 1283,3724 1284,3686 520,3671"/>
                <Baseline points="530,3704 567,3705 604,3707 641,3707 678,3709 716,3709 753,3710 790,3710 827,3710 864,3711 902,3711 939,3711 976,3711 1013,3711 1050,3711 1088,3711 1125,3711 1162,3711 1199,3712 1236,3712 1274,3712"/>
                <TextEquiv>
                    <Unicode>savons mienx échapper à la sorcellerie</Unicode>
                </TextEquiv>
            </TextLine>
            <TextLine id="r1l64" custom="readingOrder {index:63;}">
                <Coords points="516,3743 1265,3755 1293,3709 516,3720"/>
                <Baseline points="526,3737 563,3739 601,3740 639,3741 677,3742 715,3742 752,3743 790,3744 828,3744 866,3744 904,3744 941,3745 979,3745 1017,3744 1055,3744 1093,3744 1130,3744 1168,3743 1206,3743 1244,3742 1282,3741"/>
                <TextEquiv>
                    <Unicode>des illusions, nées de l’imagination litté¬</Unicode>
                </TextEquiv>
            </TextLine>
            <TextLine id="r1l65" custom="readingOrder {index:64;}">
                <Coords points="517,3766 1298,3800 1286,3741 518,3742"/>
                <Baseline points="528,3771 566,3771 604,3773 642,3773 680,3774 718,3774 756,3775 794,3776 832,3776 870,3776 908,3777 946,3777 984,3777 1022,3778 1060,3778 1098,3778 1136,3779 1174,3779 1212,3779 1250,3780 1288,3780"/>
                <TextEquiv>
                    <Unicode>raire. &amp; La Ronde g a fait rire. Cest déjà</Unicode>
                </TextEquiv>
            </TextLine>
            <TextLine id="r1l66" custom="readingOrder {index:65;}">
                <Coords points="510,3796 636,3821 1291,3815 1291,3796 1127,3777 510,3777"/>
                <Baseline points="521,3804 560,3804 600,3804 640,3804 680,3805 720,3805 760,3806 800,3807 840,3807 880,3808 920,3808 960,3809 1000,3810 1040,3810 1080,3811 1120,3811 1160,3812 1200,3812 1240,3812 1280,3812"/>
                <TextEquiv>
                    <Unicode>quelque chose. Il eut d’ailleurs été dom¬</Unicode>
                </TextEquiv>
            </TextLine>
            <TextLine id="r1l67" custom="readingOrder {index:66;}">
                <Coords points="510,3851 1287,3859 1287,3814 511,3811"/>
                <Baseline points="520,3836 557,3837 595,3837 633,3839 671,3839 709,3840 746,3840 784,3840 822,3841 860,3841 898,3841 935,3842 973,3842 1011,3842 1049,3843 1087,3844 1124,3844 1162,3845 1200,3845 1238,3847 1276,3848"/>
                <TextEquiv>
                    <Unicode>mage qu'elle ennuyät, car Mme Pittoeff a</Unicode>
                </TextEquiv>
            </TextLine>
            <TextLine id="r1l68" custom="readingOrder {index:67;}">
                <Coords points="500,3874 1296,3898 1297,3856 501,3844"/>
                <Baseline points="512,3870 550,3870 589,3870 628,3871 666,3871 705,3872 744,3873 782,3873 821,3874 860,3875 899,3876 937,3876 976,3877 1015,3878 1053,3879 1092,3879 1131,3880 1169,3880 1208,3881 1247,3881 1286,3881"/>
                <TextEquiv>
                    <Unicode>joué les dix röles de femmes avec une</Unicode>
                </TextEquiv>
            </TextLine>
            <TextLine id="r1l69" custom="readingOrder {index:68;}">
                <Coords points="519,3917 865,3904 1068,3944 1214,3916 1259,3951 1278,3949 1280,3894 520,3867"/>
                <Baseline points="530,3904 566,3905 603,3906 640,3906 677,3907 714,3908 751,3908 788,3909 825,3910 862,3910 899,3911 935,3912 972,3912 1009,3913 1046,3914 1083,3915 1120,3916 1157,3917 1194,3919 1231,3921 1268,3923"/>
                <TextEquiv>
                    <Unicode>virtuosité et une intelligence qui sopt</Unicode>
                </TextEquiv>
            </TextLine>
            <TextLine id="r1l70" custom="readingOrder {index:69;}">
                <Coords points="507,3955 991,3961 991,3917 507,3911"/>
                <Baseline points="517,3944 542,3942 568,3942 594,3941 619,3940 645,3940 671,3940 697,3940 722,3940 748,3940 774,3941 799,3941 825,3941 851,3942 877,3943 902,3944 928,3944 954,3945 980,3946"/>
                <TextEquiv>
                    <Unicode>vraiment Tart suprème.</Unicode>
                </TextEquiv>
            </TextLine>
            <TextLine id="r1l71" custom="readingOrder {index:70;}">
                <Coords points="1110,3961 1127,3960 1133,3964 1147,3952 1154,3952 1162,3947 1172,3946 1170,3919 1145,3918 1135,3928 1120,3925 1107,3926"/>
                <Baseline points="1120,3948 1162,3945"/>
                <TextEquiv>
                    <Unicode>P</Unicode>
                </TextEquiv>
            </TextLine>
            <TextEquiv>
                <Unicode>box 19/2
11. Reigen
„OBSERVER'
I. österr. behördl. konzessioniertes
Unternehmen für Zeitungs-Ausschnitte
WIEN, I., WOLLZEILE 11
TELEPHON R-23-0-43
Ausschnitt aus:
V0—
LESOIR
Mrait de
BRUXELLES
Gresse:
3 OCTOBIE 1552
ale
ignalure seeeesesesee ee esseusenansent
rposttionmmmmmmmmmmaeae Gcnations al-P
lver de groupements professionnels,
aes anciens éléves, etc.
F.
Les Premières à Paris
AU THEATRE DE LAVENUE
LA RONDE
Dir tableaug d’A.Schnitsler
L’écrivain autrichlen Schnitzler qui
mourut l’an dernier, est assez peu connu
en France et c’est assez dommage. Mais
le temps a travalllé contre lut. Ce roman¬
tique attardé ne trouverait plus ici, au¬
jourd'hui un public capable de goüter
cette espéce de poésie de la désillusion
qui fait le charme et le prix des drames,
des comédies et des romans d’Arthur
Schnitzler.
 La Ronde , est un ouvrage de jeu¬
nesse, mais déjà la tournure d’esprit mé¬
lancolique de l’écrivain s’y manifeste
pleinement. On y voit, en une série de
tableaux, mis en scène avec une habile¬
té, avec une variété d’imagination prodi¬
gleuse par ie grand artiste qu'est Geor¬
ges Pitoeff, comment l'homme et la fem¬
me naturels se comportent dans l’amour
Le désir, qui poétise, et la satisfaction
qui désabuse, se manifestent par les
mèmes paroles chez les dix couples qui
nous sont présentés, qu'ils soient d’extrac¬
tion populaire, bourgeoise ou aristocra¬
tique du matelot au comte, en passant
par l’étudiant, le poête, l’oisif, l’homme
daffaires, I'homme se révéle identique à
Jui-mème, délirant d’enthousiasme et
d’adoration quand il est sous l’empire du
désir amoureux, ingrat, brutal, indiffé¬
rent et cruel des qu’il a obtenu tout ce
qulil sonhaitait.
La poésie douce-amère de ce petit ou¬
vrage tendre et féroce ne sera peut-être
pas sentie avec acuité par le public con¬
temporain. Nous sommes devenus des
réalistes. Nous concevons l’amour plus
simplement et plus fortement et nous
savons mienx échapper à la sorcellerie
des illusions, nées de l’imagination litté¬
raire. &amp; La Ronde g a fait rire. Cest déjà
quelque chose. Il eut d’ailleurs été dom¬
mage qu'elle ennuyät, car Mme Pittoeff a
joué les dix röles de femmes avec une
virtuosité et une intelligence qui sopt
vraiment Tart suprème.
P</Unicode>
            </TextEquiv>
        </TextRegion>
        <TextRegion orientation="0.0" id="r2" custom="readingOrder {index:1;}">
            <Coords points="1549,259 1549,4208 3291,4208 3291,259"/>
            <TextLine id="r2l1" custom="readingOrder {index:0;}">
                <Coords points="1679,297 1700,292 1712,305 1734,298 1748,309 1772,296 1806,317 1887,306 1905,322 1944,314 1975,324 2032,312 2035,266 1959,270 1867,250 1828,259 1681,253"/>
                <Baseline points="1690,285 1715,286 1741,288 1766,289 1792,290 1817,292 1843,293 1868,294 1894,295 1919,297 1945,298 1970,300 1996,302 2022,303"/>
                <TextEquiv>
                    <Unicode>Ausschnitt aus:</Unicode>
                </TextEquiv>
            </TextLine>
            <TextLine id="r2l2" custom="readingOrder {index:1;}">
                <Coords points="1959,510 1988,510 2001,518 2018,514 2024,520 2043,514 2051,520 2068,509 2089,520 2127,511 2140,517 2161,511 2161,467 2125,459 2062,478 2055,472 2045,476 2028,463 2015,474 1994,459 1958,458"/>
                <Baseline points="1970,497 1995,498 2021,498 2047,498 2072,497 2098,497 2124,497 2150,497"/>
                <TextEquiv>
                    <Unicode>—</Unicode>
                </TextEquiv>
            </TextLine>
            <TextLine id="r2l3" custom="readingOrder {index:2;}">
                <Coords points="1643,564 2012,587 2056,564 2336,585 2450,561 2449,511 2371,499 2207,504 2100,538 1944,499 1831,542 1767,507 1643,531"/>
                <Baseline points="1654,559 1693,559 1732,559 1771,559 1811,559 1850,559 1889,558 1929,558 1968,558 2007,558 2047,557 2086,557 2125,557 2164,556 2204,556 2243,556 2282,556 2322,555 2361,555 2400,555 2440,555"/>
                <TextEquiv>
                    <Unicode></Unicode>
                </TextEquiv>
            </TextLine>
            <TextLine id="r2l4" custom="readingOrder {index:3;}">
                <Coords points="1660,648 2438,638 2438,577 1659,585"/>
                <Baseline points="1669,628 1708,628 1748,628 1788,628 1828,628 1868,627 1908,627 1948,627 1988,627 2028,627 2068,626 2108,626 2148,626 2188,625 2228,625 2268,624 2308,624 2348,623 2388,623 2428,622"/>
                <TextEquiv>
                    <Unicode>EK PP  </Unicode>
                </TextEquiv>
            </TextLine>
            <TextLine id="r2l5" custom="readingOrder {index:4;}">
                <Coords points="1684,681 1729,677 1766,694 1848,686 1883,707 1904,706 1908,637 1849,640 1841,631 1781,642 1752,634 1687,637"/>
                <Baseline points="1696,669 1724,671 1752,674 1780,675 1809,676 1837,678 1865,679 1894,681"/>
                <TextEquiv>
                    <Unicode>30; Ruo</Unicode>
                </TextEquiv>
            </TextLine>
            <TextLine id="r2l6" custom="readingOrder {index:5;}">
                <Coords points="1943,710 1969,704 1979,715 1990,711 2002,719 2019,713 2035,721 2049,713 2055,720 2061,716 2077,724 2088,718 2113,724 2118,659 1948,647"/>
                <Baseline points="1954,701 1979,701 2004,703 2029,705 2054,707 2079,709 2104,709"/>
                <TextEquiv>
                    <Unicode>antmar</Unicode>
                </TextEquiv>
            </TextLine>
            <TextLine id="r2l7" custom="readingOrder {index:6;}">
                <Coords points="1719,749 1940,763 2041,735 2239,736 2413,761 2460,754 2459,689 2331,700 2249,679 2032,718 1834,687 1718,705"/>
                <Baseline points="1729,739 1766,739 1804,739 1842,738 1880,738 1918,737 1956,737 1993,736 2031,736 2069,736 2107,735 2145,735 2183,735 2220,735 2258,735 2296,736 2334,736 2372,736 2410,737 2448,738"/>
                <TextEquiv>
                    <Unicode>——</Unicode>
                </TextEquiv>
            </TextLine>
            <TextLine id="r2l8" custom="readingOrder {index:7;}">
                <Coords points="1977,775 2015,770 2052,785 2078,777 2094,787 2110,781 2126,788 2148,776 2162,788 2189,791 2221,776 2223,744 2175,740 2145,747 2114,737 2013,734 1979,741"/>
                <Baseline points="1989,764 2016,762 2044,761 2072,760 2100,760 2127,762 2155,765 2183,769 2211,776"/>
                <TextEquiv>
                    <Unicode>Panre 2</Unicode>
                </TextEquiv>
            </TextLine>
            <TextLine id="r2l9" custom="readingOrder {index:8;}">
                <Coords points="1655,826 2470,816 2470,764 2404,754 2335,784 2091,787 1655,748"/>
                <Baseline points="1665,807 1704,806 1744,805 1784,805 1823,804 1863,804 1903,804 1942,803 1982,803 2022,803 2062,803 2101,803 2141,803 2181,803 2220,802 2260,802 2300,802 2339,802 2379,801 2419,801 2459,800"/>
                <TextEquiv>
                    <Unicode>  e-uenmmmmanunmnnnn m.mnumimeesseni..—</Unicode>
                </TextEquiv>
            </TextLine>
            <TextLine id="r2l10" custom="readingOrder {index:9;}">
                <Coords points="1719,856 1822,851 1841,862 1881,849 1917,860 1959,851 1974,864 2035,875 2035,820 2006,818 1993,830 1951,818 1881,828 1812,814 1789,826 1719,809"/>
                <Baseline points="1729,844 1755,845 1782,846 1809,846 1836,846 1863,846 1890,846 1917,846 1944,846 1971,845 1998,845 2025,846"/>
                <TextEquiv>
                    <Unicode>——</Unicode>
                </TextEquiv>
            </TextLine>
            <TextLine id="r2l11" custom="readingOrder {index:10;}">
                <Coords points="2142,851 2335,879 2494,853 2600,891 2723,862 3301,945 3306,842 3236,826 2561,785 2483,821 2145,805"/>
                <Baseline points="2152,847 2211,848 2271,849 2331,850 2391,850 2451,850 2511,850 2571,850 2631,851 2691,852 2751,854 2811,856 2871,860 2931,865 2991,871 3051,879 3111,887 3171,898 3231,911 3291,926"/>
                <TextEquiv>
                    <Unicode></Unicode>
                </TextEquiv>
            </TextLine>
            <TextLine id="r2l12" custom="readingOrder {index:11;}">
                <Coords points="1777,979 3047,970 2994,910 2876,899 1778,893"/>
                <Baseline points="1787,962 1849,962 1911,963 1974,964 2036,964 2099,965 2161,965 2224,966 2286,966 2349,967 2411,967 2473,967 2536,968 2598,968 2661,968 2723,968 2786,969 2848,969 2911,969 2973,969 3036,969"/>
                <TextEquiv>
                    <Unicode>AU THEATRE DE LAVENUE</Unicode>
                </TextEquiv>
            </TextLine>
            <TextLine id="r2l13" custom="readingOrder {index:12;}">
                <Coords points="1816,1185 2109,1198 2158,1174 2189,1200 2252,1180 2355,1206 2408,1184 2411,1047 2332,1013 2239,1016 2137,1056 2073,1016 1820,1004"/>
                <Baseline points="1828,1167 1856,1167 1885,1167 1913,1168 1942,1168 1970,1168 1999,1169 2027,1170 2056,1170 2084,1171 2113,1171 2141,1172 2170,1173 2198,1174 2227,1174 2255,1175 2284,1176 2312,1177 2341,1177 2369,1178 2398,1178"/>
                <TextEquiv>
                    <Unicode>LH. RG</Unicode>
                </TextEquiv>
            </TextLine>
            <TextLine id="r2l14" custom="readingOrder {index:13;}">
                <Coords points="2542,1209 2741,1179 2777,1194 2815,1178 2887,1192 2927,1181 2967,1200 3032,1182 3032,1148 2989,1147 2966,1126 2874,1150 2804,1128 2737,1154 2632,1160 2541,1131"/>
                <Baseline points="2551,1183 2577,1183 2603,1183 2629,1182 2655,1182 2681,1182 2708,1181 2734,1180 2760,1180 2786,1179 2812,1179 2838,1179 2865,1178 2891,1178 2917,1178 2943,1178 2969,1178 2995,1178 3022,1179"/>
                <TextEquiv>
                    <Unicode>TE</Unicode>
                </TextEquiv>
            </TextLine>
            <TextLine id="r2l15" custom="readingOrder {index:14;}">
                <Coords points="2381,1280 2618,1302 3265,1276 3265,1240 3112,1227 3065,1248 3017,1226 2943,1249 2803,1224 2707,1252 2499,1220 2381,1240"/>
                <Baseline points="2392,1280 2435,1280 2478,1280 2521,1280 2564,1280 2607,1281 2650,1281 2694,1282 2737,1283 2780,1284 2823,1284 2866,1285 2909,1286 2952,1287 2996,1287 3039,1288 3082,1288 3125,1288 3168,1287 3211,1287 3255,1286"/>
                <TextEquiv>
                    <Unicode>les petites rues équivoques, et qui traver¬</Unicode>
                </TextEquiv>
            </TextLine>
            <TextLine id="r2l16" custom="readingOrder {index:15;}">
                <Coords points="1674,1320 2189,1331 2291,1298 2291,1277 2226,1258 2164,1276 2089,1257 2055,1278 1941,1267 1910,1290 1876,1264 1798,1272 1773,1247 1712,1246 1674,1273"/>
                <Baseline points="1684,1304 1713,1305 1743,1306 1773,1307 1803,1308 1832,1309 1862,1309 1892,1309 1922,1309 1951,1309 1981,1309 2011,1309 2041,1309 2070,1309 2100,1309 2130,1309 2160,1309 2189,1309 2219,1309 2249,1310 2279,1311"/>
                <TextEquiv>
                    <Unicode>Mise en sdene</Unicode>
                </TextEquiv>
            </TextLine>
            <TextLine id="r2l17" custom="readingOrder {index:16;}">
                <Coords points="2390,1333 3232,1337 3274,1331 3275,1283 2618,1301 2391,1276"/>
                <Baseline points="2401,1320 2444,1320 2487,1320 2530,1320 2573,1320 2616,1321 2659,1321 2702,1321 2745,1322 2788,1323 2832,1323 2875,1324 2918,1324 2961,1325 3004,1325 3047,1325 3090,1325 3133,1325 3176,1325 3219,1324 3263,1323"/>
                <TextEquiv>
                    <Unicode>sent, plus tard, les avenues des grandes</Unicode>
                </TextEquiv>
            </TextLine>
            <TextLine id="r2l18" custom="readingOrder {index:17;}">
                <Coords points="2399,1366 3268,1358 3268,1327 2399,1316"/>
                <Baseline points="2409,1357 2451,1357 2493,1358 2536,1358 2578,1359 2621,1360 2663,1360 2706,1361 2748,1361 2791,1362 2833,1362 2875,1363 2918,1363 2960,1363 3003,1363 3045,1363 3088,1363 3130,1362 3173,1361 3215,1360 3258,1359"/>
                <TextEquiv>
                    <Unicode>villes. On y trouve un soldat — métamor¬</Unicode>
                </TextEquiv>
            </TextLine>
            <TextLine id="r2l19" custom="readingOrder {index:18;}">
                <Coords points="1762,1409 1795,1398 1818,1415 2187,1407 2187,1333 2107,1346 2046,1328 2006,1343 1931,1321 1899,1340 1848,1325 1762,1343"/>
                <Baseline points="1772,1395 1797,1395 1822,1395 1847,1396 1873,1396 1898,1397 1923,1397 1948,1397 1974,1398 1999,1398 2024,1398 2049,1398 2075,1398 2100,1398 2125,1397 2150,1397 2176,1396"/>
                <TextEquiv>
                    <Unicode>et decors</Unicode>
                </TextEquiv>
            </TextLine>
            <TextLine id="r2l20" custom="readingOrder {index:19;}">
                <Coords points="2402,1410 2539,1390 2678,1417 3120,1394 3268,1412 3262,1363 2403,1359"/>
                <Baseline points="2413,1396 2455,1396 2497,1397 2539,1398 2581,1398 2624,1399 2666,1400 2708,1401 2750,1402 2792,1403 2835,1404 2877,1404 2919,1405 2961,1405 3003,1405 3046,1405 3088,1405 3130,1405 3172,1403 3214,1402 3257,1401"/>
                <TextEquiv>
                    <Unicode>phosé en marin pour qu’on puisse jouer</Unicode>
                </TextEquiv>
            </TextLine>
            <TextLine id="r2l21" custom="readingOrder {index:20;}">
                <Coords points="2397,1437 3260,1442 3260,1414 3128,1400 2397,1405"/>
                <Baseline points="2407,1433 2449,1433 2491,1433 2533,1434 2575,1434 2617,1435 2659,1435 2702,1435 2744,1436 2786,1436 2828,1437 2870,1437 2912,1437 2954,1438 2997,1439 3039,1439 3081,1440 3123,1440 3165,1441 3207,1441 3250,1442"/>
                <TextEquiv>
                    <Unicode>Les Gars de la Marine — une fille, un</Unicode>
                </TextEquiv>
            </TextLine>
            <TextLine id="r2l22" custom="readingOrder {index:21;}">
                <Coords points="2399,1492 2563,1468 3257,1491 3258,1449 2399,1435"/>
                <Baseline points="2410,1470 2451,1471 2493,1472 2535,1472 2577,1473 2619,1473 2661,1474 2702,1474 2744,1475 2786,1475 2828,1475 2870,1476 2912,1476 2954,1477 2995,1477 3037,1477 3079,1477 3121,1478 3163,1478 3205,1478 3247,1478"/>
                <TextEquiv>
                    <Unicode>homme de lettres, une femme de chambre.</Unicode>
                </TextEquiv>
            </TextLine>
            <TextLine id="r2l23" custom="readingOrder {index:22;}">
                <Coords points="1598,1489 1763,1518 2057,1495 2361,1515 2360,1401 2303,1380 2091,1411 2026,1449 1937,1450 1876,1410 1813,1431 1598,1420"/>
                <Baseline points="1608,1486 1645,1489 1682,1491 1719,1492 1756,1494 1793,1495 1830,1495 1868,1496 1905,1496 1942,1496 1979,1496 2016,1496 2053,1495 2090,1494 2128,1493 2165,1492 2202,1491 2239,1489 2276,1488 2313,1487 2351,1485"/>
                <TextEquiv>
                    <Unicode>de Georges G.lost!</Unicode>
                </TextEquiv>
            </TextLine>
            <TextLine id="r2l24" custom="readingOrder {index:23;}">
                <Coords points="2393,1508 2834,1541 3256,1515 3220,1481 2393,1487"/>
                <Baseline points="2404,1509 2446,1510 2488,1511 2530,1512 2572,1512 2614,1512 2656,1513 2698,1513 2740,1514 2782,1514 2824,1514 2866,1515 2908,1515 2950,1515 2992,1515 3034,1515 3076,1516 3118,1516 3160,1516 3202,1516 3245,1516"/>
                <TextEquiv>
                    <Unicode>un étudiant, une midinette, un comte, une</Unicode>
                </TextEquiv>
            </TextLine>
            <TextLine id="r2l25" custom="readingOrder {index:24;}">
                <Coords points="2400,1549 2421,1550 2437,1561 2476,1549 2501,1550 2507,1557 2547,1550 2572,1563 2598,1550 2617,1557 2617,1533 2577,1532 2555,1516 2529,1520 2505,1510 2492,1518 2475,1505 2445,1521 2439,1514 2418,1518 2401,1511"/>
                <Baseline points="2411,1542 2439,1542 2467,1543 2495,1543 2523,1544 2551,1545 2579,1547 2607,1550"/>
                <TextEquiv>
                    <Unicode>actrice..</Unicode>
                </TextEquiv>
            </TextLine>
            <TextLine id="r2l26" custom="readingOrder {index:25;}">
                <Coords points="2443,1590 3213,1601 3264,1596 3264,1533 2443,1557"/>
                <Baseline points="2454,1578 2494,1581 2534,1583 2574,1586 2614,1588 2654,1589 2694,1590 2734,1591 2774,1592 2814,1592 2854,1592 2894,1592 2934,1592 2974,1592 3014,1592 3054,1592 3094,1592 3134,1593 3174,1593 3214,1594 3254,1595"/>
                <TextEquiv>
                    <Unicode>C’est une pièce qui commence la nuit</Unicode>
                </TextEquiv>
            </TextLine>
            <TextLine id="r2l27" custom="readingOrder {index:26;}">
                <Coords points="1581,1625 2364,1630 2387,1626 2387,1586 1823,1569 1776,1594 1658,1566 1581,1592"/>
                <Baseline points="1591,1621 1630,1622 1669,1622 1708,1622 1748,1622 1787,1622 1826,1622 1865,1622 1905,1622 1944,1622 1983,1622 2022,1622 2062,1622 2101,1622 2140,1622 2179,1622 2219,1622 2258,1622 2297,1622 2336,1622 2376,1622"/>
                <TextEquiv>
                    <Unicode>C’est une des meilleures cuvres de jeu¬</Unicode>
                </TextEquiv>
            </TextLine>
            <TextLine id="r2l28" custom="readingOrder {index:27;}">
                <Coords points="2403,1624 3266,1642 3267,1596 2677,1607 2404,1580"/>
                <Baseline points="2414,1620 2456,1622 2498,1624 2540,1625 2582,1626 2624,1627 2666,1627 2708,1628 2750,1629 2792,1629 2835,1629 2877,1630 2919,1630 2961,1630 3003,1631 3045,1631 3087,1632 3129,1632 3171,1633 3213,1634 3256,1635"/>
                <TextEquiv>
                    <Unicode>sur un talus, au bord du Danube, et qui</Unicode>
                </TextEquiv>
            </TextLine>
            <TextLine id="r2l29" custom="readingOrder {index:28;}">
                <Coords points="1585,1670 2347,1670 2401,1663 2401,1623 1584,1641"/>
                <Baseline points="1596,1662 1635,1662 1675,1662 1715,1662 1754,1662 1794,1662 1834,1662 1873,1662 1913,1661 1953,1661 1993,1661 2032,1660 2072,1660 2112,1660 2151,1660 2191,1660 2231,1660 2270,1660 2310,1660 2350,1660 2390,1661"/>
                <TextEquiv>
                    <Unicode>sse d’Arthur Schnitzler — l’excellent</Unicode>
                </TextEquiv>
            </TextLine>
            <TextLine id="r2l30" custom="readingOrder {index:29;}">
                <Coords points="2409,1670 3268,1674 3268,1644 3213,1633 2409,1625"/>
                <Baseline points="2420,1659 2461,1662 2503,1663 2545,1665 2587,1667 2629,1668 2671,1668 2713,1669 2755,1669 2797,1670 2839,1670 2880,1670 2922,1670 2964,1670 3006,1670 3048,1670 3090,1671 3132,1672 3174,1672 3216,1673 3258,1675"/>
                <TextEquiv>
                    <Unicode>finit à l’aube, dans un grenier. C’est, du</Unicode>
                </TextEquiv>
            </TextLine>
            <TextLine id="r2l31" custom="readingOrder {index:30;}">
                <Coords points="1574,1704 2391,1705 2390,1669 2357,1665 1574,1671"/>
                <Baseline points="1585,1702 1624,1702 1664,1701 1704,1701 1744,1700 1783,1700 1823,1700 1863,1700 1903,1700 1942,1700 1982,1700 2022,1700 2062,1700 2101,1700 2141,1700 2181,1700 2221,1699 2260,1699 2300,1698 2340,1697 2380,1696"/>
                <TextEquiv>
                    <Unicode>amaturge viennois mort l’an dernier —</Unicode>
                </TextEquiv>
            </TextLine>
            <TextLine id="r2l32" custom="readingOrder {index:31;}">
                <Coords points="2411,1707 3270,1717 3270,1673 2411,1669"/>
                <Baseline points="2421,1700 2465,1701 2509,1701 2553,1702 2597,1703 2641,1704 2685,1705 2730,1706 2774,1707 2818,1708 2862,1708 2906,1709 2950,1709 2995,1710 3039,1710 3083,1711 3127,1711 3171,1711 3215,1711 3260,1711"/>
                <TextEquiv>
                    <Unicode>reste, un spectacle omnibus: dix tableaux,</Unicode>
                </TextEquiv>
            </TextLine>
            <TextLine id="r2l33" custom="readingOrder {index:32;}">
                <Coords points="1585,1733 1972,1739 2016,1766 2387,1743 2387,1699 1585,1701"/>
                <Baseline points="1595,1738 1634,1739 1673,1739 1712,1740 1751,1740 1790,1740 1829,1740 1868,1741 1907,1741 1946,1741 1985,1741 2024,1741 2063,1741 2102,1740 2141,1740 2180,1740 2219,1740 2258,1740 2297,1739 2336,1739 2376,1739"/>
                <TextEquiv>
                    <Unicode>ie la compagnie Pitoéff vient de repren¬</Unicode>
                </TextEquiv>
            </TextLine>
            <TextLine id="r2l34" custom="readingOrder {index:33;}">
                <Coords points="2406,1741 3267,1750 3267,1716 3219,1709 2406,1706"/>
                <Baseline points="2416,1739 2458,1740 2500,1740 2542,1741 2584,1741 2626,1742 2668,1742 2710,1743 2752,1743 2794,1744 2836,1744 2878,1744 2920,1745 2962,1745 3004,1745 3046,1745 3088,1745 3130,1745 3172,1745 3214,1745 3256,1745"/>
                <TextEquiv>
                    <Unicode>dix dialogues, dix couples. On fait dix fois</Unicode>
                </TextEquiv>
            </TextLine>
            <TextLine id="r2l35" custom="readingOrder {index:34;}">
                <Coords points="1577,1771 1762,1787 1891,1776 1890,1749 1869,1742 1781,1749 1714,1745 1695,1734 1672,1749 1650,1737 1617,1745 1577,1728"/>
                <Baseline points="1587,1773 1613,1775 1640,1775 1666,1776 1693,1776 1719,1776 1746,1776 1772,1776 1799,1775 1825,1775 1852,1774 1879,1773"/>
                <TextEquiv>
                    <Unicode>e à l’Avenue.</Unicode>
                </TextEquiv>
            </TextLine>
            <TextLine id="r2l36" custom="readingOrder {index:35;}">
                <Coords points="2400,1778 3269,1797 3269,1743 2400,1746"/>
                <Baseline points="2410,1777 2452,1777 2494,1778 2537,1778 2579,1778 2622,1778 2664,1779 2707,1779 2749,1779 2792,1780 2834,1780 2876,1780 2919,1781 2961,1781 3004,1781 3046,1782 3089,1782 3131,1783 3174,1783 3216,1784 3259,1784"/>
                <TextEquiv>
                    <Unicode>T’amour — presque apparemment — avec</Unicode>
                </TextEquiv>
            </TextLine>
            <TextLine id="r2l37" custom="readingOrder {index:36;}">
                <Coords points="1577,1831 2401,1818 2401,1776 2342,1761 2175,1788 2055,1761 1992,1786 1956,1759 1763,1788 1577,1776"/>
                <Baseline points="1589,1815 1629,1814 1669,1814 1709,1814 1749,1814 1789,1814 1829,1814 1869,1814 1909,1815 1949,1815 1990,1815 2030,1815 2070,1815 2110,1815 2150,1815 2190,1815 2230,1814 2270,1814 2310,1814 2350,1813 2391,1812"/>
                <TextEquiv>
                    <Unicode>Chaque création de M. Georges Pitoëff</Unicode>
                </TextEquiv>
            </TextLine>
            <TextLine id="r2l38" custom="readingOrder {index:37;}">
                <Coords points="2411,1826 3274,1832 3275,1792 2412,1779"/>
                <Baseline points="2422,1812 2464,1813 2506,1813 2548,1814 2590,1814 2632,1815 2674,1816 2717,1817 2759,1818 2801,1818 2843,1819 2885,1819 2927,1820 2969,1820 3012,1820 3054,1820 3096,1820 3138,1820 3180,1820 3222,1819 3265,1819"/>
                <TextEquiv>
                    <Unicode>Mme Pitoëff. Cette actrice est véritable¬</Unicode>
                </TextEquiv>
            </TextLine>
            <TextLine id="r2l39" custom="readingOrder {index:38;}">
                <Coords points="1582,1851 2392,1863 2392,1819 1582,1819"/>
                <Baseline points="1593,1854 1632,1853 1671,1853 1711,1853 1750,1853 1790,1853 1829,1853 1868,1853 1908,1853 1947,1854 1987,1854 2026,1854 2065,1855 2105,1855 2144,1855 2184,1855 2223,1855 2262,1854 2302,1854 2341,1853 2381,1852"/>
                <TextEquiv>
                    <Unicode>brite une attention particulière. Ce qu’il</Unicode>
                </TextEquiv>
            </TextLine>
            <TextLine id="r2l40" custom="readingOrder {index:39;}">
                <Coords points="2411,1865 3272,1861 3272,1830 3230,1823 2411,1825"/>
                <Baseline points="2422,1853 2464,1854 2506,1854 2548,1854 2590,1854 2632,1855 2674,1855 2716,1855 2758,1855 2800,1855 2842,1855 2884,1855 2926,1855 2968,1856 3010,1856 3052,1856 3094,1857 3136,1857 3178,1858 3220,1858 3262,1859"/>
                <TextEquiv>
                    <Unicode>ment prodigieuse; elle est toutes les fem¬</Unicode>
                </TextEquiv>
            </TextLine>
            <TextLine id="r2l41" custom="readingOrder {index:40;}">
                <Coords points="1588,1887 1821,1908 2390,1897 2390,1867 2297,1855 1588,1851"/>
                <Baseline points="1598,1895 1637,1893 1676,1892 1715,1891 1754,1891 1793,1891 1832,1891 1871,1891 1910,1891 1949,1891 1988,1892 2027,1892 2066,1893 2105,1893 2144,1894 2183,1894 2222,1894 2261,1893 2300,1893 2339,1892 2379,1891"/>
                <TextEquiv>
                    <Unicode>nte est toujours difficile, souvent coura¬</Unicode>
                </TextEquiv>
            </TextLine>
            <TextLine id="r2l42" custom="readingOrder {index:41;}">
                <Coords points="2410,1904 3261,1896 3246,1862 2411,1859"/>
                <Baseline points="2421,1892 2462,1893 2504,1893 2545,1894 2587,1894 2628,1894 2670,1894 2711,1894 2753,1894 2794,1895 2836,1895 2877,1895 2919,1895 2960,1895 3002,1895 3043,1896 3085,1896 3126,1896 3168,1897 3209,1898 3251,1898"/>
                <TextEquiv>
                    <Unicode>mes, elle chante faux avec une sérénité</Unicode>
                </TextEquiv>
            </TextLine>
            <TextLine id="r2l43" custom="readingOrder {index:42;}">
                <Coords points="1583,1945 3179,1964 3257,1901 1583,1907"/>
                <Baseline points="1594,1931 1676,1930 1759,1929 1841,1929 1924,1929 2007,1929 2089,1929 2172,1930 2254,1930 2337,1931 2420,1931 2502,1932 2585,1933 2667,1934 2750,1934 2833,1935 2915,1936 2998,1936 3080,1936 3163,1936 3246,1936"/>
                <TextEquiv>
                    <Unicode>ux; et s’il se trompe — ce qui est mal- absolue, elle danse la biguine, elle ressem¬</Unicode>
                </TextEquiv>
            </TextLine>
            <TextLine id="r2l44" custom="readingOrder {index:43;}">
                <Coords points="1652,2143 1692,2159 1748,2123 1824,2164 1890,2147 1902,2160 1922,2148 1951,2151 1955,2025 1915,2024 1868,1988 1824,1976 1795,1978 1741,2022 1686,2012 1656,2019"/>
                <Baseline points="1663,2142 1688,2135 1713,2129 1738,2127 1763,2127 1788,2128 1814,2130 1839,2133 1864,2136 1889,2139 1914,2141 1940,2142"/>
                <TextEquiv>
                    <Unicode>0</Unicode>
                </TextEquiv>
            </TextLine>
            <TextLine id="r2l45" custom="readingOrder {index:44;}">
                <Coords points="2744,2168 2761,2166 2768,2158 2779,2157 2769,2094 2733,2098"/>
                <Baseline points="2752,2149 2766,2147"/>
                <TextEquiv>
                    <Unicode></Unicode>
                </TextEquiv>
            </TextLine>
            <TextLine id="r2l46" custom="readingOrder {index:45;}">
                <Coords points="2659,2168 2669,2168 2677,2175 2692,2173 2698,2180 2709,2180 2728,2170 2739,2170 2742,2082 2731,2082 2727,2077 2721,2081 2694,2076 2689,2080 2681,2074 2662,2073"/>
                <Baseline points="2670,2159 2699,2159 2728,2161"/>
                <TextEquiv>
                    <Unicode>S</Unicode>
                </TextEquiv>
            </TextLine>
            <TextLine id="r2l47" custom="readingOrder {index:46;}">
                <Coords points="2526,2271 2644,2218 2668,2230 2682,2219 2764,2262 2819,2209 2831,2209 2830,2181 2808,2195 2784,2177 2761,2197 2723,2173 2656,2192 2641,2182 2629,2195 2599,2186 2566,2221 2540,2201 2524,2202"/>
                <Baseline points="2535,2239 2561,2237 2587,2233 2613,2230 2639,2227 2665,2225 2691,2224 2717,2223 2743,2223 2769,2225 2795,2228 2821,2231"/>
                <TextEquiv>
                    <Unicode>P</Unicode>
                </TextEquiv>
            </TextLine>
            <TextLine id="r2l48" custom="readingOrder {index:47;}">
                <Coords points="2539,2316 2552,2315 2554,2313 2558,2316 2562,2314 2569,2319 2573,2317 2590,2317 2586,2275 2571,2277 2554,2272 2546,2279 2536,2281"/>
                <Baseline points="2550,2308 2579,2305"/>
                <TextEquiv>
                    <Unicode>6</Unicode>
                </TextEquiv>
            </TextLine>
            <TextLine id="r2l49" custom="readingOrder {index:48;}">
                <Coords points="2637,2342 2662,2337 2673,2324 2685,2320 2701,2323 2716,2307 2741,2309 2737,2263 2718,2262 2701,2279 2696,2277 2691,2284 2678,2285 2664,2295 2657,2291 2652,2298 2643,2290 2632,2291"/>
                <Baseline points="2645,2317 2673,2309 2702,2309 2731,2307"/>
                <TextEquiv>
                    <Unicode>—</Unicode>
                </TextEquiv>
            </TextLine>
            <TextLine id="r2l50" custom="readingOrder {index:49;}">
                <Coords points="2768,2369 2788,2376 2807,2366 2817,2372 2824,2366 2834,2368 2840,2328 2825,2326 2821,2328 2810,2324 2806,2328 2802,2327 2783,2337 2773,2336"/>
                <Baseline points="2779,2360 2823,2366"/>
                <TextEquiv>
                    <Unicode></Unicode>
                </TextEquiv>
            </TextLine>
            <TextLine id="r2l51" custom="readingOrder {index:50;}">
                <Coords points="1679,2481 1699,2475 1719,2489 1744,2475 1757,2477 1768,2464 1777,2467 1807,2448 1823,2454 1848,2449 1835,2379 1824,2381 1809,2401 1782,2393 1772,2399 1754,2392 1735,2395 1701,2408 1683,2427 1668,2427"/>
                <Baseline points="1685,2463 1710,2458 1735,2452 1760,2446 1785,2441 1810,2438 1835,2437"/>
                <TextEquiv>
                    <Unicode>8</Unicode>
                </TextEquiv>
            </TextLine>
            <TextLine id="r2l52" custom="readingOrder {index:51;}">
                <Coords points="2828,2530 2843,2531 2857,2520 2863,2526 2876,2518 2884,2522 2892,2513 2905,2513 2940,2540 2967,2534 2963,2469 2930,2467 2917,2476 2900,2460 2871,2472 2824,2467"/>
                <Baseline points="2838,2520 2867,2520 2897,2518 2926,2516 2956,2514"/>
                <TextEquiv>
                    <Unicode>—</Unicode>
                </TextEquiv>
            </TextLine>
            <TextLine id="r2l53" custom="readingOrder {index:52;}">
                <Coords points="2130,2598 2141,2598 2151,2592 2168,2602 2174,2597 2183,2597 2191,2603 2202,2603 2201,2548 2177,2547 2154,2524 2139,2516 2128,2516"/>
                <Baseline points="2141,2595 2166,2594 2192,2594"/>
                <TextEquiv>
                    <Unicode>8</Unicode>
                </TextEquiv>
            </TextLine>
            <TextLine id="r2l54" custom="readingOrder {index:53;}">
                <Coords points="1689,2623 1706,2621 1723,2637 1753,2631 1793,2648 1817,2632 1830,2634 1845,2534 1816,2528 1800,2538 1792,2532 1747,2532 1738,2537 1722,2519 1705,2515"/>
                <Baseline points="1700,2611 1730,2619 1760,2624 1790,2627 1820,2631"/>
                <TextEquiv>
                    <Unicode>8</Unicode>
                </TextEquiv>
            </TextLine>
            <TextLine id="r2l55" custom="readingOrder {index:54;}">
                <Coords points="2242,2666 2273,2655 2317,2658 2338,2647 2379,2668 2418,2657 2429,2667 2454,2664 2451,2550 2419,2553 2378,2521 2357,2517 2338,2520 2293,2549 2238,2557"/>
                <Baseline points="2250,2628 2277,2636 2305,2641 2332,2642 2360,2639 2387,2636 2415,2631 2443,2626"/>
                <TextEquiv>
                    <Unicode>42</Unicode>
                </TextEquiv>
            </TextLine>
            <TextLine id="r2l56" custom="readingOrder {index:55;}">
                <Coords points="2079,2693 2098,2690 2114,2705 2125,2707 2172,2685 2212,2684 2226,2695 2231,2691 2245,2696 2247,2643 2219,2649 2205,2642 2190,2652 2155,2619 2117,2623 2081,2618"/>
                <Baseline points="2090,2677 2119,2677 2148,2677 2177,2678 2206,2679 2236,2681"/>
                <TextEquiv>
                    <Unicode>6—</Unicode>
                </TextEquiv>
            </TextLine>
            <TextLine id="r2l57" custom="readingOrder {index:56;}">
                <Coords points="2692,2691 2758,2697 2779,2675 2831,2669 2864,2696 2878,2694 2867,2587 2845,2598 2833,2591 2781,2601 2759,2627 2745,2617 2735,2621 2691,2585 2680,2586"/>
                <Baseline points="2702,2694 2729,2694 2757,2690 2785,2684 2812,2681 2840,2679 2868,2682"/>
                <TextEquiv>
                    <Unicode>N/N</Unicode>
                </TextEquiv>
            </TextLine>
            <TextLine id="r2l58" custom="readingOrder {index:57;}">
                <Coords points="2434,2727 2444,2725 2449,2727 2453,2724 2455,2726 2459,2721 2472,2724 2477,2728 2487,2726 2479,2662 2466,2663 2464,2666 2460,2664 2456,2669 2450,2667 2448,2670 2446,2668 2427,2670"/>
                <Baseline points="2442,2706 2474,2702"/>
                <TextEquiv>
                    <Unicode>1</Unicode>
                </TextEquiv>
            </TextLine>
            <TextLine id="r2l59" custom="readingOrder {index:58;}">
                <Coords points="2233,2739 2256,2744 2299,2715 2380,2747 2393,2741 2437,2749 2440,2669 2421,2666 2388,2689 2361,2688 2349,2679 2266,2704 2234,2701"/>
                <Baseline points="2245,2715 2271,2716 2297,2718 2323,2720 2349,2721 2375,2722 2401,2721 2427,2717"/>
                <TextEquiv>
                    <Unicode>B</Unicode>
                </TextEquiv>
            </TextLine>
            <TextLine id="r2l60" custom="readingOrder {index:59;}">
                <Coords points="1907,2844 2008,2849 2040,2825 2090,2860 2129,2849 2162,2872 2311,2884 2353,2857 2414,2857 2419,2811 2276,2700 2195,2729 2155,2706 2053,2784 2024,2764 1964,2806 1913,2794"/>
                <Baseline points="1920,2818 1945,2821 1970,2824 1995,2827 2021,2829 2046,2832 2071,2835 2097,2837 2122,2840 2147,2842 2173,2845 2198,2847 2223,2850 2249,2853 2274,2856 2299,2859 2325,2862 2350,2865 2375,2869 2401,2873"/>
                <TextEquiv>
                    <Unicode>—.002</Unicode>
                </TextEquiv>
            </TextLine>
            <TextLine id="r2l61" custom="readingOrder {index:60;}">
                <Coords points="2447,2931 2462,2931 2466,2935 2472,2932 2485,2934 2507,2912 2518,2912 2515,2853 2501,2853 2495,2860 2484,2860 2482,2863 2469,2857 2461,2857 2455,2862 2444,2862"/>
                <Baseline points="2457,2911 2482,2914 2507,2909"/>
                <TextEquiv>
                    <Unicode></Unicode>
                </TextEquiv>
            </TextLine>
            <TextLine id="r2l62" custom="readingOrder {index:61;}">
                <Coords points="2868,3018 2938,3002 2980,2968 3037,2978 3078,2936 3107,2942 3126,2914 3165,2910 3193,2881 3186,2859 3049,2879 3004,2898 2968,2957 2944,2960 2896,2940 2882,2965 2854,2974"/>
                <Baseline points="2872,2998 2898,2992 2924,2985 2951,2977 2977,2970 3003,2960 3030,2952 3056,2943 3082,2933 3109,2924 3135,2915 3161,2906 3188,2898"/>
                <TextEquiv>
                    <Unicode> 0977</Unicode>
                </TextEquiv>
            </TextLine>
            <TextLine id="r2l63" custom="readingOrder {index:62;}">
                <Coords points="1827,3046 1980,3079 2952,3092 2974,3029 1827,3010"/>
                <Baseline points="1838,3053 1894,3054 1950,3054 2006,3055 2063,3055 2119,3056 2175,3056 2231,3057 2288,3057 2344,3058 2400,3059 2456,3059 2513,3060 2569,3061 2625,3061 2681,3062 2738,3063 2794,3064 2850,3064 2906,3065 2963,3066"/>
                <TextEquiv>
                    <Unicode>Les Pitoöff dans &amp; La Ronde y, au Théätre de I’Avenue.</Unicode>
                </TextEquiv>
            </TextLine>
            <TextLine id="r2l64" custom="readingOrder {index:63;}">
                <Coords points="1562,3167 3234,3181 3266,3125 1563,3110"/>
                <Baseline points="1572,3149 1656,3151 1740,3153 1824,3155 1908,3156 1992,3157 2076,3158 2161,3159 2245,3160 2329,3161 2413,3161 2497,3162 2581,3163 2665,3163 2750,3164 2834,3165 2918,3166 3002,3167 3086,3168 3170,3170 3255,3172"/>
                <TextEquiv>
                    <Unicode>neureusement le cas — il le fait du moins, ble successivement à Margot Lion, Maud</Unicode>
                </TextEquiv>
            </TextLine>
            <TextLine id="r2l65" custom="readingOrder {index:64;}">
                <Coords points="1557,3199 1595,3207 1618,3193 1658,3192 1677,3202 1690,3194 1783,3195 1804,3206 1863,3196 1863,3165 1834,3158 1720,3165 1693,3156 1684,3165 1558,3156"/>
                <Baseline points="1568,3188 1593,3189 1619,3190 1645,3190 1671,3191 1697,3191 1722,3191 1748,3192 1774,3192 1800,3192 1826,3192 1852,3193"/>
                <TextEquiv>
                    <Unicode>avec sincérité.</Unicode>
                </TextEquiv>
            </TextLine>
            <TextLine id="r2l66" custom="readingOrder {index:65;}">
                <Coords points="2377,3198 3261,3211 3261,3179 3122,3163 2377,3171"/>
                <Baseline points="2387,3200 2430,3201 2473,3201 2516,3202 2559,3202 2603,3203 2646,3203 2689,3204 2732,3204 2775,3204 2819,3205 2862,3205 2905,3205 2948,3205 2991,3205 3035,3206 3078,3206 3121,3206 3164,3206 3207,3207 3251,3207"/>
                <TextEquiv>
                    <Unicode>Lotv, Mistinguett, Cécile Sorel, et elle res¬</Unicode>
                </TextEquiv>
            </TextLine>
            <TextLine id="r2l67" custom="readingOrder {index:66;}">
                <Coords points="1586,3230 2381,3245 2395,3186 1586,3204"/>
                <Baseline points="1596,3226 1635,3227 1674,3228 1714,3229 1753,3230 1792,3231 1832,3232 1871,3232 1910,3232 1950,3233 1989,3233 2028,3233 2068,3234 2107,3234 2146,3234 2186,3234 2225,3234 2264,3235 2304,3235 2343,3236 2383,3236"/>
                <TextEquiv>
                    <Unicode>La Ronde n’a été jouée qu'une seule fois</Unicode>
                </TextEquiv>
            </TextLine>
            <TextLine id="r2l68" custom="readingOrder {index:67;}">
                <Coords points="2408,3241 2759,3262 2810,3237 2883,3268 3178,3242 3262,3276 3276,3203 2408,3203"/>
                <Baseline points="2419,3240 2461,3240 2503,3240 2545,3240 2588,3240 2630,3241 2672,3241 2715,3242 2757,3242 2799,3243 2842,3243 2884,3244 2926,3245 2968,3245 3011,3246 3053,3247 3095,3247 3138,3248 3180,3248 3222,3249 3265,3249"/>
                <TextEquiv>
                    <Unicode>te Ludmilla Pitoëff! II faudrait que La</Unicode>
                </TextEquiv>
            </TextLine>
            <TextLine id="r2l69" custom="readingOrder {index:68;}">
                <Coords points="1552,3261 1809,3290 1885,3270 2394,3285 2395,3245 2359,3236 1553,3233"/>
                <Baseline points="1562,3264 1603,3265 1644,3266 1685,3268 1726,3269 1767,3269 1808,3270 1849,3271 1890,3272 1931,3272 1972,3273 2013,3274 2054,3274 2095,3274 2136,3275 2177,3275 2218,3275 2259,3276 2300,3276 2341,3276 2383,3277"/>
                <TextEquiv>
                    <Unicode>en France par un groupe d’avant-garde,</Unicode>
                </TextEquiv>
            </TextLine>
            <TextLine id="r2l70" custom="readingOrder {index:69;}">
                <Coords points="2408,3282 3265,3297 3265,3261 3179,3243 2409,3240"/>
                <Baseline points="2418,3272 2459,3275 2501,3276 2543,3278 2585,3279 2627,3281 2669,3281 2710,3282 2752,3283 2794,3283 2836,3284 2878,3284 2920,3284 2962,3284 3003,3285 3045,3285 3087,3285 3129,3286 3171,3287 3213,3287 3255,3289"/>
                <TextEquiv>
                    <Unicode>Ronde comporte cing stations de plus,</Unicode>
                </TextEquiv>
            </TextLine>
            <TextLine id="r2l71" custom="readingOrder {index:70;}">
                <Coords points="1546,3308 2397,3317 2397,3286 2340,3277 1886,3269 1810,3291 1547,3264"/>
                <Baseline points="1556,3303 1597,3305 1639,3305 1680,3307 1722,3307 1763,3308 1805,3309 1846,3309 1888,3310 1929,3310 1971,3311 2013,3311 2054,3312 2096,3312 2137,3312 2179,3313 2220,3313 2262,3314 2303,3314 2345,3315 2387,3316"/>
                <TextEquiv>
                    <Unicode>La Licorne. Antoine trouvait cette ceuvre</Unicode>
                </TextEquiv>
            </TextLine>
            <TextLine id="r2l72" custom="readingOrder {index:71;}">
                <Coords points="2401,3321 3283,3347 3284,3288 2402,3281"/>
                <Baseline points="2412,3312 2455,3313 2498,3315 2541,3316 2584,3317 2627,3318 2670,3319 2713,3320 2756,3320 2799,3321 2842,3321 2885,3322 2928,3322 2971,3322 3014,3323 3057,3323 3100,3323 3143,3324 3186,3324 3229,3325 3272,3325"/>
                <TextEquiv>
                    <Unicode>pour voir... Mais nous manquerions notre</Unicode>
                </TextEquiv>
            </TextLine>
            <TextLine id="r2l73" custom="readingOrder {index:72;}">
                <Coords points="1539,3348 2114,3348 2221,3380 2407,3361 2382,3317 2268,3307 1540,3310"/>
                <Baseline points="1550,3342 1592,3343 1634,3344 1677,3344 1719,3345 1761,3346 1804,3347 1846,3347 1888,3348 1931,3349 1973,3349 2015,3350 2058,3350 2100,3351 2142,3351 2185,3351 2227,3352 2269,3351 2312,3351 2354,3351 2397,3350"/>
                <TextEquiv>
                    <Unicode>remarquable, mais presque impossible à</Unicode>
                </TextEquiv>
            </TextLine>
            <TextLine id="r2l74" custom="readingOrder {index:73;}">
                <Coords points="2409,3366 2451,3369 2474,3357 2508,3369 2565,3355 2640,3372 2666,3360 2676,3371 2710,3351 2748,3356 2749,3331 2702,3336 2681,3323 2662,3328 2646,3313 2599,3327 2511,3314 2492,3322 2439,3314 2410,3326"/>
                <Baseline points="2420,3348 2446,3349 2473,3350 2499,3350 2526,3352 2552,3353 2579,3354 2605,3354 2632,3355 2658,3356 2685,3356 2711,3355 2738,3354"/>
                <TextEquiv>
                    <Unicode>dernier métro.</Unicode>
                </TextEquiv>
            </TextLine>
            <TextLine id="r2l75" custom="readingOrder {index:74;}">
                <Coords points="1550,3389 2061,3401 2150,3385 2150,3368 2106,3355 1954,3342 1851,3358 1550,3351"/>
                <Baseline points="1560,3381 1589,3383 1618,3383 1647,3384 1676,3384 1705,3384 1734,3384 1763,3384 1792,3384 1821,3384 1850,3384 1879,3384 1908,3383 1937,3384 1966,3384 1995,3384 2024,3385 2053,3386 2082,3387 2111,3389 2140,3391"/>
                <TextEquiv>
                    <Unicode>interpréter convenablement.</Unicode>
                </TextEquiv>
            </TextLine>
            <TextLine id="r2l76" custom="readingOrder {index:75;}">
                <Coords points="2429,3401 3158,3404 3258,3430 3260,3354 3047,3349 3000,3378 2908,3346 2848,3381 2729,3351 2598,3373 2474,3356 2430,3376"/>
                <Baseline points="2440,3395 2480,3396 2520,3397 2561,3399 2601,3400 2641,3401 2682,3402 2722,3403 2762,3404 2803,3405 2843,3406 2883,3407 2924,3408 2964,3408 3004,3409 3045,3410 3085,3410 3125,3411 3166,3411 3206,3411 3247,3412"/>
                <TextEquiv>
                    <Unicode>La Ronde n’est pas, comme Maya, Dé¬</Unicode>
                </TextEquiv>
            </TextLine>
            <TextLine id="r2l77" custom="readingOrder {index:76;}">
                <Coords points="1579,3422 2394,3440 2394,3396 2342,3372 2098,3401 1580,3397"/>
                <Baseline points="1591,3422 1630,3422 1670,3422 1709,3422 1749,3423 1789,3423 1828,3423 1868,3424 1907,3424 1947,3425 1987,3426 2026,3426 2066,3427 2105,3427 2145,3428 2185,3428 2224,3429 2264,3429 2303,3429 2343,3429 2383,3430"/>
                <TextEquiv>
                    <Unicode>Malgré l’avis de ceux qui savent tout,</Unicode>
                </TextEquiv>
            </TextLine>
            <TextLine id="r2l78" custom="readingOrder {index:77;}">
                <Coords points="2409,3447 2727,3432 3065,3463 3223,3459 3258,3428 3157,3405 2410,3405"/>
                <Baseline points="2420,3436 2461,3437 2502,3438 2544,3439 2585,3440 2626,3441 2668,3442 2709,3442 2750,3443 2792,3444 2833,3445 2874,3445 2916,3446 2957,3447 2998,3447 3040,3448 3081,3448 3122,3449 3164,3449 3205,3450 3247,3450"/>
                <TextEquiv>
                    <Unicode>parts. Chambre d’Hôtel, du théätre d’éva¬</Unicode>
                </TextEquiv>
            </TextLine>
            <TextLine id="r2l79" custom="readingOrder {index:78;}">
                <Coords points="1540,3477 2391,3473 2391,3433 2299,3424 2086,3445 1541,3422"/>
                <Baseline points="1551,3459 1592,3459 1634,3460 1675,3460 1717,3461 1758,3461 1800,3462 1841,3462 1883,3463 1924,3463 1966,3464 2007,3464 2049,3465 2090,3465 2132,3465 2173,3466 2215,3466 2256,3466 2298,3467 2339,3467 2381,3467"/>
                <TextEquiv>
                    <Unicode>il semble hien qu’il en soit ainsi. La Ronde</Unicode>
                </TextEquiv>
            </TextLine>
            <TextLine id="r2l80" custom="readingOrder {index:79;}">
                <Coords points="2412,3484 3256,3492 3256,3452 2412,3444"/>
                <Baseline points="2422,3473 2463,3475 2504,3477 2545,3478 2586,3480 2628,3481 2669,3482 2710,3483 2751,3484 2792,3485 2834,3485 2875,3486 2916,3486 2957,3487 2998,3487 3040,3488 3081,3488 3122,3489 3163,3490 3204,3490 3246,3491"/>
                <TextEquiv>
                    <Unicode>sion; Pitoëff l’a certainement compris;</Unicode>
                </TextEquiv>
            </TextLine>
            <TextLine id="r2l81" custom="readingOrder {index:80;}">
                <Coords points="1545,3510 2393,3517 2394,3475 1545,3463"/>
                <Baseline points="1555,3500 1596,3500 1637,3500 1679,3500 1720,3501 1761,3501 1803,3501 1844,3501 1885,3501 1927,3502 1968,3502 2009,3503 2051,3503 2092,3503 2133,3504 2175,3504 2216,3505 2257,3505 2299,3506 2340,3506 2382,3507"/>
                <TextEquiv>
                    <Unicode>est une piéce à la fois trop vieille et trop</Unicode>
                </TextEquiv>
            </TextLine>
            <TextLine id="r2l82" custom="readingOrder {index:81;}">
                <Coords points="2408,3524 2435,3518 2460,3530 2527,3532 2564,3510 2576,3521 2643,3521 2671,3532 2701,3516 2728,3523 2728,3502 2707,3502 2689,3484 2665,3494 2649,3481 2638,3489 2571,3487 2529,3471 2501,3487 2478,3477 2409,3482"/>
                <Baseline points="2418,3509 2445,3512 2472,3513 2499,3515 2526,3516 2553,3516 2581,3518 2608,3518 2635,3519 2662,3519 2689,3519 2717,3520"/>
                <TextEquiv>
                    <Unicode>malgré tout,</Unicode>
                </TextEquiv>
            </TextLine>
            <TextLine id="r2l83" custom="readingOrder {index:82;}">
                <Coords points="2798,3525 2947,3533 2996,3521 3023,3534 3065,3520 3094,3535 3265,3540 3265,3500 3213,3490 2874,3488 2857,3502 2798,3485"/>
                <Baseline points="2809,3518 2835,3520 2861,3521 2887,3522 2913,3523 2940,3523 2966,3524 2992,3524 3018,3524 3045,3524 3071,3524 3097,3524 3123,3524 3150,3525 3176,3525 3202,3526 3228,3526 3255,3528"/>
                <TextEquiv>
                    <Unicode>a essayé ce mélange</Unicode>
                </TextEquiv>
            </TextLine>
            <TextLine id="r2l84" custom="readingOrder {index:83;}">
                <Coords points="1552,3553 2392,3551 2367,3507 1958,3524 1552,3503"/>
                <Baseline points="1562,3539 1605,3539 1648,3539 1691,3539 1734,3539 1777,3540 1820,3540 1863,3541 1906,3541 1949,3542 1993,3542 2036,3543 2079,3543 2122,3544 2165,3545 2208,3545 2251,3545 2294,3546 2337,3546 2381,3546"/>
                <TextEquiv>
                    <Unicode>jeune. Trop hardie pour l’époque ou elle</Unicode>
                </TextEquiv>
            </TextLine>
            <TextLine id="r2l85" custom="readingOrder {index:84;}">
                <Coords points="2415,3561 2821,3589 2988,3561 3265,3578 3266,3525 2416,3517"/>
                <Baseline points="2426,3553 2467,3555 2508,3556 2550,3557 2591,3558 2633,3559 2674,3560 2716,3561 2757,3562 2799,3563 2840,3563 2881,3564 2923,3564 2964,3565 3006,3565 3047,3566 3089,3566 3130,3567 3172,3567 3213,3568 3255,3569"/>
                <TextEquiv>
                    <Unicode>épouvantable de naturalisme et d’accor¬</Unicode>
                </TextEquiv>
            </TextLine>
            <TextLine id="r2l86" custom="readingOrder {index:85;}">
                <Coords points="1546,3582 2396,3594 2397,3552 1546,3556"/>
                <Baseline points="1557,3576 1598,3576 1639,3577 1681,3577 1722,3578 1764,3579 1805,3579 1847,3580 1888,3580 1930,3581 1971,3581 2012,3581 2054,3582 2095,3582 2137,3582 2178,3582 2220,3582 2261,3582 2303,3582 2344,3581 2386,3581"/>
                <TextEquiv>
                    <Unicode>fut écrite: 1887, elle pourrait être au¬</Unicode>
                </TextEquiv>
            </TextLine>
            <TextLine id="r2l87" custom="readingOrder {index:86;}">
                <Coords points="2404,3600 2422,3606 2429,3602 2451,3611 2473,3600 2483,3605 2492,3601 2502,3607 2520,3600 2544,3610 2548,3568 2533,3567 2529,3562 2503,3569 2478,3567 2458,3558 2444,3568 2437,3559 2419,3566 2407,3563"/>
                <Baseline points="2416,3587 2445,3589 2475,3590 2505,3593 2535,3598"/>
                <TextEquiv>
                    <Unicode>déon.</Unicode>
                </TextEquiv>
            </TextLine>
            <TextLine id="r2l88" custom="readingOrder {index:87;}">
                <Coords points="1550,3626 2404,3620 2375,3586 1550,3586"/>
                <Baseline points="1560,3617 1601,3618 1643,3618 1685,3618 1726,3619 1768,3619 1810,3619 1851,3619 1893,3619 1935,3619 1977,3620 2018,3620 2060,3620 2102,3620 2143,3620 2185,3620 2227,3620 2268,3620 2310,3619 2352,3619 2394,3619"/>
                <TextEquiv>
                    <Unicode>jourd'hui un témoignage infiniment pré¬</Unicode>
                </TextEquiv>
            </TextLine>
            <TextLine id="r2l89" custom="readingOrder {index:88;}">
                <Coords points="2439,3646 3240,3662 3254,3618 3113,3597 3047,3621 2877,3616 2812,3591 2753,3614 2439,3608"/>
                <Baseline points="2449,3637 2488,3640 2528,3643 2568,3644 2607,3646 2647,3648 2687,3649 2726,3650 2766,3650 2806,3651 2846,3651 2885,3652 2925,3652 2965,3652 3004,3652 3044,3653 3084,3653 3123,3653 3163,3654 3203,3654 3243,3655"/>
                <TextEquiv>
                    <Unicode>Prisonnier d’un dialogue sec, monotone</Unicode>
                </TextEquiv>
            </TextLine>
            <TextLine id="r2l90" custom="readingOrder {index:89;}">
                <Coords points="1548,3669 2333,3676 2400,3670 2400,3617 2293,3642 1838,3609 1548,3627"/>
                <Baseline points="1558,3654 1599,3655 1641,3656 1682,3656 1724,3657 1766,3657 1807,3658 1849,3658 1890,3659 1932,3659 1974,3659 2015,3659 2057,3659 2098,3659 2140,3659 2182,3659 2223,3659 2265,3659 2306,3658 2348,3658 2390,3657"/>
                <TextEquiv>
                    <Unicode>cieux, un peu trouble, sur la fin d’un</Unicode>
                </TextEquiv>
            </TextLine>
            <TextLine id="r2l91" custom="readingOrder {index:90;}">
                <Coords points="2412,3688 3258,3707 3255,3656 2413,3644"/>
                <Baseline points="2422,3676 2463,3679 2504,3681 2545,3683 2587,3684 2628,3686 2669,3688 2710,3688 2752,3689 2793,3690 2834,3690 2875,3691 2917,3691 2958,3691 2999,3691 3040,3692 3082,3692 3123,3692 3164,3693 3205,3693 3247,3694"/>
                <TextEquiv>
                    <Unicode>et dont l’ironie ne supporte aucun artifice</Unicode>
                </TextEquiv>
            </TextLine>
            <TextLine id="r2l92" custom="readingOrder {index:91;}">
                <Coords points="1548,3708 2199,3694 2287,3714 2394,3704 2395,3668 1548,3653"/>
                <Baseline points="1559,3688 1600,3691 1641,3693 1682,3694 1723,3695 1765,3696 1806,3697 1847,3697 1888,3697 1929,3697 1971,3697 2012,3697 2053,3697 2094,3697 2135,3697 2177,3696 2218,3696 2259,3696 2300,3696 2341,3696 2383,3697"/>
                <TextEquiv>
                    <Unicode>théätre purement romantique. Quand on</Unicode>
                </TextEquiv>
            </TextLine>
            <TextLine id="r2l93" custom="readingOrder {index:92;}">
                <Coords points="2409,3724 3268,3738 3268,3702 3199,3695 2410,3684"/>
                <Baseline points="2420,3719 2461,3721 2503,3722 2545,3723 2587,3724 2629,3725 2671,3726 2713,3727 2755,3728 2797,3728 2839,3728 2880,3729 2922,3729 2964,3730 3006,3730 3048,3730 3090,3731 3132,3731 3174,3731 3216,3732 3258,3733"/>
                <TextEquiv>
                    <Unicode>scénique, Pitoéff a travaillé pour ne rien</Unicode>
                </TextEquiv>
            </TextLine>
            <TextLine id="r2l94" custom="readingOrder {index:93;}">
                <Coords points="1543,3723 2359,3752 2399,3748 2400,3704 1543,3700"/>
                <Baseline points="1554,3727 1595,3728 1637,3730 1679,3731 1721,3732 1762,3733 1804,3734 1846,3734 1888,3735 1929,3735 1971,3736 2013,3736 2055,3736 2096,3736 2138,3736 2180,3736 2222,3736 2263,3736 2305,3736 2347,3736 2389,3736"/>
                <TextEquiv>
                    <Unicode>réfléchit, il semble que la Ronde marque</Unicode>
                </TextEquiv>
            </TextLine>
            <TextLine id="r2l95" custom="readingOrder {index:94;}">
                <Coords points="2412,3772 3271,3769 3271,3737 3198,3732 2413,3724"/>
                <Baseline points="2422,3757 2463,3759 2505,3760 2547,3761 2589,3763 2631,3764 2673,3765 2715,3765 2757,3766 2799,3767 2841,3767 2882,3768 2924,3768 2966,3768 3008,3768 3050,3769 3092,3769 3134,3769 3176,3769 3218,3769 3260,3769"/>
                <TextEquiv>
                    <Unicode>Létruire, II n’a pas réussi. Les paroles des</Unicode>
                </TextEquiv>
            </TextLine>
            <TextLine id="r2l96" custom="readingOrder {index:95;}">
                <Coords points="1547,3771 2172,3776 2313,3802 2399,3780 2378,3741 1547,3733"/>
                <Baseline points="1557,3767 1598,3767 1640,3768 1681,3769 1723,3770 1764,3770 1806,3772 1847,3773 1889,3774 1930,3774 1972,3775 2014,3776 2055,3776 2097,3776 2138,3776 2180,3776 2221,3775 2263,3774 2304,3773 2346,3771 2388,3768"/>
                <TextEquiv>
                    <Unicode>la fin du fantastique poétique et l’avéne¬</Unicode>
                </TextEquiv>
            </TextLine>
            <TextLine id="r2l97" custom="readingOrder {index:96;}">
                <Coords points="2401,3792 3271,3802 3271,3769 3170,3765 2402,3769"/>
                <Baseline points="2412,3793 2454,3795 2496,3798 2539,3799 2581,3800 2624,3801 2666,3802 2709,3803 2751,3803 2794,3803 2836,3804 2878,3804 2921,3804 2963,3804 3006,3804 3048,3805 3091,3805 3133,3805 3176,3806 3218,3807 3261,3808"/>
                <TextEquiv>
                    <Unicode>acteurs s’arrétaient devant les décors d’un</Unicode>
                </TextEquiv>
            </TextLine>
            <TextLine id="r2l98" custom="readingOrder {index:97;}">
                <Coords points="1543,3813 2080,3822 2129,3801 2129,3786 2079,3777 1544,3773"/>
                <Baseline points="1554,3806 1582,3806 1610,3806 1638,3806 1666,3806 1695,3807 1723,3807 1751,3808 1779,3808 1807,3809 1836,3809 1864,3809 1892,3810 1920,3810 1948,3810 1977,3811 2005,3811 2033,3811 2061,3811 2089,3811 2118,3811"/>
                <TextEquiv>
                    <Unicode>ment du fantastique sccial.</Unicode>
                </TextEquiv>
            </TextLine>
            <TextLine id="r2l99" custom="readingOrder {index:98;}">
                <Coords points="2400,3828 2663,3862 2729,3839 3269,3859 3270,3826 2401,3793"/>
                <Baseline points="2410,3830 2452,3832 2494,3833 2537,3835 2579,3835 2622,3837 2664,3838 2707,3839 2749,3839 2792,3840 2834,3841 2876,3842 2919,3842 2961,3842 3004,3842 3046,3843 3089,3843 3131,3843 3174,3842 3216,3842 3259,3842"/>
                <TextEquiv>
                    <Unicode>Gaston Baty en toc. Elles ne pouvaient al¬</Unicode>
                </TextEquiv>
            </TextLine>
            <TextLine id="r2l100" custom="readingOrder {index:99;}">
                <Coords points="1566,3845 2385,3858 2385,3818 2320,3797 2212,3824 2122,3804 1993,3826 1566,3818"/>
                <Baseline points="1577,3844 1616,3845 1656,3846 1696,3846 1736,3847 1776,3847 1816,3848 1856,3848 1896,3849 1936,3849 1976,3849 2015,3850 2055,3850 2095,3850 2135,3850 2175,3850 2215,3850 2255,3850 2295,3849 2335,3849 2375,3849"/>
                <TextEquiv>
                    <Unicode>[es persennages de la piéce de Schnitz¬</Unicode>
                </TextEquiv>
            </TextLine>
            <TextLine id="r2l101" custom="readingOrder {index:100;}">
                <Coords points="2410,3887 3267,3896 3267,3858 3190,3846 2661,3861 2411,3834"/>
                <Baseline points="2421,3870 2462,3871 2504,3872 2546,3874 2588,3875 2629,3876 2671,3876 2713,3877 2755,3878 2796,3878 2838,3879 2880,3879 2922,3879 2963,3880 3005,3881 3047,3881 3089,3882 3130,3883 3172,3883 3214,3884 3256,3885"/>
                <TextEquiv>
                    <Unicode>ler plus loin, et ni Les Gars de la Marine</Unicode>
                </TextEquiv>
            </TextLine>
            <TextLine id="r2l102" custom="readingOrder {index:101;}">
                <Coords points="1542,3900 2399,3896 2399,3858 2347,3853 1543,3847"/>
                <Baseline points="1553,3883 1594,3884 1636,3886 1678,3887 1720,3888 1761,3889 1803,3890 1845,3891 1887,3891 1928,3891 1970,3891 2012,3891 2054,3891 2095,3891 2137,3891 2179,3891 2221,3890 2262,3890 2304,3889 2346,3889 2388,3888"/>
                <TextEquiv>
                    <Unicode>jer sont bons conducteurs de toutes les</Unicode>
                </TextEquiv>
            </TextLine>
            <TextLine id="r2l103" custom="readingOrder {index:102;}">
                <Coords points="2413,3921 3270,3931 3270,3895 3237,3886 2414,3885"/>
                <Baseline points="2424,3909 2465,3911 2507,3913 2549,3914 2591,3915 2633,3916 2674,3917 2716,3917 2758,3918 2800,3918 2842,3918 2883,3919 2925,3919 2967,3919 3009,3919 3051,3919 3092,3920 3134,3920 3176,3920 3218,3921 3260,3921"/>
                <TextEquiv>
                    <Unicode>ni la Bigume, ni la musique de Kurt Weill</Unicode>
                </TextEquiv>
            </TextLine>
            <TextLine id="r2l104" custom="readingOrder {index:103;}">
                <Coords points="1538,3949 1853,3934 2197,3957 2392,3933 2392,3902 2325,3891 1538,3899"/>
                <Baseline points="1549,3929 1590,3929 1632,3928 1673,3928 1715,3928 1757,3928 1798,3928 1840,3928 1881,3929 1923,3929 1965,3929 2006,3929 2048,3929 2089,3929 2131,3929 2173,3929 2214,3929 2256,3928 2297,3927 2339,3926 2381,3925"/>
                <TextEquiv>
                    <Unicode>puissançes—-indönnues qui naissent dans</Unicode>
                </TextEquiv>
            </TextLine>
            <TextLine id="r2l105" custom="readingOrder {index:104;}">
                <Coords points="2404,3966 2720,3959 2794,3975 2967,3953 2967,3930 2881,3920 2405,3922"/>
                <Baseline points="2416,3947 2443,3947 2470,3949 2497,3949 2524,3950 2551,3951 2578,3952 2605,3953 2632,3953 2659,3954 2686,3954 2713,3955 2740,3955 2767,3956 2794,3956 2821,3956 2848,3956 2875,3956 2902,3956 2929,3956 2956,3955"/>
                <TextEquiv>
                    <Unicode>n’allaient plus loin qu’elles.</Unicode>
                </TextEquiv>
            </TextLine>
            <TextLine id="r2l106" custom="readingOrder {index:105;}">
                <Coords points="2428,4009 3256,4017 3242,3962 2429,3958"/>
                <Baseline points="2439,3992 2479,3994 2519,3996 2559,3998 2600,4000 2640,4001 2680,4001 2721,4003 2761,4003 2801,4004 2842,4005 2882,4005 2922,4005 2962,4005 3003,4006 3043,4006 3083,4006 3124,4006 3164,4006 3204,4006 3245,4006"/>
                <TextEquiv>
                    <Unicode>Ce pot-pourri devient d’ailleurs rapide¬</Unicode>
                </TextEquiv>
            </TextLine>
            <TextLine id="r2l107" custom="readingOrder {index:106;}">
                <Coords points="2393,4038 3254,4055 3236,4013 2394,4000"/>
                <Baseline points="2404,4033 2446,4036 2488,4037 2530,4039 2572,4041 2614,4041 2656,4042 2698,4043 2740,4044 2782,4044 2824,4044 2866,4044 2908,4045 2950,4045 2992,4045 3034,4045 3076,4045 3118,4046 3160,4046 3202,4047 3244,4047"/>
                <TextEquiv>
                    <Unicode>ment exasperant et plonge le spectateur</Unicode>
                </TextEquiv>
            </TextLine>
            <TextLine id="r2l108" custom="readingOrder {index:107;}">
                <Coords points="2391,4089 3079,4100 3254,4092 3255,4061 2392,4051"/>
                <Baseline points="2401,4072 2443,4073 2485,4074 2527,4075 2569,4076 2611,4077 2653,4078 2696,4079 2738,4079 2780,4080 2822,4081 2864,4082 2906,4082 2948,4083 2991,4083 3033,4084 3075,4084 3117,4085 3159,4085 3201,4085 3244,4085"/>
                <TextEquiv>
                    <Unicode>dans l’ahurissement le plus complet ou</Unicode>
                </TextEquiv>
            </TextLine>
            <TextLine id="r2l109" custom="readingOrder {index:108;}">
                <Coords points="2396,4123 3244,4131 3244,4093 3175,4081 3078,4101 2396,4089"/>
                <Baseline points="2406,4110 2447,4111 2488,4113 2530,4114 2571,4115 2612,4116 2654,4117 2695,4118 2736,4119 2778,4119 2819,4120 2860,4121 2902,4121 2943,4122 2984,4122 3026,4122 3067,4122 3108,4122 3150,4122 3191,4122 3233,4122"/>
                <TextEquiv>
                    <Unicode>dans une fureur froide selon l’influence</Unicode>
                </TextEquiv>
            </TextLine>
            <TextLine id="r2l110" custom="readingOrder {index:109;}">
                <Coords points="2397,4170 2473,4152 3256,4183 3257,4130 2398,4122"/>
                <Baseline points="2408,4152 2449,4153 2491,4155 2533,4155 2575,4156 2617,4157 2659,4157 2700,4157 2742,4158 2784,4158 2826,4158 2868,4158 2910,4158 2952,4158 2993,4158 3035,4158 3077,4158 3119,4159 3161,4160 3203,4160 3245,4161"/>
                <TextEquiv>
                    <Unicode>qufont sur lui les bignines martiniquaises.</Unicode>
                </TextEquiv>
            </TextLine>
            <TextLine id="r2l111" custom="readingOrder {index:110;}">
                <Coords points="2421,4185 2616,4218 3206,4205 3206,4180 3092,4162 2998,4180 2421,4158"/>
                <Baseline points="2432,4186 2470,4189 2508,4190 2546,4191 2584,4193 2623,4193 2661,4194 2699,4194 2737,4194 2775,4195 2814,4195 2852,4195 2890,4195 2928,4195 2966,4195 3005,4195 3043,4195 3081,4196 3119,4196 3157,4197 3196,4198"/>
                <TextEquiv>
                    <Unicode>Pendant ce temps, la ronde continue.</Unicode>
                </TextEquiv>
            </TextLine>
            <TextEquiv>
                <Unicode>Ausschnitt aus:
—

EK PP  
30; Ruo
antmar
——
Panre 2
  e-uenmmmmanunmnnnn m.mnumimeesseni..—
——

AU THEATRE DE LAVENUE
LH. RG
TE
les petites rues équivoques, et qui traver¬
Mise en sdene
sent, plus tard, les avenues des grandes
villes. On y trouve un soldat — métamor¬
et decors
phosé en marin pour qu’on puisse jouer
Les Gars de la Marine — une fille, un
homme de lettres, une femme de chambre.
de Georges G.lost!
un étudiant, une midinette, un comte, une
actrice..
C’est une pièce qui commence la nuit
C’est une des meilleures cuvres de jeu¬
sur un talus, au bord du Danube, et qui
sse d’Arthur Schnitzler — l’excellent
finit à l’aube, dans un grenier. C’est, du
amaturge viennois mort l’an dernier —
reste, un spectacle omnibus: dix tableaux,
ie la compagnie Pitoéff vient de repren¬
dix dialogues, dix couples. On fait dix fois
e à l’Avenue.
T’amour — presque apparemment — avec
Chaque création de M. Georges Pitoëff
Mme Pitoëff. Cette actrice est véritable¬
brite une attention particulière. Ce qu’il
ment prodigieuse; elle est toutes les fem¬
nte est toujours difficile, souvent coura¬
mes, elle chante faux avec une sérénité
ux; et s’il se trompe — ce qui est mal- absolue, elle danse la biguine, elle ressem¬
0

S
P
6
—

8
—
8
8
42
6—
N/N
1
B
—.002

 0977
Les Pitoöff dans &amp; La Ronde y, au Théätre de I’Avenue.
neureusement le cas — il le fait du moins, ble successivement à Margot Lion, Maud
avec sincérité.
Lotv, Mistinguett, Cécile Sorel, et elle res¬
La Ronde n’a été jouée qu'une seule fois
te Ludmilla Pitoëff! II faudrait que La
en France par un groupe d’avant-garde,
Ronde comporte cing stations de plus,
La Licorne. Antoine trouvait cette ceuvre
pour voir... Mais nous manquerions notre
remarquable, mais presque impossible à
dernier métro.
interpréter convenablement.
La Ronde n’est pas, comme Maya, Dé¬
Malgré l’avis de ceux qui savent tout,
parts. Chambre d’Hôtel, du théätre d’éva¬
il semble hien qu’il en soit ainsi. La Ronde
sion; Pitoëff l’a certainement compris;
est une piéce à la fois trop vieille et trop
malgré tout,
a essayé ce mélange
jeune. Trop hardie pour l’époque ou elle
épouvantable de naturalisme et d’accor¬
fut écrite: 1887, elle pourrait être au¬
déon.
jourd'hui un témoignage infiniment pré¬
Prisonnier d’un dialogue sec, monotone
cieux, un peu trouble, sur la fin d’un
et dont l’ironie ne supporte aucun artifice
théätre purement romantique. Quand on
scénique, Pitoéff a travaillé pour ne rien
réfléchit, il semble que la Ronde marque
Létruire, II n’a pas réussi. Les paroles des
la fin du fantastique poétique et l’avéne¬
acteurs s’arrétaient devant les décors d’un
ment du fantastique sccial.
Gaston Baty en toc. Elles ne pouvaient al¬
[es persennages de la piéce de Schnitz¬
ler plus loin, et ni Les Gars de la Marine
jer sont bons conducteurs de toutes les
ni la Bigume, ni la musique de Kurt Weill
puissançes—-indönnues qui naissent dans
n’allaient plus loin qu’elles.
Ce pot-pourri devient d’ailleurs rapide¬
ment exasperant et plonge le spectateur
dans l’ahurissement le plus complet ou
dans une fureur froide selon l’influence
qufont sur lui les bignines martiniquaises.
Pendant ce temps, la ronde continue.</Unicode>
            </TextEquiv>
        </TextRegion>
    </Page>
</PcGts>
