3484 4384
293 287 836 378 11. Reigen
1005 275 1441 353 box 1972
1831 356 2194 428 Ausschnitt aus:
1831 594 1968 652 vom:
1999 680 2346 751 N•e DE DEB1T—
2196 725 2601 838 GRATIS
2144 840 2616 911 volx Du COMBATTANT
2151 894 2613 965 13. Rue Lafayett¬
2106 1038 2652 1104 8 Celebht Vosr
1924 1094 2038 1159 re —
1990 1395 2507 1482 T
2060 1545 2144 1610 2
2472 1689 2716 1746 " La legon
1977 1691 2420 1770 Oniun prs Anrs.
2009 1736 2481 1781 (amour dans un pare.
2009 1773 2715 1828 Si ce n’est pe: la première cuvre de
1968 1798 2733 1852 Boylesve que l’on adapte au théätre,
1981 1835 2707 1897 c’est la plus illustre de beaucoup. Au¬
1982 1869 2720 1931 trefois, on cut discuté de l’opportunité,
1969 1905 2718 1968 voire du danger de semblables trans¬
1980 1941 2726 1998 positions. Maintenant que le einéma ac¬
1983 1972 2710 2033 capare tous les romans, tous les sujets,
2036 2022 2717 2071 done qu' & on n’y couperait pas „
1974 2028 2027 2067 6
1980 2040 2715 2105 d’une manière ou d’une autre, autant
1986 2075 2720 2133 vant que le théätre, art supérieur au
1991 2122 2549 2177 eind, arrive premier avant Jul.
2022 2148 2704 2210 #ertes les couleurs d’un pastel liber¬
1980 2188 2717 2249 tin du 18e siècle ces sortes d’aites fra¬
2145 2225 2726 2278 papillon, risquent de tomber
1976 2240 2089 2286 giles
1976 2256 2712 2316 ##n cherchant à franchir la rampe.
1977 2296 2544 2342 Mais que serait-ce à l’écran !
2020 2319 2710 2387 Quoique les quatre acles soient longs,
1987 2363 2705 2415 on ne s’ennuie pas un instant au mi¬
1984 2397 2724 2446 lien de cent intrigues croisées, entre
1977 2430 2726 2490 deux jeunes gens aux carantères op¬
1988 2463 2717 2528 posés, et les nombreuses femmes inté¬
1983 2507 2503 2559 ressées par un Eros précis.
2011 2512 2723 2590 La partition, qui n crée atmosphé¬
1988 2573 2713 2622 re 9 avant chaque acte ne sert de
1990 2599 2719 2658 rien, hélas, car les publics actuels ont
1990 2640 2727 2699 partout l’impolitesse de ne pas écou¬
1988 2677 2722 2738 ter, et de bavarder jusqv’à ce qu'on
1978 2719 2267 2780 leve le rideau.
2317 2758 2389 2828 750
2144 2807 2176 2842 —
1993 2795 2720 2873 VARIETEs. — Auril, par MM. G. Berr
2025 2854 2320 2901 et L. Verneuil.
2017 2859 2725 2928 On s’amusera plus des mots d’es¬
1991 2911 2715 2978 prit (au 3e acte, notamment, il y en
2035 2949 2720 3010 d’excellents), que la donnée, car
1998 2967 2027 3007 a
1987 2992 2435 3042 elle a beaucoup servi.
2017 3026 2706 3065 Parti au front, un homme riche
1981 3048 2728 3113 amant d’une femme mariée, a appris
1991 3087 2720 3148 en mai 1915 la naissance d’une fllle. II
1987 3125 2720 3174 la croit d’avril et il la croit de lui.
1979 3158 2716 3217 Par circonstances vandevillesques et
1983 3194 2721 3241 pour la faire bénéficier de sa fortune,
1988 3237 2720 3285 il l’épouse en 4932. Nous assistons
1990 3258 2728 3313 alors à ses angoisses, — destinées à
1985 3303 2724 3353 nous faire rire et non frissonner: en
1982 3341 2716 3384 effet au dénouement on nous explique
1993 3352 2734 3421 que la dame lui en a conté et qu'il
1989 3418 2729 3450 n’est point le père. Toute une exis¬
1995 3442 2731 3489 tence aura été bouleversée par ce
1993 3476 2481 3532 e bourrage de crüne „ !
2319 3518 2395 3580 72
1988 3559 2717 3621 THIEATRE DE L’AVENUE. — La ron¬
2022 3612 2419 3657 de de A. Schnitzler.
2008 3628 2717 3699 Piéce-autrichterre“ célehre, jamais
1991 3679 2714 3728 jouée à Paris, vieille de cinquante ans
1993 3711 2722 3756 mais tres jeune.,, parce qu’éternel¬
2089 3745 2724 3788 dix tableaux on les hommes ont
1988 3755 2085 3798 1e:
1982 3784 2722 3820 tous le désir passionné, brutal, suivi,
1982 3814 2727 3860 des que contenté, d’un retour à leurs
1986 3854 2728 3895 préoccupations, mélé d’égoisme et de
1996 3889 2729 3930 fatuité, cependant que les femmes, co¬
1985 3911 2721 3970 quettes arant, sont almantes aprés.
1996 3954 2726 4000 Cette ronde systématique, présentée
1992 3997 2718 4036 avee force trouvailles de mise en scé¬
1991 4031 2723 4073 ne par M. et Mmne Pitoöff, obtient un
1997 4066 2283 4123 succes mérité.
2337 4092 2731 4160 André SERPUA
