3436 4384
250 281 837 391 11. Reigen
958 279 1400 368 box 19//2
1533 401 2366 516 „OBSERVER“
1627 502 2304 562 I. österr. behördl. konzessioniertes
1578 547 2341 623 Unternehmen für Zeitungs-Ausschnitte
1652 600 2266 683 WIEN, I., WOLLZEILE 11
1725 665 2204 721 TELEPHON R-23-0-43
1538 793 1916 876 Ausschnitt aus:
1526 1024 1697 1108 vom:
1694 1052 2249 1174 N D DT
1828 1164 2474 1295 Nrux PARISER ZETTuNG
1493 1191 1755 1275 Ertratt de
1972 1253 2298 1356 NEUIENN
1494 1287 1681 1367 AAdresse
1497 1382 1643 1467 Date
1821 1358 2365 1493 8 OCTOBRE 1932
1489 1458 2455 1580 Stonature—
1495 1599 2106 1686 S s. A. 32.
1680 1665 3107 1870 ariser Premieren
1512 1842 1579 1943 0
1747 1911 2086 2003 & REIGEN „
2307 1912 3181 2027 (Pitoeff und Jean Riveyre ergeben kön¬
1663 1980 2176 2057 von Arthur Sehnitzle
2309 1997 3184 2088 nen, das #wvar gegen den Sinn des
1596 2037 2219 2108 Im & Théätre de-TAvende 2
2324 2048 3177 2108 Schnitslerschen Werkes verstossen hät¬
2310 2094 3183 2184 le, das die Ausgrabung der Ssenenfolge
1504 2123 2316 2226 Der Pariser Premierentinter beginnt
2326 2151 3195 2222 ebenfalls nicht gerechtfertigt hätte, das
1455 2204 2317 2271 langsam. Die meisten Neuaufführungen,
2329 2213 3197 2268 jedoch andererseits als rein artistisches
1467 2264 2313 2328 die bis heute zu verzeichnen #aren, sind
2336 2260 3176 2348 Erberiment von Interesse hütte sein kön¬
1458 2314 2322 2387 einer Brecähnung kaum wert und berbei¬
2333 2323 2459 2379 nen.
1462 2365 2328 2422 gen mit erschreckender Deutlickkeit,
2353 2341 3187 2431 Solche rein artistischen Erperimente
1453 2416 2327 2481 dass die Ferien vorübergegangen sind,
2331 2414 3182 2488 sind natürlich Aufgaben, die z#eit hinter
1455 2466 2310 2544 ohne dass ein Heilmittel gegen die &Kri¬
2321 2470 3178 2543 den Zielen zurückbleiben, die ein Mei¬
1454 2517 3193 2601 se des Theaters 2 entdeckt zcorden zäre.Ister der Rehiekunst zie Pitoëff sich #
1504 2571 2319 2649 Das erste wichtige Ereiqnis, das re¬
2320 2573 3192 2652 heutigen Pariser Zeitläufen zu seizen.
1455 2629 3187 2696 gistriert zerden darf, ist die Einstudie-That. Seine Einstudierung des & Rei¬
1450 2674 2318 2748 rung von Schnitalers & Reigen ) durch
2333 2677 3190 2757 gens d, der übrigens kurs nach dem
1457 2726 2325 2805 das Ensemble Pitoöff, das in der vorigen
2324 2738 3194 2810 Kriege von einer Schauspielergrup#en
1449 2789 3193 2866 Spielseit eine Reihe sehr bemerkenstoer-Ischon einmal u geschlossener Aufführ
1458 2852 3188 2914 ter Verdienste zu verseichnen hatte. Ge-irung gebrach worden war, muss, mei¬
1452 2887 3188 2974 rad zceil ich von Pitoëffs Mission iminer Ausicht nach, als Anlass genommen
1453 2950 3192 3024 Pariser Theaterleben sehr viel halte, werden, um ihn darauf hinsudeisen,
1446 2991 3189 3064 scheint es mir geboten, diese neue Auf-Idass weesentlick wichtigere Aufgaben
1446 3048 2310 3130 führung etzoas eingenender zu beleuch¬
2323 3061 2997 3130 ihrer Lösung durch ihn harren.
1455 3102 1581 3170 den.
2452 3090 3145 3185 H.-A. Frhr. v. MALTZAHN.
1496 3124 2339 3232 Ich habe hier schon verschiedentlich
1462 3215 2332 3267 zum Ausdruck gebracht, dass Arthur
1459 3256 2332 3327 Schnitsler nicht unter diejenigen Auto¬
1460 3293 2338 3396 ren deutscher Zunge zu zählen sei, deren
1452 3363 2327 3445 Verpflansung nach Frankreich zu einer
1452 3415 2333 3496 besonderen Befruchtung des Pariser
1454 3469 2331 3536 Bühnenlebens führen könnte. Diese
1448 3523 2327 3584 meine Auffassung hat sich durch die
1459 3569 2329 3640 Aufführung des & Reigens 3 durchaus
1453 3631 2332 3697 bestätigt gesehen. Schnitsler in Franzö¬
1454 3674 2333 3747 sischer Sprache ist letsten Endes doch
1460 3736 2333 3795 nichts weiter als & Bouievardtheater .
1458 3782 2324 3849 ziemlich üblichen Ranges, und wenn im
1453 3836 2324 3904 Zuschauerraume während dieser jüng¬
1456 3890 2320 3949 sten Premiere das Wort fiel, dass die
1452 3936 2335 4012 Werke Alerandre Dumas' der heutigen
1442 3988 2343 4061 Zeit wesentlich näher ständen als diese
1442 4044 2333 4111 Schnitalerschen Geistreicheleien, so teile
1443 4098 2333 4169 ich diese Ansicht durchaus. Ich bin da¬
1458 4152 2328 4221 her auch im Grunde der Ausicht, dass
1446 4191 2336 4264 ein berufener Arantgardebühnenleiter
1454 4246 2330 4301 wie Georges Pitoöff zeichtigere Sendun¬
