<?xml version="1.0" encoding="UTF-8" standalone="yes"?>
<PcGts xmlns="http://schema.primaresearch.org/PAGE/gts/pagecontent/2013-07-15" xmlns:xsi="http://www.w3.org/2001/XMLSchema-instance" xsi:schemaLocation="http://schema.primaresearch.org/PAGE/gts/pagecontent/2013-07-15 http://schema.primaresearch.org/PAGE/gts/pagecontent/2013-07-15/pagecontent.xsd">
    <Metadata>
        <Creator>prov=University of Rostock/Institute of Mathematics/CITlab/Gundram Leifert/gundram.leifert@uni-rostock.de:name=ONB_Newseye_GT_M1+(htr_id=10810)::::v=2.4.2
prov=University of Rostock/Institute of Mathematics/CITlab/Tobias Gruening/tobias.gruening@uni-rostock.de:name=de.uros.citlab.module.baseline2polygon.B2PSeamMultiOriented:v=2.4.2
prov=University of Rostock/Institute of Mathematics/CITlab/Tobias Gruening/tobias.gruening@uni-rostock.de:name=/mnt/transkribus/LA/DEA/URO/LA_news_onb_att.pb:de.uros.citlab.segmentation.CITlab_LA_ML:v=2.4.2
Transkribus</Creator>
        <Created>2019-10-07T11:39:26.547+02:00</Created>
        <LastChange>2019-10-08T14:47:58.517+02:00</LastChange>
        <TranskribusMetadata docId="223985" pageId="9501204" pageNr="97" tsid="16593729" status="IN_PROGRESS" userId="40391" imgUrl="https://files.transkribus.eu/Get?id=XVSIUJKPQJLPCMMWEMUULYRI&amp;fileType=view" xmlUrl="https://files.transkribus.eu/Get?id=NBVSMVCNZEKOOSTNEXXJICER" imageId="6191426"/>
    </Metadata>
    <Page imageFilename="223985_0097.jpeg" imageWidth="3436" imageHeight="4320">
        <ReadingOrder>
            <OrderedGroup id="ro_1711448000554" caption="Regions reading order">
                <RegionRefIndexed index="0" regionRef="r1"/>
            </OrderedGroup>
        </ReadingOrder>
        <TextRegion orientation="0.0" id="r1" custom="readingOrder {index:0;}">
            <Coords points="155,202 155,4005 3152,4005 3152,202"/>
            <TextLine id="r1l1" custom="readingOrder {index:0;}">
                <Coords points="991,244 1058,238 1080,253 1099,238 1162,242 1192,220 1255,251 1274,236 1326,255 1359,241 1404,249 1441,238 1442,171 992,170"/>
                <Baseline points="1010,222 1035,222 1061,222 1087,223 1113,223 1139,224 1165,225 1191,226 1217,227 1242,227 1268,228 1294,228 1320,228 1346,227 1372,225 1398,224 1424,222"/>
                <TextEquiv>
                    <Unicode>box 19/2</Unicode>
                </TextEquiv>
            </TextLine>
            <TextLine id="r1l2" custom="readingOrder {index:1;}">
                <Coords points="273,231 848,274 853,178 522,164 442,201 392,154 344,152 275,179"/>
                <Baseline points="294,222 320,222 347,222 374,223 401,225 428,226 454,228 481,231 508,233 535,235 562,236 588,238 615,240 642,241 669,242 696,242 722,242 749,241 776,240 803,238 830,235"/>
                <TextEquiv>
                    <Unicode>11. Reigen</Unicode>
                </TextEquiv>
            </TextLine>
            <TextLine id="r1l3" custom="readingOrder {index:2;}">
                <Coords points="1948,851 3138,852 3160,788 1948,799"/>
                <Baseline points="1968,844 2026,845 2085,845 2143,846 2202,846 2261,846 2319,847 2378,847 2437,847 2495,848 2554,848 2613,848 2671,848 2730,847 2789,847 2847,846 2906,845 2965,844 3023,843 3082,841 3141,839"/>
                <TextEquiv>
                    <Unicode>arbeitet worden. Das Stück zeigt einen Großstädter, der</Unicode>
                </TextEquiv>
            </TextLine>
            <TextLine id="r1l4" custom="readingOrder {index:3;}">
                <Coords points="1951,901 3160,877 3130,836 2561,863 1951,834"/>
                <Baseline points="1969,886 2027,887 2086,888 2144,889 2203,890 2261,890 2320,891 2378,891 2437,892 2495,892 2554,892 2613,892 2671,892 2730,891 2788,891 2847,890 2905,889 2964,888 3022,886 3081,885 3140,883"/>
                <TextEquiv>
                    <Unicode>den Großstadtkrach nicht mehr aushalten kann, sich in seine</Unicode>
                </TextEquiv>
            </TextLine>
            <TextLine id="r1l5" custom="readingOrder {index:4;}">
                <Coords points="1952,932 3161,937 3135,874 2487,905 1952,869"/>
                <Baseline points="1971,928 2029,930 2088,931 2146,932 2205,934 2263,935 2322,936 2380,937 2439,937 2497,937 2556,937 2614,937 2673,937 2731,936 2790,935 2848,934 2907,933 2965,931 3024,928 3082,927 3141,923"/>
                <TextEquiv>
                    <Unicode>ländliche Heimat flüchtet, dort aber einen entstehenden</Unicode>
                </TextEquiv>
            </TextLine>
            <TextLine id="r1l6" custom="readingOrder {index:5;}">
                <Coords points="1954,981 3163,975 3162,916 1953,929"/>
                <Baseline points="1972,972 2030,974 2089,975 2147,976 2206,977 2265,978 2323,979 2382,979 2440,979 2499,980 2558,979 2616,979 2675,978 2733,978 2792,977 2851,975 2909,974 2968,973 3026,971 3085,969 3144,966"/>
                <TextEquiv>
                    <Unicode>Kurort mit allem Tamtam wiederfindet. Trotz der Dekla¬</Unicode>
                </TextEquiv>
            </TextLine>
            <TextLine id="r1l7" custom="readingOrder {index:6;}">
                <Coords points="1954,1027 3003,1030 3155,1014 3155,973 1953,963"/>
                <Baseline points="1973,1016 2031,1017 2089,1019 2147,1020 2205,1021 2263,1021 2321,1022 2380,1022 2438,1022 2496,1022 2554,1021 2612,1020 2670,1020 2728,1019 2787,1018 2845,1016 2903,1015 2961,1013 3019,1012 3077,1010 3136,1008"/>
                <TextEquiv>
                    <Unicode>mationen philosophischer Art und des Könnens der Künst¬</Unicode>
                </TextEquiv>
            </TextLine>
            <TextLine id="r1l8" custom="readingOrder {index:7;}">
                <Coords points="1942,1089 2570,1045 2664,1077 3110,1062 3158,1013 1941,1033"/>
                <Baseline points="1959,1061 2021,1061 2083,1062 2145,1063 2207,1063 2269,1063 2331,1063 2393,1062 2455,1062 2517,1061 2579,1060 2641,1060 2703,1059 2765,1058 2827,1056 2889,1055 2951,1054 3013,1053 3075,1051 3138,1050"/>
                <TextEquiv>
                    <Unicode>ler ist dieses Stück kaum eines Spielplanes eines</Unicode>
                </TextEquiv>
            </TextLine>
            <TextLine id="r1l9" custom="readingOrder {index:8;}">
                <Coords points="1954,1122 3118,1102 3166,1042 1953,1062"/>
                <Baseline points="1971,1108 2029,1107 2088,1106 2147,1106 2206,1105 2265,1105 2323,1105 2382,1105 2441,1105 2500,1105 2559,1105 2617,1105 2676,1105 2735,1104 2794,1103 2853,1102 2911,1100 2970,1098 3029,1096 3088,1093 3147,1089"/>
                <TextEquiv>
                    <Unicode>großen staatlichen Theaters würdig. Im Theatre de Paris</Unicode>
                </TextEquiv>
            </TextLine>
            <TextLine id="r1l10" custom="readingOrder {index:9;}">
                <Coords points="1946,1167 3140,1152 3162,1081 1945,1118"/>
                <Baseline points="1965,1153 2023,1151 2082,1149 2141,1148 2200,1147 2259,1147 2318,1146 2377,1146 2436,1146 2495,1146 2554,1146 2612,1146 2671,1146 2730,1146 2789,1146 2848,1146 2907,1145 2966,1144 3025,1143 3084,1141 3143,1139"/>
                <TextEquiv>
                    <Unicode>spielt das Paar Verneuil und die Popescu, zwei Künstler</Unicode>
                </TextEquiv>
            </TextLine>
            <TextLine id="r1l11" custom="readingOrder {index:10;}">
                <Coords points="1945,1203 3072,1193 3161,1181 3161,1125 1945,1158"/>
                <Baseline points="1962,1192 2021,1192 2080,1191 2139,1191 2198,1191 2257,1191 2316,1191 2375,1191 2434,1190 2493,1190 2552,1190 2611,1190 2670,1189 2729,1188 2788,1188 2847,1187 2906,1186 2965,1184 3024,1183 3083,1181 3142,1179"/>
                <TextEquiv>
                    <Unicode>mit großem Talent einen Vaudeville der von Frauen¬</Unicode>
                </TextEquiv>
            </TextLine>
            <TextLine id="r1l12" custom="readingOrder {index:11;}">
                <Coords points="1940,1239 3086,1239 3145,1219 3145,1179 1939,1187"/>
                <Baseline points="1959,1230 2017,1231 2075,1232 2133,1233 2192,1233 2250,1233 2308,1233 2367,1233 2425,1233 2483,1233 2542,1232 2600,1232 2658,1231 2716,1230 2775,1229 2833,1228 2891,1227 2950,1226 3008,1225 3066,1225 3125,1223"/>
                <TextEquiv>
                    <Unicode>raubszenen aus Chikago oder der Mandschurei beeinflußt</Unicode>
                </TextEquiv>
            </TextLine>
            <TextLine id="r1l13" custom="readingOrder {index:12;}">
                <Coords points="1943,1289 3130,1284 3156,1228 1943,1237"/>
                <Baseline points="1963,1271 2021,1273 2080,1275 2139,1276 2197,1277 2256,1277 2315,1277 2373,1277 2432,1277 2491,1276 2550,1275 2608,1275 2667,1274 2726,1273 2784,1272 2843,1271 2902,1270 2960,1269 3019,1269 3078,1268 3137,1268"/>
                <TextEquiv>
                    <Unicode>ist. Das Stück stammt von dem Hauptdarsteller, Verneuil</Unicode>
                </TextEquiv>
            </TextLine>
            <TextLine id="r1l14" custom="readingOrder {index:13;}">
                <Coords points="1945,1328 3139,1319 3161,1270 1944,1291"/>
                <Baseline points="1964,1316 2022,1317 2081,1318 2140,1318 2199,1319 2258,1319 2317,1319 2376,1319 2435,1319 2494,1319 2553,1318 2611,1318 2670,1317 2729,1316 2788,1315 2847,1314 2906,1313 2965,1312 3024,1311 3083,1309 3142,1308"/>
                <TextEquiv>
                    <Unicode>selbst und ist für Elvira Popescu geschrieben. Der Schau¬</Unicode>
                </TextEquiv>
            </TextLine>
            <TextLine id="r1l15" custom="readingOrder {index:14;}">
                <Coords points="1953,1356 3159,1361 3158,1309 3050,1302 1953,1319"/>
                <Baseline points="1973,1361 2031,1362 2089,1362 2147,1363 2206,1363 2264,1363 2322,1363 2381,1363 2439,1363 2497,1363 2556,1363 2614,1362 2672,1361 2730,1360 2789,1360 2847,1358 2905,1357 2964,1356 3022,1354 3080,1353 3139,1351"/>
                <TextEquiv>
                    <Unicode>spieler Verneuil ist in diesem Fall dem Bühnenschriftsteller</Unicode>
                </TextEquiv>
            </TextLine>
            <TextLine id="r1l16" custom="readingOrder {index:15;}">
                <Coords points="1947,1422 2970,1424 3156,1400 3156,1348 1947,1359"/>
                <Baseline points="1967,1404 2025,1405 2084,1405 2142,1406 2201,1406 2260,1406 2318,1406 2377,1406 2435,1406 2494,1406 2553,1405 2611,1405 2670,1404 2728,1403 2787,1402 2846,1401 2904,1400 2963,1398 3021,1397 3080,1395 3139,1394"/>
                <TextEquiv>
                    <Unicode>Verneuil überlegen und die Rumänin Popescu ist eine</Unicode>
                </TextEquiv>
            </TextLine>
            <TextLine id="r1l17" custom="readingOrder {index:16;}">
                <Coords points="1959,1468 2912,1457 2911,1405 1959,1405"/>
                <Baseline points="1979,1445 2024,1446 2070,1447 2115,1448 2161,1449 2207,1449 2252,1449 2298,1450 2344,1449 2389,1449 2435,1449 2481,1449 2526,1448 2572,1448 2618,1447 2663,1446 2709,1446 2755,1445 2800,1444 2846,1443 2892,1443"/>
                <TextEquiv>
                    <Unicode>charmante und temperamentvolle Künstlerin.</Unicode>
                </TextEquiv>
            </TextLine>
            <TextLine id="r1l18" custom="readingOrder {index:17;}">
                <Coords points="2003,1507 2977,1530 3119,1511 3152,1452 2003,1463"/>
                <Baseline points="2021,1510 2076,1509 2132,1508 2188,1508 2243,1508 2299,1508 2355,1508 2410,1508 2466,1509 2522,1509 2578,1509 2633,1510 2689,1510 2745,1510 2800,1509 2856,1509 2912,1508 2967,1506 3023,1505 3079,1503 3135,1500"/>
                <TextEquiv>
                    <Unicode>Unter den Autoren, die ihre Werke zu Beginn der</Unicode>
                </TextEquiv>
            </TextLine>
            <TextLine id="r1l19" custom="readingOrder {index:18;}">
                <Coords points="1946,1546 2780,1572 3126,1557 3155,1497 1946,1509"/>
                <Baseline points="1966,1551 2024,1551 2083,1551 2141,1551 2200,1552 2258,1552 2317,1553 2375,1553 2434,1554 2492,1555 2551,1555 2609,1555 2668,1555 2726,1555 2785,1555 2843,1554 2902,1553 2960,1552 3019,1550 3077,1548 3136,1546"/>
                <TextEquiv>
                    <Unicode>Saison auf der Bühne in Paris sehen, macht wieder</Unicode>
                </TextEquiv>
            </TextLine>
            <TextLine id="r1l20" custom="readingOrder {index:19;}">
                <Coords points="1951,1600 3082,1600 3160,1589 3160,1544 1951,1548"/>
                <Baseline points="1971,1591 2029,1593 2088,1594 2146,1595 2205,1596 2264,1597 2322,1597 2381,1598 2439,1598 2498,1598 2557,1598 2615,1597 2674,1597 2732,1596 2791,1595 2850,1594 2908,1593 2967,1592 3025,1591 3084,1590 3143,1589"/>
                <TextEquiv>
                    <Unicode>Bourdet am meisten von sich reden. Bourdet hat mit</Unicode>
                </TextEquiv>
            </TextLine>
            <TextLine id="r1l21" custom="readingOrder {index:20;}">
                <Coords points="1948,1644 3165,1625 3142,1588 1948,1588"/>
                <Baseline points="1967,1637 2026,1638 2085,1639 2144,1639 2203,1639 2262,1640 2321,1640 2380,1640 2439,1640 2498,1639 2557,1639 2616,1639 2675,1638 2734,1637 2793,1637 2852,1636 2911,1635 2970,1634 3029,1633 3088,1632 3147,1630"/>
                <TextEquiv>
                    <Unicode>Recht sich mit seinem Stück „das schwache Geschlecht“ den</Unicode>
                </TextEquiv>
            </TextLine>
            <TextLine id="r1l22" custom="readingOrder {index:21;}">
                <Coords points="1941,1700 3135,1693 3164,1626 1940,1648"/>
                <Baseline points="1960,1684 2019,1682 2078,1681 2137,1680 2197,1679 2256,1679 2315,1679 2375,1678 2434,1678 2493,1678 2553,1678 2612,1678 2671,1678 2730,1678 2790,1678 2849,1678 2908,1677 2968,1676 3027,1675 3086,1674 3146,1672"/>
                <TextEquiv>
                    <Unicode>Ruf eines der besten Bühnenschriftsteller in Frankreich er¬</Unicode>
                </TextEquiv>
            </TextLine>
            <TextLine id="r1l23" custom="readingOrder {index:22;}">
                <Coords points="1953,1729 3162,1725 3161,1673 1952,1688"/>
                <Baseline points="1970,1725 2028,1725 2087,1725 2145,1725 2204,1725 2263,1725 2321,1725 2380,1725 2438,1725 2497,1725 2556,1725 2614,1725 2673,1725 2731,1724 2790,1723 2849,1723 2907,1722 2966,1720 3024,1719 3083,1717 3142,1715"/>
                <TextEquiv>
                    <Unicode>worben. Wenn das Stück auch in Deutschland wenig Er¬</Unicode>
                </TextEquiv>
            </TextLine>
            <TextLine id="r1l24" custom="readingOrder {index:23;}">
                <Coords points="1949,1789 3158,1775 3157,1722 3120,1719 1948,1733"/>
                <Baseline points="1966,1770 2024,1769 2083,1769 2141,1769 2200,1768 2259,1768 2317,1768 2376,1768 2434,1767 2493,1767 2552,1767 2610,1767 2669,1766 2727,1766 2786,1765 2845,1765 2903,1765 2962,1764 3020,1763 3079,1763 3138,1762"/>
                <TextEquiv>
                    <Unicode>folg gehabt hat, so ändert das nichts daran, das es als</Unicode>
                </TextEquiv>
            </TextLine>
            <TextLine id="r1l25" custom="readingOrder {index:24;}">
                <Coords points="1953,1811 3055,1821 3155,1798 3155,1764 1953,1770"/>
                <Baseline points="1972,1810 2030,1810 2088,1810 2146,1810 2205,1810 2263,1810 2321,1810 2380,1811 2438,1811 2496,1811 2555,1811 2613,1810 2671,1810 2729,1810 2788,1809 2846,1809 2904,1808 2963,1807 3021,1806 3079,1804 3138,1803"/>
                <TextEquiv>
                    <Unicode>eines der besten Stücke der zeitgenössischen franzö¬</Unicode>
                </TextEquiv>
            </TextLine>
            <TextLine id="r1l26" custom="readingOrder {index:25;}">
                <Coords points="1958,1862 3119,1858 3156,1855 3156,1799 1958,1813"/>
                <Baseline points="1978,1855 2035,1853 2093,1852 2151,1852 2209,1851 2267,1851 2325,1851 2383,1851 2441,1851 2499,1851 2557,1851 2614,1852 2672,1852 2730,1852 2788,1852 2846,1851 2904,1851 2962,1850 3020,1849 3078,1848 3136,1847"/>
                <TextEquiv>
                    <Unicode>sischen Lustspiele angesehen werden muß, das in der</Unicode>
                </TextEquiv>
            </TextLine>
            <TextLine id="r1l27" custom="readingOrder {index:26;}">
                <Coords points="1959,1895 3135,1904 3157,1844 1959,1854"/>
                <Baseline points="1978,1894 2036,1895 2094,1896 2152,1896 2210,1897 2268,1897 2326,1897 2384,1897 2442,1897 2500,1897 2559,1897 2617,1896 2675,1896 2733,1895 2791,1894 2849,1894 2907,1893 2965,1892 3023,1891 3081,1890 3140,1889"/>
                <TextEquiv>
                    <Unicode>französischen Fassung von einem ganz erstklassigen En¬</Unicode>
                </TextEquiv>
            </TextLine>
            <TextLine id="r1l28" custom="readingOrder {index:27;}">
                <Coords points="1950,1949 3163,1936 3162,1891 2962,1877 1950,1893"/>
                <Baseline points="1968,1938 2026,1938 2085,1939 2144,1939 2203,1939 2262,1938 2320,1938 2379,1938 2438,1938 2497,1937 2556,1937 2614,1936 2673,1936 2732,1936 2791,1935 2850,1935 2908,1935 2967,1935 3026,1935 3085,1935 3144,1935"/>
                <TextEquiv>
                    <Unicode>semble gespielt, die Kritik überragt. Bourdet hat nun</Unicode>
                </TextEquiv>
            </TextLine>
            <TextLine id="r1l29" custom="readingOrder {index:28;}">
                <Coords points="1959,1985 3160,1995 3160,1925 1959,1940"/>
                <Baseline points="1978,1981 2036,1981 2094,1981 2152,1981 2211,1981 2269,1981 2327,1981 2385,1981 2444,1981 2502,1981 2560,1981 2618,1981 2677,1980 2735,1980 2793,1979 2851,1979 2910,1977 2968,1976 3026,1974 3084,1973 3143,1971"/>
                <TextEquiv>
                    <Unicode>im Theatre de la Michaudière ein neues Stück auf die</Unicode>
                </TextEquiv>
            </TextLine>
            <TextLine id="r1l30" custom="readingOrder {index:29;}">
                <Coords points="2855,2023 2959,2031 2992,2012 3052,2031 3063,2023 3167,2031 3167,1990 3130,1990 3112,1975 2937,1971 2855,1989"/>
                <Baseline points="2875,2016 2902,2016 2929,2016 2956,2016 2983,2017 3011,2017 3038,2017 3065,2017 3092,2017 3119,2016 3147,2015"/>
                <TextEquiv>
                    <Unicode>(Die besten</Unicode>
                </TextEquiv>
            </TextLine>
            <TextLine id="r1l31" custom="readingOrder {index:30;}">
                <Coords points="1952,2036 2878,2019 2878,1989 2815,1978 1952,1984"/>
                <Baseline points="1969,2025 2013,2026 2057,2026 2102,2027 2146,2027 2191,2027 2235,2027 2280,2026 2324,2026 2369,2025 2413,2024 2457,2024 2502,2023 2546,2023 2591,2022 2635,2022 2680,2022 2724,2022 2769,2022 2813,2022 2858,2023"/>
                <TextEquiv>
                    <Unicode>Bühne gebracht „La fleur des pois“.</Unicode>
                </TextEquiv>
            </TextLine>
            <TextLine id="r1l32" custom="readingOrder {index:31;}">
                <Coords points="2155,2074 3159,2072 3159,2016 2155,2037"/>
                <Baseline points="2174,2064 2222,2065 2270,2066 2318,2067 2367,2067 2415,2067 2463,2067 2512,2067 2560,2067 2608,2066 2657,2065 2705,2065 2753,2064 2801,2063 2850,2063 2898,2062 2946,2062 2995,2062 3043,2062 3091,2062 3140,2063"/>
                <TextEquiv>
                    <Unicode>— bedeutet soviel wie die „Anormalen“). Wie der</Unicode>
                </TextEquiv>
            </TextLine>
            <TextLine id="r1l33" custom="readingOrder {index:32;}">
                <Coords points="1950,2071 2009,2071 2039,2079 2073,2075 2084,2083 2095,2072 2151,2068 2151,2016 2129,2012 2121,2020 2103,2023 2092,2016 2084,2023 2058,2012 2040,2015 2028,2027 1950,2037"/>
                <Baseline points="1968,2065 1995,2066 2022,2066 2049,2065 2076,2065 2103,2066 2131,2068"/>
                <TextEquiv>
                    <Unicode>Erbsen“</Unicode>
                </TextEquiv>
            </TextLine>
            <TextLine id="r1l34" custom="readingOrder {index:33;}">
                <Coords points="1949,2128 2585,2096 3162,2128 3162,2072 1949,2073"/>
                <Baseline points="1967,2109 2025,2109 2084,2109 2143,2109 2202,2109 2261,2109 2320,2109 2379,2109 2438,2109 2497,2108 2556,2108 2614,2108 2673,2107 2732,2107 2791,2107 2850,2106 2909,2106 2968,2106 3027,2106 3086,2106 3145,2106"/>
                <TextEquiv>
                    <Unicode>Titel des Stücks andeutet, ist der Aufbau der Handlung</Unicode>
                </TextEquiv>
            </TextLine>
            <TextLine id="r1l35" custom="readingOrder {index:34;}">
                <Coords points="1952,2152 2875,2166 3128,2157 3161,2113 1952,2115"/>
                <Baseline points="1970,2154 2028,2154 2087,2153 2145,2153 2204,2153 2263,2153 2321,2153 2380,2152 2438,2152 2497,2152 2556,2152 2614,2152 2673,2151 2731,2151 2790,2151 2849,2150 2907,2150 2966,2149 3024,2149 3083,2148 3142,2148"/>
                <TextEquiv>
                    <Unicode>sehr kompliziert. Der Duc d'Anche ist eine große Person</Unicode>
                </TextEquiv>
            </TextLine>
            <TextLine id="r1l36" custom="readingOrder {index:35;}">
                <Coords points="1954,2204 3163,2180 3162,2143 1954,2152"/>
                <Baseline points="1971,2197 2029,2198 2088,2198 2146,2198 2205,2198 2264,2197 2322,2197 2381,2196 2440,2195 2498,2195 2557,2194 2616,2193 2674,2192 2733,2191 2792,2191 2850,2190 2909,2189 2968,2189 3026,2188 3085,2188 3144,2188"/>
                <TextEquiv>
                    <Unicode>in der Pariser Gesellschaft, aber er verschenkt seine Sympa¬</Unicode>
                </TextEquiv>
            </TextLine>
            <TextLine id="r1l37" custom="readingOrder {index:36;}">
                <Coords points="1955,2247 3071,2242 3164,2227 3164,2186 1955,2199"/>
                <Baseline points="1973,2240 2031,2240 2090,2240 2148,2240 2207,2240 2265,2240 2324,2239 2382,2239 2441,2239 2499,2238 2558,2238 2617,2237 2675,2236 2734,2236 2792,2235 2851,2235 2909,2234 2968,2234 3026,2233 3085,2233 3144,2232"/>
                <TextEquiv>
                    <Unicode>thien an Männer. Da aber die große Gesellschaft tonan¬</Unicode>
                </TextEquiv>
            </TextLine>
            <TextLine id="r1l38" custom="readingOrder {index:37;}">
                <Coords points="1956,2302 3128,2286 3154,2233 1956,2243"/>
                <Baseline points="1973,2284 2031,2284 2089,2283 2147,2283 2205,2283 2264,2282 2322,2282 2380,2281 2438,2281 2496,2281 2555,2280 2613,2280 2671,2280 2729,2279 2787,2279 2846,2278 2904,2277 2962,2277 3020,2276 3078,2275 3137,2274"/>
                <TextEquiv>
                    <Unicode>gebend ist, kommen an die Pforten dieser Gesellschaft Leute,</Unicode>
                </TextEquiv>
            </TextLine>
            <TextLine id="r1l39" custom="readingOrder {index:38;}">
                <Coords points="1951,2330 3164,2323 3163,2268 3122,2260 1951,2282"/>
                <Baseline points="1968,2326 2026,2326 2085,2325 2144,2325 2203,2325 2262,2325 2320,2325 2379,2325 2438,2324 2497,2324 2556,2324 2614,2323 2673,2323 2732,2322 2791,2321 2850,2320 2908,2320 2967,2318 3026,2317 3085,2316 3144,2314"/>
                <TextEquiv>
                    <Unicode>die „lanciert“ werden wollen, bürgerliche Damen mit Geld</Unicode>
                </TextEquiv>
            </TextLine>
            <TextLine id="r1l40" custom="readingOrder {index:39;}">
                <Coords points="1947,2368 2955,2378 3163,2354 3163,2325 1946,2320"/>
                <Baseline points="1966,2366 2025,2366 2084,2366 2143,2366 2202,2367 2261,2367 2320,2367 2379,2367 2438,2366 2497,2366 2556,2366 2615,2365 2674,2365 2733,2364 2792,2363 2851,2362 2910,2361 2969,2360 3028,2358 3087,2357 3146,2355"/>
                <TextEquiv>
                    <Unicode>aus der Provinz, und auch Albert Tavernier, Autokon¬</Unicode>
                </TextEquiv>
            </TextLine>
            <TextLine id="r1l41" custom="readingOrder {index:40;}">
                <Coords points="1955,2417 3022,2426 3171,2405 3170,2353 1954,2369"/>
                <Baseline points="1972,2409 2031,2410 2090,2410 2149,2410 2208,2410 2267,2410 2326,2409 2385,2409 2444,2408 2503,2408 2562,2407 2621,2406 2680,2406 2739,2405 2798,2404 2857,2403 2916,2402 2975,2402 3034,2401 3093,2400 3152,2399"/>
                <TextEquiv>
                    <Unicode>strukteur, der seinen Wagen mit Schwerölmotor zunächst</Unicode>
                </TextEquiv>
            </TextLine>
            <TextLine id="r1l42" custom="readingOrder {index:41;}">
                <Coords points="1947,2465 3134,2457 3167,2412 1947,2413"/>
                <Baseline points="1966,2451 2025,2451 2084,2451 2143,2451 2202,2450 2261,2450 2320,2450 2379,2449 2438,2449 2497,2448 2557,2448 2616,2447 2675,2447 2734,2446 2793,2446 2852,2445 2911,2445 2970,2445 3029,2445 3088,2445 3148,2445"/>
                <TextEquiv>
                    <Unicode>bei Personen mit klingendem Namen verkaufen will. Das</Unicode>
                </TextEquiv>
            </TextLine>
            <TextLine id="r1l43" custom="readingOrder {index:42;}">
                <Coords points="1956,2510 3101,2500 3157,2440 1955,2454"/>
                <Baseline points="1974,2495 2032,2495 2090,2494 2148,2494 2207,2494 2265,2494 2323,2493 2382,2493 2440,2493 2498,2492 2557,2492 2615,2492 2673,2491 2731,2491 2790,2490 2848,2489 2906,2489 2965,2488 3023,2486 3081,2485 3140,2484"/>
                <TextEquiv>
                    <Unicode>Tor zu der Gesellschaft ist Zaza, eine verarmte Adelige</Unicode>
                </TextEquiv>
            </TextLine>
            <TextLine id="r1l44" custom="readingOrder {index:43;}">
                <Coords points="1953,2539 3162,2543 3161,2480 1952,2487"/>
                <Baseline points="1971,2535 2029,2536 2088,2537 2146,2538 2205,2538 2264,2538 2322,2538 2381,2538 2440,2538 2498,2537 2557,2537 2616,2536 2674,2535 2733,2534 2792,2533 2850,2532 2909,2531 2968,2530 3026,2529 3085,2528 3144,2528"/>
                <TextEquiv>
                    <Unicode>mit Beziehungen, die sich gegen Provision erbietet, solche</Unicode>
                </TextEquiv>
            </TextLine>
            <TextLine id="r1l45" custom="readingOrder {index:44;}">
                <Coords points="1952,2586 3113,2581 3172,2562 3172,2524 1951,2538"/>
                <Baseline points="1970,2580 2029,2581 2088,2581 2147,2581 2206,2581 2265,2581 2324,2581 2383,2580 2442,2580 2501,2579 2561,2579 2620,2578 2679,2577 2738,2576 2797,2575 2856,2574 2915,2573 2974,2572 3033,2571 3092,2569 3152,2568"/>
                <TextEquiv>
                    <Unicode>Bürgerliche in die Gesellchaft einzuführen. Tavernier</Unicode>
                </TextEquiv>
            </TextLine>
            <TextLine id="r1l46" custom="readingOrder {index:45;}">
                <Coords points="1963,2637 3098,2628 3157,2612 3157,2571 1963,2585"/>
                <Baseline points="1981,2624 2038,2624 2096,2623 2154,2623 2212,2623 2270,2622 2328,2622 2386,2622 2444,2622 2502,2621 2560,2621 2617,2621 2675,2620 2733,2620 2791,2619 2849,2619 2907,2618 2965,2617 3023,2616 3081,2614 3139,2613"/>
                <TextEquiv>
                    <Unicode>stellt ihr die Geldmittel zur Verfügung, damit sie Empfänge</Unicode>
                </TextEquiv>
            </TextLine>
            <TextLine id="r1l47" custom="readingOrder {index:46;}">
                <Coords points="1965,2673 3115,2670 3159,2662 3159,2614 1965,2624"/>
                <Baseline points="1982,2671 2043,2670 2104,2668 2165,2667 2226,2666 2287,2665 2348,2664 2409,2664 2470,2663 2531,2663 2592,2663 2653,2662 2714,2662 2775,2662 2836,2662 2897,2661 2958,2661 3019,2660 3080,2659 3141,2659"/>
                <TextEquiv>
                    <Unicode>gibt, wo man sich kennen lernt. Aber das klappt nicht, denn</Unicode>
                </TextEquiv>
            </TextLine>
            <TextLine id="r1l48" custom="readingOrder {index:47;}">
                <Coords points="1958,2714 3156,2714 3155,2674 3100,2659 1958,2673"/>
                <Baseline points="1978,2712 2035,2711 2093,2711 2151,2710 2209,2710 2267,2709 2325,2709 2383,2709 2441,2708 2499,2708 2557,2707 2614,2707 2672,2706 2730,2706 2788,2705 2846,2705 2904,2704 2962,2703 3020,2703 3078,2702 3136,2701"/>
                <TextEquiv>
                    <Unicode>Tavernier wird zunächst nicht beachtet, er langweilt sich.</Unicode>
                </TextEquiv>
            </TextLine>
            <TextLine id="r1l49" custom="readingOrder {index:48;}">
                <Coords points="1957,2760 3154,2754 3154,2698 1956,2711"/>
                <Baseline points="1974,2752 2032,2752 2090,2752 2148,2751 2206,2751 2264,2751 2322,2751 2380,2751 2438,2750 2496,2750 2555,2750 2613,2749 2671,2749 2729,2748 2787,2748 2845,2747 2903,2746 2961,2745 3019,2744 3077,2743 3136,2742"/>
                <TextEquiv>
                    <Unicode>Da erscheint im rechten Augenblick der Herzog d'Anche. Er</Unicode>
                </TextEquiv>
            </TextLine>
            <TextLine id="r1l50" custom="readingOrder {index:49;}">
                <Coords points="1953,2797 3166,2795 3165,2743 3050,2729 1953,2741"/>
                <Baseline points="1971,2792 2029,2793 2088,2794 2147,2795 2206,2795 2265,2795 2324,2795 2382,2795 2441,2794 2500,2794 2559,2793 2618,2793 2677,2792 2736,2791 2794,2790 2853,2789 2912,2788 2971,2788 3030,2787 3089,2786 3148,2785"/>
                <TextEquiv>
                    <Unicode>sieht Tavernier und findet Gefallen an ihm; Tavernier ist</Unicode>
                </TextEquiv>
            </TextLine>
            <TextLine id="r1l51" custom="readingOrder {index:50;}">
                <Coords points="735,2778 1944,2806 1945,2735 1305,2759 736,2726"/>
                <Baseline points="755,2791 813,2790 872,2789 930,2789 989,2789 1048,2789 1106,2789 1165,2790 1223,2791 1282,2791 1341,2792 1399,2793 1458,2793 1516,2794 1575,2794 1634,2794 1692,2794 1751,2794 1809,2793 1868,2792 1927,2790"/>
                <TextEquiv>
                    <Unicode>Reporterin (Lucienne Lemarchand) und Frau Townsend</Unicode>
                </TextEquiv>
            </TextLine>
            <TextLine id="r1l52" custom="readingOrder {index:51;}">
                <Coords points="191,2802 343,2813 369,2791 459,2806 630,2791 659,2810 738,2795 738,2747 686,2758 652,2743 633,2758 589,2736 492,2750 388,2731 191,2735"/>
                <Baseline points="209,2789 234,2790 259,2791 285,2792 310,2792 336,2793 361,2793 387,2793 412,2793 438,2793 463,2793 488,2792 514,2792 539,2792 565,2792 590,2792 616,2792 641,2792 667,2792 692,2793 718,2793"/>
                <TextEquiv>
                    <Unicode>letzten Entwicklung der</Unicode>
                </TextEquiv>
            </TextLine>
            <TextLine id="r1l53" custom="readingOrder {index:52;}">
                <Coords points="744,2855 864,2837 1105,2840 1146,2856 1195,2830 1195,2793 946,2790 935,2779 905,2790 879,2778 842,2804 812,2792 745,2803"/>
                <Baseline points="765,2832 790,2831 816,2831 842,2831 867,2831 893,2831 919,2831 944,2831 970,2832 996,2832 1021,2833 1047,2833 1073,2834 1098,2834 1124,2835 1150,2835 1176,2835"/>
                <TextEquiv>
                    <Unicode>(Germaine Dermoz).</Unicode>
                </TextEquiv>
            </TextLine>
            <TextLine id="r1l54" custom="readingOrder {index:53;}">
                <Coords points="202,2841 239,2837 265,2859 343,2829 380,2851 585,2842 626,2860 656,2830 745,2841 745,2792 629,2789 592,2808 451,2806 365,2784 283,2807 201,2800"/>
                <Baseline points="221,2836 246,2836 271,2836 297,2837 322,2837 347,2837 373,2837 398,2837 423,2837 449,2836 474,2836 499,2836 525,2835 550,2835 575,2835 601,2834 626,2834 651,2834 677,2834 702,2834 728,2834"/>
                <TextEquiv>
                    <Unicode>Ein Zeitungskönig in</Unicode>
                </TextEquiv>
            </TextLine>
            <TextLine id="r1l55" custom="readingOrder {index:54;}">
                <Coords points="1954,2842 3167,2836 3166,2780 1954,2794"/>
                <Baseline points="1972,2838 2030,2837 2089,2837 2148,2837 2207,2837 2265,2837 2324,2837 2383,2837 2442,2837 2500,2837 2559,2837 2618,2837 2677,2836 2735,2836 2794,2835 2853,2835 2912,2834 2970,2833 3029,2832 3088,2830 3147,2829"/>
                <TextEquiv>
                    <Unicode>lanciert und mit einem Male ist er der Schiedsrichter der</Unicode>
                </TextEquiv>
            </TextLine>
            <TextLine id="r1l56" custom="readingOrder {index:55;}">
                <Coords points="797,2871 1946,2891 1946,2817 796,2841"/>
                <Baseline points="815,2877 870,2876 926,2876 982,2876 1037,2876 1093,2876 1149,2876 1204,2875 1260,2875 1316,2875 1372,2875 1427,2875 1483,2875 1539,2875 1594,2875 1650,2875 1706,2875 1761,2875 1817,2875 1873,2875 1929,2874"/>
                <TextEquiv>
                    <Unicode>Die französische Kritik verhält sich gegenüber diesem</Unicode>
                </TextEquiv>
            </TextLine>
            <TextLine id="r1l57" custom="readingOrder {index:56;}">
                <Coords points="148,2879 244,2886 263,2905 330,2882 423,2897 460,2875 527,2900 642,2874 750,2896 750,2837 728,2833 367,2849 148,2831"/>
                <Baseline points="167,2875 195,2876 223,2877 251,2878 279,2879 307,2879 335,2880 364,2881 392,2881 420,2881 448,2882 476,2882 504,2881 532,2881 561,2880 589,2879 617,2879 645,2878 673,2876 701,2874 730,2872"/>
                <TextEquiv>
                    <Unicode>der „Evening Gazette“ sin¬</Unicode>
                </TextEquiv>
            </TextLine>
            <TextLine id="r1l58" custom="readingOrder {index:57;}">
                <Coords points="1953,2883 2865,2905 2909,2871 3122,2885 3170,2826 1953,2842"/>
                <Baseline points="1973,2876 2031,2877 2090,2879 2149,2880 2208,2880 2267,2881 2326,2881 2384,2881 2443,2881 2502,2881 2561,2880 2620,2880 2679,2879 2738,2878 2796,2878 2855,2877 2914,2876 2973,2876 3032,2875 3091,2875 3150,2874"/>
                <TextEquiv>
                    <Unicode>Gesellschaft, die ihm, dem mächtig gewordenen Günstling</Unicode>
                </TextEquiv>
            </TextLine>
            <TextLine id="r1l59" custom="readingOrder {index:58;}">
                <Coords points="754,2928 1951,2929 1922,2869 1014,2895 754,2861"/>
                <Baseline points="771,2917 829,2918 887,2919 945,2919 1003,2920 1061,2920 1119,2920 1177,2921 1235,2921 1293,2921 1351,2921 1409,2921 1467,2920 1525,2920 1583,2920 1641,2920 1699,2920 1757,2920 1815,2919 1873,2919 1931,2919"/>
                <TextEquiv>
                    <Unicode>Stück kühl. Man liest in der Theaterkritik eines großen</Unicode>
                </TextEquiv>
            </TextLine>
            <TextLine id="r1l60" custom="readingOrder {index:59;}">
                <Coords points="1948,2926 3042,2932 3164,2906 3164,2868 1948,2885"/>
                <Baseline points="1967,2923 2025,2923 2084,2923 2143,2923 2202,2923 2261,2923 2320,2923 2379,2923 2438,2922 2497,2922 2556,2922 2614,2922 2673,2922 2732,2921 2791,2921 2850,2920 2909,2920 2968,2919 3027,2919 3086,2918 3145,2917"/>
                <TextEquiv>
                    <Unicode>des diktatorisch bestimmenden Herzogs, den Hof macht.</Unicode>
                </TextEquiv>
            </TextLine>
            <TextLine id="r1l61" custom="readingOrder {index:60;}">
                <Coords points="147,2927 508,2920 750,2940 749,2877 723,2873 537,2894 459,2876 295,2896 146,2878"/>
                <Baseline points="165,2918 193,2920 221,2922 249,2923 277,2924 306,2925 334,2925 362,2926 390,2926 418,2925 447,2925 475,2925 503,2924 531,2923 559,2922 588,2922 616,2920 644,2919 672,2919 700,2917 729,2916"/>
                <TextEquiv>
                    <Unicode>tion, eine alte Skandal¬</Unicode>
                </TextEquiv>
            </TextLine>
            <TextLine id="r1l62" custom="readingOrder {index:61;}">
                <Coords points="150,2972 604,2962 627,2985 660,2969 746,2980 745,2932 719,2928 150,2927"/>
                <Baseline points="168,2963 195,2964 223,2964 251,2964 279,2964 307,2964 335,2964 363,2964 391,2964 419,2964 447,2963 474,2963 502,2963 530,2963 558,2963 586,2962 614,2962 642,2962 670,2962 698,2962 726,2963"/>
                <TextEquiv>
                    <Unicode>in deren Verlauf eine Frau</Unicode>
                </TextEquiv>
            </TextLine>
            <TextLine id="r1l63" custom="readingOrder {index:62;}">
                <Coords points="746,2975 1799,2978 1951,2971 1952,2930 746,2926"/>
                <Baseline points="764,2961 822,2961 880,2962 939,2962 997,2962 1056,2963 1114,2963 1172,2963 1231,2964 1289,2964 1348,2965 1406,2965 1464,2965 1523,2965 1581,2965 1640,2965 1698,2965 1756,2965 1815,2964 1873,2964 1932,2963"/>
                <TextEquiv>
                    <Unicode>Finanzblattes die Bemerkung: „Das Stück ist ein Gemälde</Unicode>
                </TextEquiv>
            </TextLine>
            <TextLine id="r1l64" custom="readingOrder {index:63;}">
                <Coords points="1951,2965 3033,2978 3167,2966 3167,2910 1951,2932"/>
                <Baseline points="1969,2966 2031,2966 2093,2966 2155,2966 2217,2966 2279,2965 2341,2965 2403,2965 2465,2964 2527,2964 2589,2963 2651,2963 2713,2962 2775,2962 2837,2962 2899,2961 2961,2961 3023,2961 3085,2961 3148,2961"/>
                <TextEquiv>
                    <Unicode>Tavernier wird jedoch die Sache bedenklich, besonders, als</Unicode>
                </TextEquiv>
            </TextLine>
            <TextLine id="r1l65" custom="readingOrder {index:64;}">
                <Coords points="743,3015 1949,3026 1949,2963 744,2963"/>
                <Baseline points="762,3003 820,3004 879,3004 937,3005 996,3005 1054,3006 1113,3007 1171,3007 1230,3008 1288,3009 1347,3009 1405,3009 1464,3009 1522,3010 1581,3009 1639,3009 1698,3009 1756,3008 1815,3006 1873,3005 1932,3003"/>
                <TextEquiv>
                    <Unicode>von amerikanischen Pressesitten und man hat darin einen</Unicode>
                </TextEquiv>
            </TextLine>
            <TextLine id="r1l66" custom="readingOrder {index:65;}">
                <Coords points="149,3009 745,3027 744,2964 722,2960 410,2975 332,2949 149,2968"/>
                <Baseline points="169,3004 196,3005 224,3006 252,3007 280,3007 308,3007 336,3007 363,3007 391,3007 419,3007 447,3006 475,3006 503,3006 531,3006 558,3005 586,3005 614,3005 642,3005 670,3006 698,3006 726,3007"/>
                <TextEquiv>
                    <Unicode>Gatten tötete. Längst war</Unicode>
                </TextEquiv>
            </TextLine>
            <TextLine id="r1l67" custom="readingOrder {index:66;}">
                <Coords points="1944,3017 3149,3014 3149,2966 2829,2945 1944,2965"/>
                <Baseline points="1963,3008 2021,3008 2079,3009 2138,3009 2196,3009 2255,3010 2313,3010 2371,3010 2430,3010 2488,3010 2547,3010 2605,3009 2663,3009 2722,3008 2780,3008 2839,3007 2897,3006 2955,3005 3014,3003 3072,3002 3131,3000"/>
                <TextEquiv>
                    <Unicode>der Herzog ihn mitnehmen will auf sein Landgut. Er</Unicode>
                </TextEquiv>
            </TextLine>
            <TextLine id="r1l68" custom="readingOrder {index:67;}">
                <Coords points="140,3054 743,3063 743,3007 691,2992 587,3022 479,3003 140,3013"/>
                <Baseline points="160,3049 188,3049 216,3050 244,3050 272,3050 301,3050 329,3051 357,3051 385,3052 413,3052 442,3052 470,3052 498,3052 526,3052 554,3052 583,3052 611,3052 639,3051 667,3050 695,3049 724,3048"/>
                <TextEquiv>
                    <Unicode>Schuldige war freigesprochen,</Unicode>
                </TextEquiv>
            </TextLine>
            <TextLine id="r1l69" custom="readingOrder {index:68;}">
                <Coords points="754,3051 1896,3059 1936,3055 1937,3007 754,3006"/>
                <Baseline points="773,3048 830,3049 887,3050 944,3050 1001,3051 1059,3051 1116,3052 1173,3052 1230,3053 1287,3053 1345,3053 1402,3053 1459,3053 1516,3053 1573,3052 1631,3052 1688,3052 1745,3051 1802,3050 1859,3049 1917,3048"/>
                <TextEquiv>
                    <Unicode>Angriff auf unseren hartnäckigen Gegner Hearst sehen</Unicode>
                </TextEquiv>
            </TextLine>
            <TextLine id="r1l70" custom="readingOrder {index:69;}">
                <Coords points="1953,3052 3162,3065 3162,2987 1953,3011"/>
                <Baseline points="1972,3053 2030,3053 2089,3053 2147,3052 2206,3052 2264,3052 2323,3052 2381,3053 2440,3053 2498,3053 2557,3053 2615,3053 2674,3052 2732,3052 2791,3052 2849,3051 2908,3050 2966,3049 3025,3048 3083,3046 3142,3044"/>
                <TextEquiv>
                    <Unicode>läßt sich von dem Herzog erwischen, als er einer jungen</Unicode>
                </TextEquiv>
            </TextLine>
            <TextLine id="r1l71" custom="readingOrder {index:70;}">
                <Coords points="145,3099 744,3097 744,3063 614,3052 145,3058"/>
                <Baseline points="164,3092 192,3092 220,3091 248,3091 276,3091 304,3091 332,3092 360,3092 388,3093 416,3093 444,3094 472,3094 500,3095 528,3095 556,3095 584,3095 612,3094 640,3093 668,3092 696,3090 725,3088"/>
                <TextEquiv>
                    <Unicode>und ihrem Töchterchen eine</Unicode>
                </TextEquiv>
            </TextLine>
            <TextLine id="r1l72" custom="readingOrder {index:71;}">
                <Coords points="744,3104 922,3075 1945,3104 1945,3040 744,3049"/>
                <Baseline points="761,3090 819,3091 877,3091 935,3091 994,3092 1052,3092 1110,3093 1169,3094 1227,3094 1285,3095 1344,3095 1402,3096 1460,3096 1518,3096 1577,3096 1635,3096 1693,3095 1752,3094 1810,3093 1868,3091 1927,3090"/>
                <TextEquiv>
                    <Unicode>wollen“. Es ist lehrreich, wie man in Frankreich dieses</Unicode>
                </TextEquiv>
            </TextLine>
            <TextLine id="r1l73" custom="readingOrder {index:72;}">
                <Coords points="1956,3099 3083,3100 3157,3088 3157,3032 1955,3055"/>
                <Baseline points="1974,3096 2032,3096 2090,3097 2148,3097 2207,3098 2265,3098 2323,3098 2381,3098 2440,3097 2498,3097 2556,3096 2614,3096 2673,3095 2731,3094 2789,3093 2847,3092 2906,3091 2964,3090 3022,3088 3080,3087 3139,3086"/>
                <TextEquiv>
                    <Unicode>Frau den Hof macht. Der Herzog wird wütend und spannt</Unicode>
                </TextEquiv>
            </TextLine>
            <TextLine id="r1l74" custom="readingOrder {index:73;}">
                <Coords points="740,3136 1867,3151 1941,3140 1941,3088 740,3103"/>
                <Baseline points="760,3131 818,3132 876,3134 934,3135 992,3135 1050,3136 1108,3136 1166,3137 1224,3137 1282,3137 1341,3137 1399,3136 1457,3136 1515,3136 1573,3135 1631,3135 1689,3135 1747,3134 1805,3134 1863,3134 1922,3133"/>
                <TextEquiv>
                    <Unicode>Gemälde benutzt, um damit einen Gegner Frankreichs zum</Unicode>
                </TextEquiv>
            </TextLine>
            <TextLine id="r1l75" custom="readingOrder {index:74;}">
                <Coords points="150,3139 727,3149 749,3145 749,3086 485,3106 150,3098"/>
                <Baseline points="169,3136 197,3137 225,3137 253,3138 281,3138 309,3138 337,3138 365,3138 393,3137 421,3137 449,3137 477,3136 505,3136 533,3136 561,3135 589,3135 617,3135 645,3134 673,3134 701,3134 730,3134"/>
                <TextEquiv>
                    <Unicode>ichungen des Romans der</Unicode>
                </TextEquiv>
            </TextLine>
            <TextLine id="r1l76" custom="readingOrder {index:75;}">
                <Coords points="1954,3152 2988,3151 3122,3135 3159,3086 1954,3093"/>
                <Baseline points="1974,3134 2032,3136 2090,3137 2149,3138 2207,3139 2266,3139 2324,3139 2382,3139 2441,3139 2499,3138 2558,3138 2616,3137 2674,3137 2733,3136 2791,3135 2850,3135 2908,3134 2966,3133 3025,3133 3083,3132 3142,3131"/>
                <TextEquiv>
                    <Unicode>Tavernier die kleine Dame aus, aber nur, um sich an ihm</Unicode>
                </TextEquiv>
            </TextLine>
            <TextLine id="r1l77" custom="readingOrder {index:76;}">
                <Coords points="755,3178 1793,3198 1945,3187 1945,3116 755,3137"/>
                <Baseline points="775,3174 832,3175 890,3177 947,3178 1005,3179 1062,3180 1120,3180 1177,3180 1235,3181 1292,3181 1350,3181 1408,3181 1465,3181 1523,3180 1580,3180 1638,3180 1695,3179 1753,3179 1810,3178 1868,3177 1926,3177"/>
                <TextEquiv>
                    <Unicode>Scheusal zu stempeln. In Wirklichkeit liegt kein Anlaß in</Unicode>
                </TextEquiv>
            </TextLine>
            <TextLine id="r1l78" custom="readingOrder {index:77;}">
                <Coords points="137,3180 747,3187 747,3131 646,3153 613,3135 137,3147"/>
                <Baseline points="155,3178 183,3178 212,3179 241,3179 269,3179 298,3180 327,3180 355,3180 384,3180 413,3180 442,3180 470,3180 499,3180 528,3180 556,3180 585,3179 614,3179 642,3178 671,3178 700,3177 729,3176"/>
                <TextEquiv>
                    <Unicode>Augenblick, in dem sich die</Unicode>
                </TextEquiv>
            </TextLine>
            <TextLine id="r1l79" custom="readingOrder {index:78;}">
                <Coords points="2027,3181 3084,3185 3166,3169 3166,3129 2027,3140"/>
                <Baseline points="2047,3181 2104,3181 2162,3181 2220,3181 2278,3181 2336,3181 2394,3181 2451,3182 2509,3182 2567,3182 2625,3182 2683,3182 2741,3182 2798,3181 2856,3181 2914,3180 2972,3179 3030,3178 3088,3176 3146,3174"/>
                <TextEquiv>
                    <Unicode>rächen. Tavernier, ein echter Pariser Junge, rückt</Unicode>
                </TextEquiv>
            </TextLine>
            <TextLine id="r1l80" custom="readingOrder {index:79;}">
                <Coords points="1950,3195 1973,3194 1980,3187 1995,3194 2002,3186 2021,3189 2028,3182 2051,3185 2050,3155 2031,3155 2023,3148 2001,3149 1990,3138 1986,3138 1971,3154 1968,3150 1949,3151"/>
                <Baseline points="1970,3184 2001,3180 2032,3182"/>
                <TextEquiv>
                    <Unicode>zu</Unicode>
                </TextEquiv>
            </TextLine>
            <TextLine id="r1l81" custom="readingOrder {index:80;}">
                <Coords points="752,3227 1942,3233 1942,3188 1868,3177 752,3178"/>
                <Baseline points="769,3218 826,3219 884,3220 942,3220 1000,3221 1058,3221 1115,3222 1173,3222 1231,3222 1289,3223 1347,3223 1404,3223 1462,3223 1520,3223 1578,3223 1636,3222 1693,3222 1751,3222 1809,3222 1867,3221 1925,3221"/>
                <TextEquiv>
                    <Unicode>dem Stück vor, Hinchcliff mit Hearst gleichzusetzen. Man</Unicode>
                </TextEquiv>
            </TextLine>
            <TextLine id="r1l82" custom="readingOrder {index:81;}">
                <Coords points="166,3221 538,3221 553,3236 646,3221 743,3240 743,3188 713,3176 166,3188"/>
                <Baseline points="184,3219 211,3220 238,3221 265,3222 292,3222 319,3223 346,3223 373,3223 400,3223 427,3223 454,3223 481,3223 508,3222 535,3222 562,3222 589,3221 616,3221 643,3221 670,3221 697,3221 724,3221"/>
                <TextEquiv>
                    <Unicode>Glück der Tochter steht auf</Unicode>
                </TextEquiv>
            </TextLine>
            <TextLine id="r1l83" custom="readingOrder {index:82;}">
                <Coords points="1958,3232 3160,3221 3159,3172 3011,3162 1958,3183"/>
                <Baseline points="1978,3223 2036,3223 2094,3223 2152,3223 2210,3223 2268,3223 2326,3223 2385,3223 2443,3223 2501,3223 2559,3223 2617,3222 2675,3222 2733,3221 2792,3221 2850,3220 2908,3219 2966,3218 3024,3217 3082,3216 3141,3215"/>
                <TextEquiv>
                    <Unicode>schließlich aus dieser Gesellschaft ab, in der Richtung seiner</Unicode>
                </TextEquiv>
            </TextLine>
            <TextLine id="r1l84" custom="readingOrder {index:83;}">
                <Coords points="755,3271 1853,3283 1949,3276 1949,3216 755,3222"/>
                <Baseline points="774,3260 831,3261 889,3262 947,3263 1005,3264 1063,3265 1120,3266 1178,3266 1236,3267 1294,3267 1352,3267 1409,3267 1467,3267 1525,3267 1583,3266 1641,3266 1698,3265 1756,3264 1814,3263 1872,3262 1930,3261"/>
                <TextEquiv>
                    <Unicode>könnte in jedem großen europäischen und amerikanischen</Unicode>
                </TextEquiv>
            </TextLine>
            <TextLine id="r1l85" custom="readingOrder {index:84;}">
                <Coords points="1959,3273 2736,3286 3033,3244 3112,3273 3160,3221 1958,3232"/>
                <Baseline points="1976,3264 2034,3265 2092,3266 2150,3267 2209,3267 2267,3267 2325,3267 2384,3267 2442,3267 2500,3266 2559,3266 2617,3265 2675,3264 2733,3264 2792,3263 2850,3262 2908,3262 2967,3261 3025,3260 3083,3260 3142,3260"/>
                <TextEquiv>
                    <Unicode>kleinen Freundin, die irgendwo Verkäuferin ist und mit</Unicode>
                </TextEquiv>
            </TextLine>
            <TextLine id="r1l86" custom="readingOrder {index:85;}">
                <Coords points="153,3273 711,3278 733,3274 733,3237 152,3221"/>
                <Baseline points="170,3267 197,3268 224,3268 251,3268 279,3268 306,3268 333,3268 361,3267 388,3267 415,3267 443,3266 470,3266 497,3266 524,3266 552,3266 579,3266 606,3266 634,3266 661,3266 688,3266 716,3267"/>
                <TextEquiv>
                    <Unicode>etzung der Veröffentlichung</Unicode>
                </TextEquiv>
            </TextLine>
            <TextLine id="r1l87" custom="readingOrder {index:86;}">
                <Coords points="157,3318 186,3307 253,3326 313,3303 744,3318 744,3262 157,3274"/>
                <Baseline points="177,3310 204,3308 231,3307 259,3306 286,3306 313,3305 341,3305 368,3305 395,3305 423,3306 450,3306 477,3306 505,3307 532,3307 559,3307 587,3307 614,3307 641,3307 669,3307 696,3306 724,3305"/>
                <TextEquiv>
                    <Unicode>gegen die Glückseligkeit der</Unicode>
                </TextEquiv>
            </TextLine>
            <TextLine id="r1l88" custom="readingOrder {index:87;}">
                <Coords points="754,3314 1934,3312 1934,3268 755,3270"/>
                <Baseline points="773,3303 830,3304 887,3304 944,3305 1001,3305 1059,3306 1116,3306 1173,3307 1230,3307 1287,3308 1345,3308 1402,3308 1459,3308 1516,3309 1573,3309 1631,3309 1688,3309 1745,3309 1802,3308 1859,3308 1917,3308"/>
                <TextEquiv>
                    <Unicode>Lande heute ein Schock Boulevardblätter aufzählen, die</Unicode>
                </TextEquiv>
            </TextLine>
            <TextLine id="r1l89" custom="readingOrder {index:88;}">
                <Coords points="1944,3320 3153,3313 3152,3257 1943,3261"/>
                <Baseline points="1964,3308 2022,3308 2081,3308 2139,3309 2198,3309 2256,3309 2315,3309 2373,3309 2432,3309 2490,3309 2549,3309 2607,3309 2666,3309 2724,3309 2783,3309 2841,3308 2900,3307 2958,3307 3017,3306 3075,3304 3134,3303"/>
                <TextEquiv>
                    <Unicode>der er die Wochenende selig draußen verbringt. Natür¬</Unicode>
                </TextEquiv>
            </TextLine>
            <TextLine id="r1l90" custom="readingOrder {index:89;}">
                <Coords points="748,3350 1942,3365 1942,3321 1823,3294 748,3309"/>
                <Baseline points="765,3346 822,3346 880,3347 938,3348 996,3348 1054,3349 1112,3350 1170,3350 1228,3350 1286,3351 1344,3351 1401,3351 1459,3351 1517,3351 1575,3351 1633,3351 1691,3351 1749,3351 1807,3350 1865,3349 1923,3349"/>
                <TextEquiv>
                    <Unicode>unter dem Deckmantel der Sorge um die Moralität täglich</Unicode>
                </TextEquiv>
            </TextLine>
            <TextLine id="r1l91" custom="readingOrder {index:90;}">
                <Coords points="1954,3355 3126,3363 3148,3300 1954,3311"/>
                <Baseline points="1974,3350 2031,3351 2089,3352 2147,3353 2204,3353 2262,3353 2320,3353 2377,3353 2435,3353 2493,3353 2551,3352 2608,3352 2666,3351 2724,3351 2781,3350 2839,3349 2897,3348 2954,3347 3012,3347 3070,3346 3128,3345"/>
                <TextEquiv>
                    <Unicode>lich ist dieses Glatteis reich an den lächerlichsten Szenen,</Unicode>
                </TextEquiv>
            </TextLine>
            <TextLine id="r1l92" custom="readingOrder {index:91;}">
                <Coords points="153,3353 584,3367 752,3350 752,3302 153,3301"/>
                <Baseline points="172,3348 200,3348 228,3348 256,3348 284,3348 312,3348 340,3349 368,3349 396,3350 424,3350 453,3351 481,3351 509,3352 537,3352 565,3352 593,3352 621,3352 649,3352 677,3351 705,3350 734,3349"/>
                <TextEquiv>
                    <Unicode>des Töchterchens ziehen sich</Unicode>
                </TextEquiv>
            </TextLine>
            <TextLine id="r1l93" custom="readingOrder {index:92;}">
                <Coords points="160,3395 365,3413 450,3397 711,3403 752,3384 751,3351 703,3340 591,3363 506,3348 160,3354"/>
                <Baseline points="179,3394 206,3394 234,3394 261,3394 289,3394 317,3394 344,3393 372,3393 400,3393 427,3393 455,3393 483,3393 510,3392 538,3392 566,3392 593,3392 621,3392 649,3391 676,3391 704,3391 732,3390"/>
                <TextEquiv>
                    <Unicode>dem Selbstmord von Vater</Unicode>
                </TextEquiv>
            </TextLine>
            <TextLine id="r1l94" custom="readingOrder {index:93;}">
                <Coords points="1947,3403 3149,3385 2963,3345 1947,3348"/>
                <Baseline points="1967,3392 2025,3393 2083,3394 2141,3395 2200,3396 2258,3396 2316,3396 2374,3396 2433,3397 2491,3396 2549,3396 2607,3396 2666,3395 2724,3395 2782,3394 2840,3393 2899,3391 2957,3390 3015,3388 3073,3387 3132,3385"/>
                <TextEquiv>
                    <Unicode>in denen bald die Frauen hoffen, daß sie wieder Mode wer¬</Unicode>
                </TextEquiv>
            </TextLine>
            <TextLine id="r1l95" custom="readingOrder {index:94;}">
                <Coords points="740,3382 1934,3411 1935,3351 740,3345"/>
                <Baseline points="760,3389 817,3389 875,3389 933,3390 991,3391 1049,3391 1107,3392 1164,3393 1222,3393 1280,3394 1338,3395 1396,3395 1454,3396 1512,3396 1569,3396 1627,3396 1685,3396 1743,3395 1801,3394 1859,3393 1917,3392"/>
                <TextEquiv>
                    <Unicode>Schauerromane am laufenden Band in die Welt setzen,</Unicode>
                </TextEquiv>
            </TextLine>
            <TextLine id="r1l96" custom="readingOrder {index:95;}">
                <Coords points="749,3444 1790,3452 1943,3442 1943,3393 749,3396"/>
                <Baseline points="769,3435 826,3434 884,3434 942,3434 1000,3434 1058,3434 1115,3434 1173,3435 1231,3435 1289,3436 1347,3436 1404,3437 1462,3437 1520,3438 1578,3438 1636,3438 1693,3438 1751,3438 1809,3437 1867,3437 1925,3436"/>
                <TextEquiv>
                    <Unicode>ohne sich auch nur die geringsten Sorgen darum zu machen,</Unicode>
                </TextEquiv>
            </TextLine>
            <TextLine id="r1l97" custom="readingOrder {index:96;}">
                <Coords points="164,3445 331,3453 358,3434 410,3449 436,3431 458,3449 648,3450 741,3439 741,3390 164,3397"/>
                <Baseline points="181,3434 208,3434 235,3434 262,3435 289,3435 316,3436 343,3437 370,3437 397,3438 424,3439 452,3439 479,3439 506,3440 533,3439 560,3439 587,3438 614,3438 641,3437 668,3435 695,3433 723,3430"/>
                <TextEquiv>
                    <Unicode>Stunden ein herzzerreißen¬</Unicode>
                </TextEquiv>
            </TextLine>
            <TextLine id="r1l98" custom="readingOrder {index:97;}">
                <Coords points="1944,3431 2978,3460 3153,3436 3153,3392 1944,3402"/>
                <Baseline points="1964,3438 2022,3438 2081,3438 2139,3439 2198,3439 2257,3439 2315,3439 2374,3439 2432,3439 2491,3439 2550,3439 2608,3438 2667,3438 2725,3438 2784,3437 2843,3436 2901,3436 2960,3435 3018,3434 3077,3432 3136,3431"/>
                <TextEquiv>
                    <Unicode>den, und bald die männlichen Anbeter des Herzogs in</Unicode>
                </TextEquiv>
            </TextLine>
            <TextLine id="r1l99" custom="readingOrder {index:98;}">
                <Coords points="757,3484 1948,3487 1948,3431 757,3443"/>
                <Baseline points="774,3478 831,3477 889,3477 947,3477 1004,3478 1062,3478 1120,3478 1177,3479 1235,3480 1293,3480 1351,3481 1408,3481 1466,3481 1524,3482 1581,3482 1639,3482 1697,3481 1754,3480 1812,3479 1870,3478 1928,3476"/>
                <TextEquiv>
                    <Unicode>ob Unheil damit angestiftet wird oder nicht. Und gerade</Unicode>
                </TextEquiv>
            </TextLine>
            <TextLine id="r1l100" custom="readingOrder {index:99;}">
                <Coords points="1958,3501 2665,3498 2665,3450 2621,3442 1958,3442"/>
                <Baseline points="1977,3481 2010,3480 2044,3479 2077,3479 2111,3478 2144,3479 2178,3479 2211,3480 2245,3481 2278,3482 2312,3482 2345,3483 2379,3484 2412,3485 2446,3485 2479,3485 2513,3484 2546,3483 2580,3482 2613,3479 2647,3477"/>
                <TextEquiv>
                    <Unicode>schottische Duschen versetzt werden.</Unicode>
                </TextEquiv>
            </TextLine>
            <TextLine id="r1l101" custom="readingOrder {index:100;}">
                <Coords points="144,3489 739,3493 739,3438 717,3434 237,3449 144,3430"/>
                <Baseline points="164,3482 191,3481 219,3481 247,3480 275,3480 303,3480 331,3480 358,3481 386,3481 414,3481 442,3482 470,3482 498,3482 526,3483 553,3483 581,3482 609,3482 637,3481 665,3481 693,3479 721,3477"/>
                <TextEquiv>
                    <Unicode>egenüber der Tochter gespielt</Unicode>
                </TextEquiv>
            </TextLine>
            <TextLine id="r1l102" custom="readingOrder {index:101;}">
                <Coords points="158,3546 177,3546 188,3535 218,3546 237,3532 251,3547 266,3536 311,3540 318,3547 367,3544 367,3488 322,3495 300,3491 289,3480 270,3480 259,3491 244,3483 159,3483"/>
                <Baseline points="177,3521 205,3521 233,3521 262,3522 290,3522 318,3522 347,3521"/>
                <TextEquiv>
                    <Unicode>erstören.</Unicode>
                </TextEquiv>
            </TextLine>
            <TextLine id="r1l103" custom="readingOrder {index:102;}">
                <Coords points="760,3523 1947,3541 1947,3470 1887,3466 760,3482"/>
                <Baseline points="777,3521 834,3521 892,3521 949,3521 1007,3521 1064,3522 1122,3522 1179,3522 1237,3523 1294,3523 1352,3523 1410,3523 1467,3523 1525,3523 1582,3523 1640,3523 1697,3522 1755,3521 1812,3520 1870,3520 1928,3518"/>
                <TextEquiv>
                    <Unicode>in Paris müßte man besonders beschämt sein beim Anblick</Unicode>
                </TextEquiv>
            </TextLine>
            <TextLine id="r1l104" custom="readingOrder {index:103;}">
                <Coords points="2004,3548 3027,3563 3154,3544 3154,3499 2004,3500"/>
                <Baseline points="2023,3547 2078,3548 2134,3549 2189,3550 2245,3550 2301,3551 2356,3552 2412,3552 2467,3553 2523,3553 2579,3553 2634,3553 2690,3553 2745,3552 2801,3551 2857,3550 2912,3549 2968,3547 3023,3545 3079,3543 3135,3540"/>
                <TextEquiv>
                    <Unicode>Bourdet neigt etwas dazu, alle natürlichen Instinkte</Unicode>
                </TextEquiv>
            </TextLine>
            <TextLine id="r1l105" custom="readingOrder {index:104;}">
                <Coords points="745,3573 1813,3589 1950,3564 1950,3515 745,3532"/>
                <Baseline points="763,3562 821,3562 879,3562 938,3562 996,3562 1054,3562 1113,3562 1171,3563 1229,3563 1288,3563 1346,3563 1404,3563 1463,3564 1521,3564 1579,3564 1638,3564 1696,3564 1754,3564 1813,3563 1871,3563 1930,3563"/>
                <TextEquiv>
                    <Unicode>des Stückes, denn in zahlreichen Pariser Zeitungen ist die</Unicode>
                </TextEquiv>
            </TextLine>
            <TextLine id="r1l106" custom="readingOrder {index:105;}">
                <Coords points="1944,3603 2603,3618 2867,3576 3142,3608 3142,3560 3101,3549 1944,3543"/>
                <Baseline points="1963,3592 2021,3594 2079,3595 2137,3596 2195,3597 2253,3598 2311,3598 2369,3598 2427,3598 2485,3598 2543,3597 2601,3597 2659,3596 2717,3595 2775,3594 2833,3593 2891,3593 2949,3592 3007,3591 3065,3590 3123,3590"/>
                <TextEquiv>
                    <Unicode>einer eitlen Gesellschaft ins Lächerliche zu ziehen. Und</Unicode>
                </TextEquiv>
            </TextLine>
            <TextLine id="r1l107" custom="readingOrder {index:106;}">
                <Coords points="153,3602 458,3622 648,3601 715,3613 737,3609 737,3550 466,3541 284,3562 239,3539 153,3561"/>
                <Baseline points="173,3602 200,3602 227,3603 254,3603 281,3604 309,3605 336,3605 363,3606 390,3606 417,3607 445,3608 472,3608 499,3608 526,3608 553,3608 581,3608 608,3607 635,3606 662,3605 689,3604 717,3602"/>
                <TextEquiv>
                    <Unicode>entwickelt und löst, geht die</Unicode>
                </TextEquiv>
            </TextLine>
            <TextLine id="r1l108" custom="readingOrder {index:107;}">
                <Coords points="757,3614 1947,3617 1940,3561 757,3562"/>
                <Baseline points="774,3603 831,3603 889,3604 947,3605 1004,3605 1062,3606 1120,3606 1177,3607 1235,3607 1293,3607 1351,3608 1408,3608 1466,3608 1524,3608 1581,3608 1639,3608 1697,3607 1754,3607 1812,3606 1870,3606 1928,3605"/>
                <TextEquiv>
                    <Unicode>kritisierte Art der Journalistik sehr weit entwickelt, auch</Unicode>
                </TextEquiv>
            </TextLine>
            <TextLine id="r1l109" custom="readingOrder {index:108;}">
                <Coords points="1942,3647 3107,3648 3151,3633 3151,3577 1942,3602"/>
                <Baseline points="1961,3635 2019,3637 2078,3638 2136,3639 2195,3639 2254,3640 2312,3641 2371,3641 2429,3641 2488,3641 2547,3641 2605,3640 2664,3640 2722,3639 2781,3638 2840,3637 2898,3636 2957,3635 3015,3633 3074,3631 3133,3629"/>
                <TextEquiv>
                    <Unicode>Paris bietet ihm Stoff genug. Mit diesem Stück jedoch</Unicode>
                </TextEquiv>
            </TextLine>
            <TextLine id="r1l110" custom="readingOrder {index:109;}">
                <Coords points="142,3646 224,3664 295,3646 354,3672 384,3650 737,3654 737,3609 291,3616 258,3594 179,3605 142,3586"/>
                <Baseline points="159,3644 186,3645 214,3646 242,3647 270,3647 298,3648 326,3649 354,3649 382,3649 410,3650 438,3650 465,3650 493,3650 521,3650 549,3649 577,3649 605,3648 633,3647 661,3646 689,3645 717,3644"/>
                <TextEquiv>
                    <Unicode>ervöse Technik einer Redak¬</Unicode>
                </TextEquiv>
            </TextLine>
            <TextLine id="r1l111" custom="readingOrder {index:110;}">
                <Coords points="747,3658 1952,3677 1952,3607 747,3603"/>
                <Baseline points="765,3648 823,3649 881,3650 940,3650 998,3651 1057,3651 1115,3651 1174,3652 1232,3651 1291,3651 1349,3651 1407,3651 1466,3650 1524,3650 1583,3649 1641,3649 1700,3648 1758,3648 1817,3647 1875,3647 1934,3646"/>
                <TextEquiv>
                    <Unicode>auf politischem Gebiet, sehr zum Nachteil der Ruhe und</Unicode>
                </TextEquiv>
            </TextLine>
            <TextLine id="r1l112" custom="readingOrder {index:111;}">
                <Coords points="1954,3682 3156,3691 3156,3621 1954,3641"/>
                <Baseline points="1972,3678 2030,3679 2088,3679 2146,3680 2204,3680 2263,3681 2321,3681 2379,3681 2437,3682 2495,3682 2554,3682 2612,3682 2670,3681 2728,3681 2786,3680 2845,3679 2903,3678 2961,3677 3019,3675 3077,3673 3136,3671"/>
                <TextEquiv>
                    <Unicode>schießt er weit über das Ziel hinaus und man hat den Ein¬</Unicode>
                </TextEquiv>
            </TextLine>
            <TextLine id="r1l113" custom="readingOrder {index:112;}">
                <Coords points="744,3701 1942,3695 1942,3662 1838,3647 744,3660"/>
                <Baseline points="762,3690 820,3691 878,3691 936,3691 994,3692 1052,3692 1110,3692 1168,3692 1226,3693 1284,3693 1342,3693 1400,3693 1458,3692 1516,3692 1574,3692 1632,3692 1690,3691 1748,3691 1806,3690 1864,3689 1922,3688"/>
                <TextEquiv>
                    <Unicode>der ausgleichenden Gerechtigkeit in unserem alten Erdteil.</Unicode>
                </TextEquiv>
            </TextLine>
            <TextLine id="r1l114" custom="readingOrder {index:113;}">
                <Coords points="138,3694 208,3687 283,3709 357,3683 372,3698 643,3706 740,3687 740,3646 138,3646"/>
                <Baseline points="155,3689 183,3690 211,3691 239,3692 268,3693 296,3693 324,3694 353,3695 381,3695 409,3695 438,3696 466,3696 494,3696 522,3695 551,3695 579,3694 607,3694 636,3692 664,3692 692,3690 721,3688"/>
                <TextEquiv>
                    <Unicode>n und den zweifelhaften</Unicode>
                </TextEquiv>
            </TextLine>
            <TextLine id="r1l115" custom="readingOrder {index:114;}">
                <Coords points="1959,3726 2978,3734 3149,3722 3149,3658 1959,3681"/>
                <Baseline points="1978,3721 2035,3722 2093,3723 2150,3724 2208,3724 2265,3724 2323,3725 2380,3725 2438,3724 2495,3724 2553,3724 2611,3723 2668,3722 2726,3722 2783,3721 2841,3720 2898,3719 2956,3718 3013,3717 3071,3716 3129,3715"/>
                <TextEquiv>
                    <Unicode>druck, daß das Publikum weniger die vollendete Technik</Unicode>
                </TextEquiv>
            </TextLine>
            <TextLine id="r1l116" custom="readingOrder {index:115;}">
                <Coords points="143,3746 597,3745 627,3719 742,3749 742,3685 143,3686"/>
                <Baseline points="161,3731 189,3732 217,3732 245,3733 273,3734 302,3734 330,3735 358,3736 386,3736 414,3736 443,3736 471,3736 499,3736 527,3736 555,3735 584,3735 612,3734 640,3733 668,3732 696,3730 725,3728"/>
                <TextEquiv>
                    <Unicode>ernen Reportage über die</Unicode>
                </TextEquiv>
            </TextLine>
            <TextLine id="r1l117" custom="readingOrder {index:116;}">
                <Coords points="805,3738 1909,3744 1950,3691 805,3700"/>
                <Baseline points="825,3733 880,3733 935,3734 991,3734 1046,3734 1102,3735 1157,3735 1212,3735 1268,3735 1323,3735 1379,3735 1434,3735 1489,3735 1545,3735 1600,3735 1656,3734 1711,3734 1766,3733 1822,3732 1877,3732 1933,3731"/>
                <TextEquiv>
                    <Unicode>In der Comédie Francaise ist zu Beginn der</Unicode>
                </TextEquiv>
            </TextLine>
            <TextLine id="r1l118" custom="readingOrder {index:117;}">
                <Coords points="1953,3770 3151,3764 3117,3719 1953,3703"/>
                <Baseline points="1970,3764 2028,3764 2086,3765 2144,3765 2202,3766 2261,3766 2319,3767 2377,3767 2435,3767 2493,3767 2552,3767 2610,3766 2668,3766 2726,3765 2784,3765 2843,3764 2901,3763 2959,3761 3017,3760 3075,3759 3134,3757"/>
                <TextEquiv>
                    <Unicode>des Dialogs bewundert als die Absonderheit des Stoffs</Unicode>
                </TextEquiv>
            </TextLine>
            <TextLine id="r1l119" custom="readingOrder {index:118;}">
                <Coords points="144,3782 739,3782 739,3722 143,3730"/>
                <Baseline points="164,3776 191,3776 219,3776 247,3777 275,3777 303,3777 330,3777 358,3777 386,3777 414,3777 442,3777 469,3777 497,3777 525,3776 553,3776 581,3775 608,3775 636,3774 664,3773 692,3772 720,3770"/>
                <TextEquiv>
                    <Unicode>einem verabschiedeten Geist¬</Unicode>
                </TextEquiv>
            </TextLine>
            <TextLine id="r1l120" custom="readingOrder {index:119;}">
                <Coords points="756,3789 1950,3783 1950,3730 1865,3719 756,3722"/>
                <Baseline points="774,3775 831,3776 889,3776 947,3777 1005,3778 1063,3778 1120,3779 1178,3779 1236,3780 1294,3780 1352,3780 1409,3780 1467,3779 1525,3779 1583,3778 1641,3778 1698,3776 1756,3776 1814,3774 1872,3773 1930,3771"/>
                <TextEquiv>
                    <Unicode>Saison ein neues Stück von Charles Dullin auf¬</Unicode>
                </TextEquiv>
            </TextLine>
            <TextLine id="r1l121" custom="readingOrder {index:120;}">
                <Coords points="1954,3814 3022,3818 3152,3809 3152,3761 1954,3766"/>
                <Baseline points="1972,3808 2030,3808 2088,3809 2146,3809 2204,3810 2262,3810 2320,3810 2378,3809 2436,3809 2494,3809 2552,3808 2610,3808 2668,3807 2726,3806 2784,3806 2842,3805 2900,3804 2958,3803 3016,3802 3074,3802 3132,3801"/>
                <TextEquiv>
                    <Unicode>beklatscht. So ist denn auch die Kritik des Stückes in Paris</Unicode>
                </TextEquiv>
            </TextLine>
            <TextLine id="r1l122" custom="readingOrder {index:121;}">
                <Coords points="143,3831 270,3834 307,3816 337,3838 366,3819 422,3834 474,3815 552,3841 578,3822 716,3829 746,3818 746,3770 496,3785 143,3772"/>
                <Baseline points="163,3817 191,3818 219,3818 247,3818 275,3819 304,3819 332,3819 360,3820 388,3820 416,3820 445,3821 473,3821 501,3821 529,3820 557,3820 586,3819 614,3819 642,3817 670,3816 698,3815 727,3813"/>
                <TextEquiv>
                    <Unicode>uenden gefühllosen Frau be¬</Unicode>
                </TextEquiv>
            </TextLine>
            <TextLine id="r1l123" custom="readingOrder {index:122;}">
                <Coords points="756,3834 1947,3831 1947,3771 756,3782"/>
                <Baseline points="774,3822 831,3821 889,3821 946,3821 1004,3821 1062,3821 1119,3822 1177,3822 1235,3822 1292,3822 1350,3823 1408,3823 1465,3823 1523,3822 1581,3822 1638,3822 1696,3821 1754,3820 1811,3819 1869,3817 1927,3815"/>
                <TextEquiv>
                    <Unicode>geführt, das sich Age de fer, eisernes Zeitalter nennt</Unicode>
                </TextEquiv>
            </TextLine>
            <TextLine id="r1l124" custom="readingOrder {index:123;}">
                <Coords points="1949,3847 3151,3860 3150,3797 1949,3809"/>
                <Baseline points="1966,3853 2024,3853 2082,3852 2140,3852 2198,3852 2257,3851 2315,3851 2373,3851 2431,3851 2489,3850 2548,3850 2606,3850 2664,3849 2722,3849 2780,3848 2839,3848 2897,3847 2955,3846 3013,3845 3071,3844 3130,3843"/>
                <TextEquiv>
                    <Unicode>sehr kopfschüttelnd bei aller Anerkennung der Talente des</Unicode>
                </TextEquiv>
            </TextLine>
            <TextLine id="r1l125" custom="readingOrder {index:124;}">
                <Coords points="154,3869 422,3858 474,3873 560,3850 601,3877 753,3858 753,3810 567,3821 549,3806 325,3832 307,3813 154,3806"/>
                <Baseline points="171,3858 199,3858 227,3859 255,3859 283,3860 311,3860 339,3861 367,3861 395,3862 423,3862 452,3862 480,3862 508,3862 536,3862 564,3862 592,3862 620,3861 648,3860 676,3859 704,3857 733,3856"/>
                <TextEquiv>
                    <Unicode>des Stückes sind hervor¬</Unicode>
                </TextEquiv>
            </TextLine>
            <TextLine id="r1l126" custom="readingOrder {index:125;}">
                <Coords points="751,3873 1941,3873 1941,3806 751,3817"/>
                <Baseline points="768,3862 825,3862 883,3862 940,3862 998,3863 1056,3863 1113,3863 1171,3864 1229,3864 1286,3864 1344,3864 1402,3865 1459,3865 1517,3865 1575,3864 1632,3864 1690,3864 1748,3863 1805,3862 1863,3861 1921,3859"/>
                <TextEquiv>
                    <Unicode>und die Idee dramatisieren soll, daß die Maschine die Seele</Unicode>
                </TextEquiv>
            </TextLine>
            <TextLine id="r1l127" custom="readingOrder {index:126;}">
                <Coords points="1940,3904 2959,3908 3156,3888 3156,3847 1939,3851"/>
                <Baseline points="1960,3892 2018,3893 2077,3894 2136,3895 2195,3895 2254,3895 2312,3895 2371,3895 2430,3895 2489,3894 2548,3894 2606,3893 2665,3892 2724,3891 2783,3891 2842,3890 2900,3889 2959,3888 3018,3888 3077,3887 3136,3886"/>
                <TextEquiv>
                    <Unicode>Verfassers und des fabelhaften Ensembles. Tavernier ist</Unicode>
                </TextEquiv>
            </TextLine>
            <TextLine id="r1l128" custom="readingOrder {index:127;}">
                <Coords points="141,3913 732,3912 743,3863 140,3868"/>
                <Baseline points="161,3902 189,3902 217,3902 245,3902 273,3902 301,3902 329,3902 357,3902 385,3902 413,3902 442,3902 470,3901 498,3901 526,3901 554,3901 582,3901 610,3901 638,3901 666,3901 694,3901 723,3901"/>
                <TextEquiv>
                    <Unicode>er Jacques Varennes, Ran¬</Unicode>
                </TextEquiv>
            </TextLine>
            <TextLine id="r1l129" custom="readingOrder {index:128;}">
                <Coords points="752,3913 1938,3917 1938,3861 752,3872"/>
                <Baseline points="770,3905 827,3905 885,3905 942,3905 1000,3906 1057,3906 1115,3907 1172,3907 1230,3908 1287,3908 1345,3908 1403,3909 1460,3909 1518,3909 1575,3908 1633,3908 1690,3907 1748,3906 1805,3905 1863,3903 1921,3901"/>
                <TextEquiv>
                    <Unicode>tötet. Dieses Thema, das sicherlich das Rohmaterial für</Unicode>
                </TextEquiv>
            </TextLine>
            <TextLine id="r1l130" custom="readingOrder {index:129;}">
                <Coords points="1940,3933 3116,3947 3149,3887 1940,3903"/>
                <Baseline points="1960,3936 2018,3937 2077,3938 2135,3938 2194,3939 2253,3939 2311,3939 2370,3939 2428,3939 2487,3938 2546,3938 2604,3937 2663,3937 2721,3936 2780,3935 2839,3934 2897,3933 2956,3932 3014,3931 3073,3930 3132,3930"/>
                <TextEquiv>
                    <Unicode> einer der berühmtesten französischen Schauspieler, Victor</Unicode>
                </TextEquiv>
            </TextLine>
            <TextLine id="r1l131" custom="readingOrder {index:130;}">
                <Coords points="153,3954 365,3947 410,3966 451,3940 473,3958 745,3959 745,3903 153,3910"/>
                <Baseline points="172,3945 199,3946 227,3946 255,3946 282,3946 310,3946 338,3947 365,3947 393,3947 421,3947 449,3948 476,3948 504,3948 532,3948 559,3948 587,3947 615,3947 642,3947 670,3946 698,3945 726,3944"/>
                <TextEquiv>
                    <Unicode>i Rollan) und der Expastor</Unicode>
                </TextEquiv>
            </TextLine>
            <TextLine id="r1l132" custom="readingOrder {index:131;}">
                <Coords points="749,3961 1846,3967 1950,3945 1950,3904 749,3905"/>
                <Baseline points="768,3950 826,3950 884,3949 942,3949 1000,3949 1058,3949 1116,3949 1174,3950 1232,3950 1290,3951 1349,3951 1407,3951 1465,3951 1523,3951 1581,3951 1639,3951 1697,3950 1755,3949 1813,3948 1871,3946 1930,3944"/>
                <TextEquiv>
                    <Unicode>ein großes soziales Drama bilden könnte, ist hier mit den</Unicode>
                </TextEquiv>
            </TextLine>
            <TextLine id="r1l133" custom="readingOrder {index:132;}">
                <Coords points="145,4002 3147,3994 3158,3912 145,3942"/>
                <Baseline points="163,3985 311,3988 460,3991 609,3993 758,3994 906,3995 1055,3995 1204,3995 1353,3994 1501,3993 1650,3992 1799,3990 1948,3988 2096,3986 2245,3984 2394,3982 2543,3980 2691,3978 2840,3976 2989,3974 3138,3973"/>
                <TextEquiv>
                    <Unicode>ferner Luela Carmody, die kleinsten Mitteln und einer mittelmäßigen Phantasie be= Boucher und die köstliche Zaza Margarethe Deval. Schlie.</Unicode>
                </TextEquiv>
            </TextLine>
            <TextEquiv>
                <Unicode>box 19/2
11. Reigen
arbeitet worden. Das Stück zeigt einen Großstädter, der
den Großstadtkrach nicht mehr aushalten kann, sich in seine
ländliche Heimat flüchtet, dort aber einen entstehenden
Kurort mit allem Tamtam wiederfindet. Trotz der Dekla¬
mationen philosophischer Art und des Könnens der Künst¬
ler ist dieses Stück kaum eines Spielplanes eines
großen staatlichen Theaters würdig. Im Theatre de Paris
spielt das Paar Verneuil und die Popescu, zwei Künstler
mit großem Talent einen Vaudeville der von Frauen¬
raubszenen aus Chikago oder der Mandschurei beeinflußt
ist. Das Stück stammt von dem Hauptdarsteller, Verneuil
selbst und ist für Elvira Popescu geschrieben. Der Schau¬
spieler Verneuil ist in diesem Fall dem Bühnenschriftsteller
Verneuil überlegen und die Rumänin Popescu ist eine
charmante und temperamentvolle Künstlerin.
Unter den Autoren, die ihre Werke zu Beginn der
Saison auf der Bühne in Paris sehen, macht wieder
Bourdet am meisten von sich reden. Bourdet hat mit
Recht sich mit seinem Stück „das schwache Geschlecht“ den
Ruf eines der besten Bühnenschriftsteller in Frankreich er¬
worben. Wenn das Stück auch in Deutschland wenig Er¬
folg gehabt hat, so ändert das nichts daran, das es als
eines der besten Stücke der zeitgenössischen franzö¬
sischen Lustspiele angesehen werden muß, das in der
französischen Fassung von einem ganz erstklassigen En¬
semble gespielt, die Kritik überragt. Bourdet hat nun
im Theatre de la Michaudière ein neues Stück auf die
(Die besten
Bühne gebracht „La fleur des pois“.
— bedeutet soviel wie die „Anormalen“). Wie der
Erbsen“
Titel des Stücks andeutet, ist der Aufbau der Handlung
sehr kompliziert. Der Duc d'Anche ist eine große Person
in der Pariser Gesellschaft, aber er verschenkt seine Sympa¬
thien an Männer. Da aber die große Gesellschaft tonan¬
gebend ist, kommen an die Pforten dieser Gesellschaft Leute,
die „lanciert“ werden wollen, bürgerliche Damen mit Geld
aus der Provinz, und auch Albert Tavernier, Autokon¬
strukteur, der seinen Wagen mit Schwerölmotor zunächst
bei Personen mit klingendem Namen verkaufen will. Das
Tor zu der Gesellschaft ist Zaza, eine verarmte Adelige
mit Beziehungen, die sich gegen Provision erbietet, solche
Bürgerliche in die Gesellchaft einzuführen. Tavernier
stellt ihr die Geldmittel zur Verfügung, damit sie Empfänge
gibt, wo man sich kennen lernt. Aber das klappt nicht, denn
Tavernier wird zunächst nicht beachtet, er langweilt sich.
Da erscheint im rechten Augenblick der Herzog d'Anche. Er
sieht Tavernier und findet Gefallen an ihm; Tavernier ist
Reporterin (Lucienne Lemarchand) und Frau Townsend
letzten Entwicklung der
(Germaine Dermoz).
Ein Zeitungskönig in
lanciert und mit einem Male ist er der Schiedsrichter der
Die französische Kritik verhält sich gegenüber diesem
der „Evening Gazette“ sin¬
Gesellschaft, die ihm, dem mächtig gewordenen Günstling
Stück kühl. Man liest in der Theaterkritik eines großen
des diktatorisch bestimmenden Herzogs, den Hof macht.
tion, eine alte Skandal¬
in deren Verlauf eine Frau
Finanzblattes die Bemerkung: „Das Stück ist ein Gemälde
Tavernier wird jedoch die Sache bedenklich, besonders, als
von amerikanischen Pressesitten und man hat darin einen
Gatten tötete. Längst war
der Herzog ihn mitnehmen will auf sein Landgut. Er
Schuldige war freigesprochen,
Angriff auf unseren hartnäckigen Gegner Hearst sehen
läßt sich von dem Herzog erwischen, als er einer jungen
und ihrem Töchterchen eine
wollen“. Es ist lehrreich, wie man in Frankreich dieses
Frau den Hof macht. Der Herzog wird wütend und spannt
Gemälde benutzt, um damit einen Gegner Frankreichs zum
ichungen des Romans der
Tavernier die kleine Dame aus, aber nur, um sich an ihm
Scheusal zu stempeln. In Wirklichkeit liegt kein Anlaß in
Augenblick, in dem sich die
rächen. Tavernier, ein echter Pariser Junge, rückt
zu
dem Stück vor, Hinchcliff mit Hearst gleichzusetzen. Man
Glück der Tochter steht auf
schließlich aus dieser Gesellschaft ab, in der Richtung seiner
könnte in jedem großen europäischen und amerikanischen
kleinen Freundin, die irgendwo Verkäuferin ist und mit
etzung der Veröffentlichung
gegen die Glückseligkeit der
Lande heute ein Schock Boulevardblätter aufzählen, die
der er die Wochenende selig draußen verbringt. Natür¬
unter dem Deckmantel der Sorge um die Moralität täglich
lich ist dieses Glatteis reich an den lächerlichsten Szenen,
des Töchterchens ziehen sich
dem Selbstmord von Vater
in denen bald die Frauen hoffen, daß sie wieder Mode wer¬
Schauerromane am laufenden Band in die Welt setzen,
ohne sich auch nur die geringsten Sorgen darum zu machen,
Stunden ein herzzerreißen¬
den, und bald die männlichen Anbeter des Herzogs in
ob Unheil damit angestiftet wird oder nicht. Und gerade
schottische Duschen versetzt werden.
egenüber der Tochter gespielt
erstören.
in Paris müßte man besonders beschämt sein beim Anblick
Bourdet neigt etwas dazu, alle natürlichen Instinkte
des Stückes, denn in zahlreichen Pariser Zeitungen ist die
einer eitlen Gesellschaft ins Lächerliche zu ziehen. Und
entwickelt und löst, geht die
kritisierte Art der Journalistik sehr weit entwickelt, auch
Paris bietet ihm Stoff genug. Mit diesem Stück jedoch
ervöse Technik einer Redak¬
auf politischem Gebiet, sehr zum Nachteil der Ruhe und
schießt er weit über das Ziel hinaus und man hat den Ein¬
der ausgleichenden Gerechtigkeit in unserem alten Erdteil.
n und den zweifelhaften
druck, daß das Publikum weniger die vollendete Technik
ernen Reportage über die
In der Comédie Francaise ist zu Beginn der
des Dialogs bewundert als die Absonderheit des Stoffs
einem verabschiedeten Geist¬
Saison ein neues Stück von Charles Dullin auf¬
beklatscht. So ist denn auch die Kritik des Stückes in Paris
uenden gefühllosen Frau be¬
geführt, das sich Age de fer, eisernes Zeitalter nennt
sehr kopfschüttelnd bei aller Anerkennung der Talente des
des Stückes sind hervor¬
und die Idee dramatisieren soll, daß die Maschine die Seele
Verfassers und des fabelhaften Ensembles. Tavernier ist
er Jacques Varennes, Ran¬
tötet. Dieses Thema, das sicherlich das Rohmaterial für
 einer der berühmtesten französischen Schauspieler, Victor
i Rollan) und der Expastor
ein großes soziales Drama bilden könnte, ist hier mit den
ferner Luela Carmody, die kleinsten Mitteln und einer mittelmäßigen Phantasie be= Boucher und die köstliche Zaza Margarethe Deval. Schlie.</Unicode>
            </TextEquiv>
        </TextRegion>
    </Page>
</PcGts>
