3484 4384
968 333 1432 420 box 19/2
273 340 830 446 11. Reigen
795 661 1377 800 & LA RONDE „
731 782 1409 896 au Theätre de I’Avenue
772 874 1360 957 (Suite de la première page)
731 982 1428 1041 De ces dix dialogues, ou nous
708 1033 1434 1077 oyons tour à tour, eing hommes
697 1070 1439 1130 st eing femmes, se rencontrer,
698 1116 1429 1174 s’approcher, s’unir daps une bréve
708 1170 1435 1213 treinte, faut-il retenir une idée
701 1209 1436 1270 générale, un sens Philosophique?.
772 1245 1436 1313 mesure qu’on monte dans
686 1294 1435 1347 l’échelle sociale, les, rencontres
692 1334 1437 1397 amoureuses se compliquent: on
694 1375 1436 1432 voit le simple désir de la fille et
687 1409 1435 1479 du soldat se mélangerchez les au¬
689 1460 1433 1510 tres personnages de vanité, de ja¬
689 1504 1437 1563 lousie, de duplicité, de méfiance,
690 1546 1447 1600 de lächeté I... Mais au bout du
706 1598 1444 1658 compte, tout aboutit au méme.
699 1633 1439 1689 point: l’étreinte, le piaisir bref,
703 1685 1436 1740 la jouissance physique. Une fois
689 1729 1431 1774 leur désir assouvi, le jeune hom¬
693 1777 1439 1822 me, la femme du monde, l’actrice,
696 1811 1436 1867 le comte, se séparent tout comme
695 1850 1435 1914 la fille et le soldat, et s’éloignent,
696 1902 1436 1961 aussi étrangers l'un à J’autre
691 1937 1436 1991 qu'avant leur rencontre.,, Ils ont
692 1982 1440 2057 peut-étre poursuivi un réve, aspiré
708 2023 1446 2082 au bonheur, mais le résultat est
709 2057 1439 2133 que, quelles que soient les diffé¬
696 2111 1451 2168 rences sociales, tous les hommes.
703 2165 1437 2206 et toutes les femmes se ressem¬
693 2200 1444 2257 blent, les uns muffes, égoistes,
707 2243 1449 2318 goujats, les autres perfides ei
697 2288 1441 2352 jöuant une comédie.. Cette vision
1360 2330 1461 2390 de
701 2323 1365 2382 pessimiste et désenchantée
707 2374 1459 2432 Thumanité date bien de l’époque
701 2423 979 2479 naturaliste.
748 2444 1458 2513 Cette suite de sketches pourrait
712 2512 1456 2566 étre affreusement triste, et consti¬
704 2542 1449 2604 tuer comme une sorte de danse
702 2585 1451 2644 macabre de l'’amour, si Schnitzler,
703 2635 1445 2707 et également l’interprétation des
699 2682 852 2755 A u S
1425 669 2927 747 Pitoéff, n'avaient poussé cerlains accent, son regard tres intérieur, une)
2170 691 2938 773 impossibilité mattrielle de s’adapter
1445 720 2174 778 de ces brefs tableaux vers le comi¬
2174 750 2931 798 sur Theure à plusieurs incarnations,
1431 767 2178 826 que et l’humour. Le dialogue de
2169 777 2926 846 à donner l’impression de la diver¬
1439 809 2171 864 Tauteur est souvent spirituel, et
2176 816 2925 881 sité des types de femmes, conçues
1429 846 2160 912 ses observations froniques et jus¬
2179 855 2929 910 par T’auteur différentes pour ren¬
1427 886 2171 949 tes. La monotonie qui pourrait, à
2190 896 2917 946 forcer précisement sa thèse de ia
2180 936 2929 990 parité de foutes. Ceci a un peu gèné.
1433 938 2177 1006 la longue, se dégager de Cette suc¬
2183 974 2921 1019 sinon la ligne, du moins la com¬
1440 990 2182 1032 cession de couples, dans des situa¬
1442 995 2934 1073 tions identiques, est palliée par préhension des buts de T’ouvrage. Je
1447 1075 2935 1119 Fingenieuse misc en scène de M.ine vols pas, d’ailleurs, darlistes fem¬
2176 1082 2940 1138 me, à Theure présente, qui edt pu
1441 1108 2143 1162 Piloöff. Chaque tableau a 8
2165 1110 2935 1184 etre à ce peint multiple et faire
1450 1158 2940 1214 saveur particulière; s’il fallait 1beaucoup mienx dans la réalisation
1442 1198 2925 1253 faire un choix, je crois bien que (d'unteleffort. II edt fallu une Réjane.
2469 1242 2926 1295 soit, cette création des
1445 1236 2439 1297 je préférerais celui de la femme Quol qulit er
2500 1277 2927 1330 es feminins de La
1452 1281 2359 1338 du monde et du jeune homm vic-leing pei
2494 1314 2927 1369 a parmi les plus in¬
1458 1314 2377 1383 time diune défaillance passagere,Ronde 6o
2469 1349 2936 1405 Mmne Pittoéff, sensible
1453 1360 2407 1421 el ceux tres ironiques, qui mettent#éressantes
2185 1395 2932 1446 et fremissante avec cette gamme
1443 1424 2927 1481 aux prises l’homme de lettres va-gexpressions qut sont un des char¬
1445 1461 2726 1515 niteux, d’abord avec une midt-Imes et l’atout de son jeu.
1452 1507 2086 1559 nette, puis avec une actrice.
2232 1497 2937 1555 M. Georges Pitoeff se contente, en
1475 1542 2931 1605 La psychologie des personnagesltant que comédien, de la composi¬
1453 1576 2924 1654 parait assez simpliste, assez brève. tion du comte, personnage ampoulé
2183 1616 2921 1668 et automatique, qulil monta en hur
1456 1636 2183 1697 mais elle pourrait étre à prolon¬
2180 1653 2922 1709 lesque avec un sens de l'humour et
1457 1675 2184 1743 gements, et avec un peu de bonne
2187 1687 2925 1748 un respect de cette ironie, très vien¬
1450 1720 2188 1793 volonté, on y verrait un raccourei
2183 1727 2942 1799 noise, qui luj valurent un vif sue¬
1446 1767 2188 1824 de la comédie humaine, au bord
2188 1767 2965 1862 eer. Raymond Dagand silhouette
2211 1811 2253 1858 71
1444 1821 2188 1869 d’un lit. Bien qu'il soit infiniment
2184 1836 2942 1912 dans une note très réaliste un petit
1451 1855 2182 1915 plus facile d’écrire une suite de
2727 1879 2930 1939 mentaires
2646 1883 2730 1929 616
1457 1888 2536 1954 scènes dialoguées que de compo- marin épris des
2187 1920 2456 1970 sans s’alourd
1455 1938 2189 1999 ser une véritable pièce, La Ronde
2231 1958 2410 2008 M. Louis
1448 1983 2358 2046 n’en est pas moins une cuvre de excellen
1455 2027 2344 2082 valeur, de qualité; telle qu’elle est rapides
1447 2066 2339 2129 présentée au Théätre de l’Avenue, homme
1459 2109 2305 2177 elle constitue un speciace plein teux
1448 2152 2300 2213 d’intérêt, et qui vaut la peine d’étre comt
2196 2190 2281 2235 qui
1464 2202 2191 2258 vu. On pourra ; constater en
2189 2225 2286 2274 Feri
1453 2246 2180 2302 méme temps qu'à bien des égards,
2194 2266 2288 2315 quer
1456 2289 2117 2362 Schnitzler fut un précurseur.
2187 2304 2274 2357 falt
1835 2331 2165 2404 Erienne Rur.
2168 2342 2263 2408 P6
2526 2360 2671 2424 aux, lei
2469 2417 2710 2462 ont très réus
2194 2415 2268 2474 613
1588 2422 2076 2493 L’interprétation
2183 2448 2847 2493 Kà l'ingénlosité de lettre de feu
2852 2451 2938 2500 an¬
2190 2489 2933 2543 monçant un hôtel pour marquer le
2194 2533 2936 2575 passage au dit, des héros, et à une
1487 2517 2199 2587 Chez M. Georges Pitoéff la présen¬
1460 2558 2954 2632 lation d'un ouvrage égale en impor-mise en scène n’excluant pas le tres
1459 2599 2496 2662 tance le texte, le submerge mème,actuel yo-yo.
1450 2651 2227 2707 pourrait-on dire. Lattrait visuel doit:
2669 2620 2972 2733 Annont
1460 2688 2213 2730 dominer, à la réplique de faire le
1456 2728 2201 2787 reste. Indiscutablement, la création
1454 2768 2196 2812 d’une pièce par ses soins est tou¬
1450 2809 2201 2857 jours un événement. II apporte dans
1458 2842 2198 2889 le décor, dans le jeu des éclairages
1445 2879 2203 2934 une originalité constamment renou¬
1449 2911 2200 2969 velée. II est un maltre de la couleur
1460 2957 2210 3001 du trait qui frappe. Rien de ce qu'il
1460 2985 2204 3055 Lente ne saurait, par conséquent nous
1449 3044 2211 3080 laisser indifférent. C’est beaucoup.
1455 3065 2204 3119 Cependant si réussi, si ingénieux
1463 3103 2213 3156 ju ait été chacun des tableaux qu'il
1454 3144 2213 3199 nous a donnés de la pièce de Schni¬
1461 3182 2216 3234 zler, utilisant le cubisme assagi et
1450 3215 2216 3285 ane synthése toute shakespearienne
1452 3257 2205 3316 parfois, pour indiquer un change¬
1454 3289 2212 3351 ment d’endroit, je n'ai pu m’empé¬
1463 3337 2222 3386 sher de noter quelque lassitude du
1453 3379 2215 3422 fait de cette originalité méme. C’est
1459 3408 2217 3467 là un art qui nous a séduits, nous
1447 3453 2217 3501 a amusés par sa violence, son carac¬
1450 3490 2212 3540 lère d’importation. Ces décors comme
1447 3517 2210 3579 des jouets modernes en agrandisse¬
1447 3552 2213 3618 ment de ces guignols pour enfants,
1451 3609 2215 3657 zes lumieres vives, ces acteurs qui,
1463 3647 2210 3699 la-dedans, vont et viennent en au¬
1464 3675 2213 3736 lomates, tout cela crée une atmos¬
1459 3717 2208 3761 phère d’artificiel, voulue évidem¬
1460 3758 2222 3805 ment, mais par trop atmosphèreipour
1466 3792 2214 3838 drogués. Oui, cet art que nous avons
1457 3840 2210 3877 accueilli avec une curiosité- sympa¬
1459 3863 2216 3923 ihique, on s’aperçoit brusquement
1464 3904 2211 3950 qu'll a vieilli. Peut-étre ne saurait¬
1468 3936 2215 3999 il convenir longtemps à notre na¬
1461 3980 2213 4029 ture latine. La France reste, de par
1453 4014 2206 4069 son climat, de par son ciel mème,
1452 4047 2206 4108 un pays de goüt, de mesure. On y
1455 4092 2217 4148 sent aussi obscurément qu’il est
1461 4131 2209 4171 Theure de se désintoxiquer. Tout ce
1463 4179 2212 4230 qui sera baroque elinquant, impro¬
1456 4205 2216 4262 visé, ne plaira plus que T’espace d'un
1460 4250 2206 4291 malin, Rassurons-nous quant à M.
1454 4279 2205 4325 pittoöff. II a trop de ressources pout
