3484 4384
993 280 1426 370 box 19/2
282 274 826 385 11. Reigen
821 990 1255 1069 HVEN
531 1055 1205 1119 I. österr. behördl. konzessioniertes
504 1107 1239 1175 Unternehmen für Zeitungs-Ausschnitte
555 1160 1169 1239 WIEN, I., WOLLZEILE 11
624 1225 1103 1286 TELEPHON R-23-0-43
438 1356 815 1434 Ausschnitt aus:
690 1502 1186 1594 De-euerr enmmmknnumnenmmmunn
671 1600 1301 1699 Hmrrede hPeKunr einaum
433 1620 669 1700 Srtrait de:
794 1678 1265 1764 NEUILLV-AI-SEINE
425 1737 633 1797 dresse
790 1773 1307 1879 7 OCTOBRE 1932
427 1822 572 1899 Date:
431 1917 1307 1996 Sgnature: mmeessseeeesseessssssrseusseussersReSunRSeSeeSesamesseseeeuesSeen
424 2011 850 2090 Exposition: ##
484 2084 1341 2124 WDP
621 2114 1165 2179 CRITIOUE THEATRALE
546 2166 1250 2218 „ La Ronde v, d’Arthur Schnitzler,
637 2200 1155 2268 au Théätye de I’Avenue
756 2256 954 2336 0-0—
510 2307 1317 2380 „ La Ronde n fut écrite il y a juste
454 2329 1317 2418 50 ans. On In dirait d’hier, malgré und
462 2409 1318 2464 einpreinte marquée de Tecole naturaliste,
442 2437 1325 2509 Feiecelleins details comne celui des bot¬
457 2492 1324 2571 tines à boutons ne nous rappelaient subi¬
456 2525 1078 2595 leinent sa date de naissance.
483 2576 1317 2643 Une pierreuse se donne au malelot. Le
456 2608 1314 2688 matelot séduit la bonne. Celle-ci déniaise
446 2671 1315 2734 le jenne étudiant, L’étuchant conquiert la
444 2713 1323 2777 feinme du monde, qui se soumet à son
447 2761 1317 2817 mari. Le marl passe une soirée avec la
448 2793 1322 2873 petite ouvrière, laquelle vient chez l’au¬
452 2849 1314 2912 teur à succes. Tanteur devient l'amant de
447 2897 1319 2955 Tnetrice en vogue qui accheille à son tour
440 2926 1320 3003 un officier. Enfin ect officier se réveille
440 2974 1306 3041 un matin chez la fille que nous avons vue
441 3028 1305 3078 an debut. Le cerele est parcouru, la vie
435 3065 659 3120 continue.
474 3108 1306 3185 On songe (T’auteur çlait médecin) qu'un
441 3154 1312 3230 microbe pathogene u dien pu suivre tont
445 3192 1306 3257 le circuil, mais e’est l’amour, Tamour¬
440 3244 1226 3302 desir que ce elinieien à voulu traiter.
469 3299 1308 3360 MI. Pitoëff a ajusté ces dix tableaux
429 3321 1305 3389 avee un art remlarquable; i tient Jul¬
426 3378 1292 3448 ineiie ie röle de Tolficier avec beaucoup
429 3413 1309 3487 d'hmmour. Ame Piloeff incarne les ciln
431 3461 1297 3543 teinmes urec une sehslbilite, un esprit,
439 3521 1297 3580 une souplesse hors poir. AIM. Dagand.
430 3555 1295 3626 Salon et Geno-Ferny jodent avec disance
428 3586 1314 3685 e# naturel celte piece Feune apre ironie
842 3651 1302 3747 Albert Pa
2335 1529 2621 1639 —
1892 1621 2585 1677 I. osterr. behördl. konzessioniertes
1852 1666 2610 1718 Unternehmen für Zeitungs-Ausschnitte
1909 1711 2527 1798 WIEN, I., WOLLZEILE 11
1989 1779 2461 1837 TELEPHON R-23-0-43
1789 1907 2167 1984 Ausschnitt aus:
1964 2089 2285 2180 N· OK DERIT —
2305 2089 2629 2202 RRATIS
1756 2174 2574 2284 Extrau u.  1918
2094 2239 2510 2329 BüGKELLES
1763 2311 1939 2384 Adrease
2031 2346 2541 2462 1 OCTOBRE 1932
1751 2382 1914 2475 Date
1758 2513 2027 2574 Sgnature—
1763 2610 2014 2677 Kepanden
1803 2629 2686 2710 * Les Pitoeff viennent de erttr,F Paris, au Théätre
1776 2687 2684 2762 de I'Avenue, une pièce d'Arthen Schnitzier, La
1784 2746 2690 2803 Ronde, suite de scènes dialoguées, de petits
1782 2778 2711 2852 tableaux, nayant entre eux qusun lien d’ordre tregs
1774 2820 2666 2902 général, basé sur le thème de Tamour physique
1779 2882 2702 2954 X Dans la collection des ouvrages se rappertant 5
1800 2919 2693 2989 la Troisieme République“ (de 1870 à nos jours),
1779 2963 2681 3022 collection dirigée par André Billy, paraitra prochal¬
1776 3004 2692 3065 nement un volume sur le Théätre v, par Antoine.
