3436 4320
275 159 826 252 11. Reigen
989 160 1428 242 box 19/2
1367 333 2043 416 —
1303 365 1729 418 — K.
998 363 1775 464 Adresse  noeent,
1265 416 1648 474 WIA FAINEE
1632 416 1996 488 E ue ERRAAAsaSRsseeesae
2024 427 2109 498 16
1389 458 1676 507 abenu
1502 490 1780 551 (Siessel
1939 486 2148 560 JAMVII
993 503 1134 562 Date:
1376 512 1907 599 e eee e e dnganen grtee
1995 545 2411 633 (74 mm. de largeur)
1178 829 1499 934 LE
1628 828 2405 942 FEARL
1626 905 1883 967 —
1031 955 1191 1071 4
1218 994 2249 1079 La Ronde. — La Dame aux Camélias
926 1094 1753 1157 On rencontrait dans les couloirs des
1790 1101 2653 1156 gement de pression. Si cela continue le
881 1128 1755 1200 gens pris en faute dont le regar' vous di¬
1780 1145 2657 1203 chroniqueur sera obligé de se munir pour
885 1186 1753 1241 sait:  Ne me trahissez pas; ne confiez
1786 1189 2661 1236 aller au théätre de bouteilles d’oxygène.
888 1231 1763 1288 à personne que vous m’avez vu ici.
1792 1235 2647 1282 En bonne logique, nous eussions dü des¬
886 1269 1752 1322 Seuls quelques jeunes gens — à qui les
1780 1271 2662 1323 cendre de la Dame aux Camélias à la
884 1320 1753 1371 affiches avaient soigneusement recom¬
1783 1321 2665 1380 Ronde. Pas scülement pour des raisons
873 1354 1758 1402 mandé de s'’abstenir — feignaient des airs
1784 1360 2649 1423 médicales, mais aussi bien pour de sé¬
874 1396 1760 1455 entendus et approbatifs. Pourtant, des
1792 1404 2661 1460 rieux motifs d’ordre litttéraire. Car le ro¬
875 1433 1755 1504 étages supérieurs du théätre, par deux
1783 1448 2660 1491 mantisme d’Alexandre Dumas fils appe¬
874 1486 1761 1538 fois, des coups de sifflet péremptoires
1781 1485 2653 1537 lait le pseudo-réalisme de M. Arthur
882 1532 1755 1592 avaient traduit la désapprobation de la
1785 1533 2665 1594 Schnitzler. Le premier avait poussé si
871 1571 1745 1629 majeure partie des spectateurs. Puis,
1775 1581 2654 1624 loin ses excès dans le domaine du e grand
872 1619 1748 1664 l’entr’acte fini, la salle et la scène replon¬
1787 1632 2660 1672 sentiment: que la réaction devait étre
880 1666 1753 1716 gées dans cette demi-obscurité glauque
1784 1664 2660 1726 terrible. Type achevé de la fausseté par
868 1707 1750 1763 qui convient aux cuvres louches, M.
1790 1713 2660 1768 en haut: la Dame aux Camélias; perfec¬
872 1748 1747 1807 Schnitzler reprenait sa monotone série
1778 1756 2659 1812 tion de la fausseté dans le bas: la Ronde.
878 1793 1749 1853 de bonnes fortunes et nous conviait en¬
1789 1794 2664 1848 Rencontre par les extrémes. Parädore
871 1832 1748 1876 core à assister à s la ronde de l’éternel
1772 1836 2666 1892 pour les besoins de la cause, direz-vous!
883 1878 1756 1937 désir 2. Cette ronde n'a d’ailleurs rien
1781 1885 2658 1934 Pas tant que cela. II est aussi fächeux de
872 1924 1757 1974 d’éternel, si longs et laborieux en soient
1781 1925 2658 1980 faire l’ange que de faire la béte; de nous
872 1969 1756 2012 les méandres. Sortie il y a quelque vingt
1773 1972 2651 2015 montrer la fille privée d’áme que la cour¬
881 2012 1760 2069 ans du cerveau d’un médecin qui se dé¬
1780 2002 2658 2068 tisane parée des plus hautes vertus. Sur
875 2049 1745 2098 couvrait avec ravissement des dons vex¬
1765 2060 2657 2106 le fond, il mersemble que nous pouvons
870 2093 1754 2142 tra-médicaux s pour la littérature, elle eüt
1777 2101 2650 2144 nous entendre. Quant à la forme, je con¬
878 2132 1757 2201 dü dormir des longtemps de son dernier
1773 2143 2653 2189 cède de tout cceur qu’il y a de sérieuses
871 2185 1744 2228 sommeil. L’époque qui la vit naitre se
1769 2194 2645 2240 différences. D’abord, du point de vue de
880 2219 1747 2281 plaisait aux énormités, au pseudo-réalis¬
1782 2226 2659 2291 l’art, le drame de Dumas fils est fort bien
878 2267 1748 2322 me entaché d’un symbolisme primaire,
1778 2262 2652 2329 fait; celui de M. Schnitzler n’existe pas.
877 2310 1754 2372 aux exagérations frénétiques. Toute une
1779 2314 2646 2381 Ensuite, chez Dumas, tous les personna¬
868 2353 1751 2418 littérature — aujourd'hui oubliée; la
1776 2363 2649 2411 ges ont des sentiments humains, des as¬
865 2386 1751 2445 guerre n'ayant pas seulement détruit des
1781 2407 2646 2462 pirations, un idéal, IIs tempèrent par leur
871 2447 1741 2499 vies humaines — s’efforçait à dépasser
1772 2451 2657 2490 respect humain, leur décence ce que leurs
878 2486 1751 2543 les limites de la décence et du goüt, sous
1766 2484 2643 2539 passions ont d’absolu, d’ostentatoire;
868 2532 1746 2578 prétexte de sonder l’arrière-fond de l’äme
1767 2525 2647 2576 chez M. Schnitzler, ils n’ont mème pas de
881 2569 1747 2622 humaine. Ces temps qu’on croyait révo¬
1770 2582 2649 2631 passions, le seul désir les mène et ne les
878 2618 1750 2665 lus et qui furent un cauchemar avant le
1769 2628 2652 2677 mene pas loin, Enfin, Dumas fait place
862 2662 1738 2712 grand cauchemar, T’exhumation d’un ca¬
1769 2666 2643 2721 à l’espoir, à la rédemption; M. Schnitz¬
860 2700 1738 2751 davre décomposé les a ressuscités un
1776 2707 2647 2781 ler ignore jusqu'au sens de cen deux
864 2731 1741 2799 instant devant nous. Et cette opération de
1768 2748 1911 2802 mots.
870 2788 1736 2834 nédecine légale, c’est une compagnie dite
1807 2776 2645 2849 Mais le mensonge regne tout de méme
863 2829 1737 2889 d’avant-garde qui s’y est abaissée. Si
1769 2816 2636 2898 chez l’un comme chez l’autre. Et (conclu¬
858 2876 1740 2924 grandes et certaines que soient les er¬
1766 2880 2644 2938 sion rassurante) puisque Dumas a fait
871 2912 1737 2963 reurs de Georges Pitoëff, au cours d’une
1765 2926 2637 2972 réagir ses contemporains et ses succes¬
872 2961 1738 3016 carrière particulièrement mouvementée,
1762 2957 2639 3025 seurs, M. Schnitzler fera de méme, a fait
865 2999 1737 3050 il nous avalt accoutumé à plus de génie
1770 3011 2639 3056 de méme devrais-je dire. Car, depuis
865 3037 1738 3105 dans le choix et à plus d’invention dans
1771 3053 2643 3112 vingt ans que la Ronde a commencé sa
866 3088 1746 3147 le jeu. On lui en veut dautant plus d’a¬
1774 3092 2625 3151 triste danse, le théätre a fait plus de che¬
863 3130 1736 3186 voir trompé le public, qui l'a suivi cette
1764 3145 2642 3194 min que dans les quelque cent ans qui
862 3173 1735 3229 année encore sur la foi d’une réputation
1767 3184 2647 3242 séparent La Dame dux Camélias de Lo
868 3221 1744 3265 que son activité d’antan lui avait méritée.
1762 3224 2636 3271 Ronde. M. Schnitzler nous paraft plus
875 3261 1738 3324 Ayant débuté chez nous, Pitoëff est im¬
1770 3273 2622 3317 vieux et plus #tocard- qu'Alexandre Du¬
876 3311 1738 3354 pardonnable de n’avoir pas prévu qu'un
1762 3309 2656 3361 mas parce qu’il y a pas mal de siècles
879 3353 1730 3404 ouvrage comme Ta Ronde se heurterait
1770 3353 2635 3418 que nous marchone sur nos pattes #e
879 3381 1732 3442 ici à la plus vive réaction et clest se mo¬
1761 3396 2629 3457 derrière et ne progressons plug en ram¬
872 3444 1741 3496 quer que de choisir pour nous la présenter
1758 3436 2205 3509 pant sur le ventro!
874 3485 1734 3538 précisément l’ceuvre la plus propre à
2200 3467 2620 3567 Gaston BRIDEL,
869 3519 1180 3574 nous déplaire.
1759 3556 2638 3628 —
898 3563 1732 3616 La Ronde devait nous déplaire et nous
867 3607 1743 3666 a déplu pour plusieurs raisons. D’abord
874 3655 1730 3703 parce que c’est un ouvrage d’une rare
1753 3649 2631 3736 LES SUISSES A LETRANGER
871 3697 1747 3749 bassesse d’inspiration et d’un mauvais
875 3732 1737 3795 goüt achevé. Ensuite parce que l’audition
864 3777 1741 3837 en est d’un ennui souverain. Pour une di¬
864 3828 1738 3875 zaine de répliques heureuses ou se re¬
1800 3806 2597 3904 Une Société suisse à Avignon
874 3867 1726 3912 trouvent la verve et l’intelligence d’un au¬
869 3915 1739 3972 teur qui s’est une fois lourdement trompé
1802 3884 2619 3983 Le Secrélariat des Suisses d Létranger
1757 3944 2044 4010 nous écrit:
877 3954 1735 4014 mais s’est amplement racheté depuis, il
872 4001 1724 4055 faut subir trois heures durant des petites
1796 3992 2617 4070 g La Cité des Papes est loin d’éveiller
868 4047 1735 4085 scènes bäties à la diable, mal écrites, mal
1745 4060 2624 4107 en nous l’idée de colonie suisse. Et pour¬
865 4091 1725 4136 pensées et qui ne sont que la laborieuse
1755 4104 2615 4149 tant, nous avons bel et bien des compa¬
866 4130 1730 4177 répétition les unes des autres. En outre,
1749 4134 2604 4186 triotes à Avionon. IIs viennent mème
