3436 4384
277 259 873 354 11. Reigen
971 246 1408 339 box 1972
1679 315 2025 387 N• DE DERIT—
1956 379 2348 501 GANDIDE
1479 437 1709 504 Kasrafl &:
1830 489 2457 588 18. Rue du S-Gothard-XIV¬
1482 540 1703 607 Achresse:
1479 631 1660 705 Date
1856 605 2397 731 6 OCTOBRE 1932
1484 715 1967 796 Sionafur
1489 820 1822 898 Krposition
1538 820 3265 1010 LES PIECES NOUVELLES
1984 1007 2085 1094 O
1623 1102 3193 1182 Au théätre de l’Avenue: LA RONDE, par Arthur SCHNITZLER
1578 1159 3244 1226 Une pièce tout n fait extraordinaire, j’sente — 0 prodiges de l’art dramatique —
1526 1200 3263 1260 Mesdames et Messieurs. Une de ces pièces-]une prostituée. Elle rencontre un matelot
1523 1252 2398 1295 phares qui jalonnent la route ténébreuse de
2404 1251 3255 1298 àqui elle fait des offres de service. Le ma¬
1518 1298 2403 1332 Thumanité. Le Viennois Arthur Schnitz¬
2408 1293 3272 1346 telot est tenté et il est d’humeur aimable.
2407 1324 2777 1374 1l dispuraissent.
1528 1324 2387 1371 ler, qui la perpétra devers l’an 1890, n’est
2775 1338 3277 1382 En temps. Ils revien¬
1528 1366 2396 1420 pas seulement un grand poête, et le poôie
2402 1375 3277 1423 nent. Le matelot assonvi est grossier et
1522 1403 2386 1443 de lamour; cest aussi un profond psycho¬
2403 1405 3211 1451 pressé de rentrer à la caserne. Rideau.
1532 1439 2403 1490 logue et un penseur qui plonge dans les
2444 1435 3276 1498 Au second tableau, le méme matelot fait
1524 1480 2397 1528 vérités éternelles. Grand créateur, poste
2402 1482 3268 1545 danser dans une guinguette Mme Pitoeff
1527 1517 2393 1569 de l’äme, etc.., Plus il allait, plus sa pensée
2409 1516 3262 1574 qui représente maintenant une bonne inno¬
1531 1552 2395 1607 devenait profonde: elle s’est arrêtée en
2410 1560 3263 1611 cente. Le matelot lui fait la cour, la presse,
1519 1594 2392 1647 1931, quand il est mort à l’äge de soixante¬
2402 1594 3287 1643 la séduit, l’emmène. Ils disparaissent. Un.
1516 1629 2402 1683 neuf ans. II est. à l’égal de Gerhart Haupt¬
2402 1636 3274 1690 temps. Ils reviennent. Le matelot assouvi
1527 1671 2395 1727 mann, et bien au-dessus de tous les Suder¬
2397 1679 3268 1730 est grossier et pressé d’aller danser avec
1526 1706 2399 1763 man, le plus grand auteur dramatique de
2401 1711 2965 1769 une autre femme. Rideau.
1519 1754 2129 1812 1’Allemagne contemporaine.
2439 1756 3261 1811 Au troisième tableau, Mmne Pitoeff re¬
1558 1775 2396 1845 Also sprach, alnsi parlait la voix des
2402 1778 3267 1860 présente toujours la bonne et c’est le par¬
1528 1841 2393 1881 gazettes. Quant à La Ronde, que nous al¬
2405 1841 3270 1890 tenaire mäle qui change. O’est malntenant
1526 1875 2397 1927 lions voir chez M. Pitoeff, c’est une de ces
2399 1871 3270 1931 le fils des patrons de la bonne. Il a envie
1527 1918 2388 1973 pièces frénétiques et fulminantes qui ne
2403 1918 3278 1961 d’elle, iI lui fait la cour, la presse, la sé¬
1520 1951 2386 1993 peuvent pas étre comprises par leur
2399 1955 3272 1991 duit, l’emmène, Ils disparaissent. Un
1527 1978 2395 2047 époque, IIy a la-dedans trop de génie et
2400 1990 3275 2064 temnps. IIs reviennent. Le jeune homme
1519 2028 2398 2075 aussi trop d’audace. Aussi bien, à Berlin,
2400 2031 3260 2086 assouvi est grossier et pressé d’aller au
1519 2070 2388 2114 eile fut interdite par la censure. Quand on
2406 2067 3208 2119 café voisin pour se rafraichir. Rideau.
1516 2101 2393 2161 la représenta dans Vienne libérée au len¬
2433 2116 3201 2178 On commence à se demander si ce
1523 2132 2385 2200 demain de la révolution de 1918, elle y
2404 2158 3260 2206 va durer toute la soirée, et si M. Pitoeff
1515 2168 2398 2233 suscita d’horribles scandales. La pensée
2397 2207 3259 2252 nous a dérangé pour nous révéler une vé¬
1523 2224 2398 2267 conductrice est telleinent tragique d force
2401 2237 3260 2287 rité si surprenante. Le quatrième tableau
1517 2265 2394 2313 d’étre poignante que personne n’y comprit
2399 2271 3257 2331 apporte une très légère varlante. Le jeune
1514 2291 2393 2352 rien. Schnitzler se vengea des philistins,
2392 2309 3263 2367 honune sédult de nouveau Mmne Pitoeff,
1530 2339 2383 2393 i detendit qu'on jouat sa piece en Au¬
2391 2351 3262 2392 mais qui figure maintenant une femme
1514 2370 2385 2421 triche et en Allemagne. Chez nous, notré
2395 2394 3255 2435 mariée et honnéte. Après l’éclipse et le
1514 2410 2378 2465 cher et vénéré patriarche, M. Antoine, eut
2403 2424 3265 2484 temps obligatoires, il veut bien rester rela¬
1515 2456 2387 2496 envie de la jouer, mais y renonça à cause
2395 2471 3263 2507 tivement poli. Mais quand sa conquéte
1520 2490 2391 2548 d’une difficulté matérielle: de quelle facon
2399 2506 3266 2555 est partie, sa première pensée est: enfin!
1516 2526 2382 2576 concevoir et réaliser cet éternel féminin
2389 2542 3045 2606 Jai séduit une femme mariée.
1515 2571 2394 2622 unique et polymorphe? M. Pitoeff avait
2424 2571 3258 2641 Au cinquième tableau, ca recommence.
1516 2608 2382 2653 enfin trouvé la formule magique. II inau¬
2392 2622 3256 2687 La méme femme mariée est en froid avec
1529 2644 2374 2695 gurait la saison an théätre de I’Avenue en
2401 2672 3270 2720 son mari qui s’efforce de la reconquérir.
1522 2681 2386 2732 iouant Ja Ronde, et l’on allalt voir ce que
2392 2705 3254 2752 Elle est encore chaude de la rencontre pré¬
1527 2712 1861 2780 Ton allait volr.
2387 2747 3266 2784 cédente, et pourtant elle cède à son mari.
2392 2781 3263 2823 Après quoi celui-ci, fatigué, va se cou¬
2386 2814 3254 2868 cher en bäillant et en soufflant la chan¬
1555 2810 1990 2883 Volci ce qu'on a vu.
2394 2857 3256 2918 delle, II est posslble que la réallté présente
1555 2854 2374 2939 Au premier tableau, Mme Pitoeff repré¬
2385 2892 3262 2955 des scènes pareilles. II n’en est pas moins
2389 2935 3260 2994 vrai qu’étalées en public elles sont pé¬
2384 2964 3259 3030 nibles. Nous ne sommes plus assez naif
1521 3000 2359 3068 e Aa .    u uu unn
2386 3013 3254 3063 pour éprouver de ces fausses nudaces les
2386 3051 3250 3098 horribles scandales qul ont espouvanté les
2387 3090 3249 3144 Viennois. Mais enfin, il faut bien répéter
2382 3117 3278 3185 pour la millionlème fols depuis les ori-
2389 3169 3264 3223 gines de l’espéce que si T’art dolt étre vrai,
2394 3210 3265 3265 toute vérité n’est pas de l’art. Et puis, ne
2394 3252 3250 3295 pouvoir supporter ces gracieuses évoca¬
2385 3284 3247 3330 tions en public, cen’est pas affaire de théo¬
2393 3323 3251 3386 rie, c’est affaire de nerfs, de goült peut¬
2396 3359 2514 3418 étre.
2425 3447 3249 3505 Au tableau suivant, car sans doute com¬
2387 3489 3243 3549 mencez-vous à avoir saisi le mécanisme,
2391 3531 3247 3578 on verra le mari tromper sa femme avec
2382 3574 3248 3638 une midinette; puis la midinette se laisser
2376 3617 3249 3678 aller aux bras d’un auteur dramatique;
2393 3654 3246 3705 puis l'anteur dramatique en bonne fortune
2389 3690 3253 3748 avec une actrice; puis T’actrice en galante
2385 3729 3257 3774 compagnie d’un officier hongrois arlsto¬
2390 3761 3246 3824 crate; puis, enfin, un solr d’ivresse, le
2389 3801 3253 3848 Hongrois aristocrate se retrouve avec la
2383 3847 3245 3903 fille qui ouvrit à la première scène la
2386 3879 3252 3921 ronde avec le matelot. Car telle est la
2383 3922 3247 3975 grande pensée d’Arthur Schnitzler, La
2387 3957 3240 4009 Ronde qui, comme dit un vers majestuenx
2379 3996 2968 4054 de notre Joachim du Bellay.
2387 4035 3243 4115 Montre que tout retourne à son commence¬
3089 4080 3253 4134 Iment.
2411 4114 3234 4184 La vérité n’est pas neuve. Evidemment,
2390 4167 3245 4223 il fallait penser à l’appliquer aux choses
2375 4216 3241 4259 de T'amour, en ce qu'elles ont de moins
