3484 4320
523 301 552 323 *
1205 386 1264 497 *
414 1166 1250 1279 „OBSERVER
509 1263 1189 1326 I. österr. behördl. konzessioniertes
470 1323 1230 1370 Unternehmen für Zeitungs-Ausschnitte
542 1361 1161 1437 WIEN, I., WOLLZEILE 11
614 1432 1089 1488 TELEPHON R-23-0-43
421 1560 795 1634 Ausschnitt aus:
436 1788 577 1860 vom:
723 2292 1125 2358 LES THEATRES
506 2395 1378 2469 Ni le nom de comédie, ni ccin, de vandeville
466 2441 1378 2502 ne conviennent exactement a la nouvelle piece de
463 2489 1370 2539 MaI. Georges Berr et Louis Verneuil au théätre
453 2528 1370 2572 des Variétés: Aurn. II fandrait trouver pour ce
458 2567 1379 2623 geure d’onvrages une étiquette nonvelle, par
463 2610 1375 2660 exemple le g vandeville de sentiments s, indiquant
463 2635 1366 2690 que les péripéties et les rebondissements de
462 2673 1370 2732 Taction — et ils abondent — procèdent senlement
456 2725 1367 2784 des reactions psychologiques des persönnnges.
452 2759 1376 2808 Mais, à l’origine de ces réactions rigoureusement
449 2797 1370 2859 enchainces et deduites, il y a un postulat invrai¬
451 2850 1371 2893 semblable, qui nous retient jusqu'au bout dans
451 2875 1378 2926 le domaine de Tartifice. Philippe, quadragenaire
461 2927 1369 2966 seduisant et millionnaire, qui est depuns vingt ans
451 2963 1368 3010 Tinseparable amt du menage Carbonnel, se croft
459 3001 1366 3056 le père de la jenne Simone Carbonnel, ägée de
453 3042 1367 3081 dix-huit ans. Pour assurer son avchir sans com¬
459 3083 1370 3118 promettre la mère ni desunir le fover, il trouve
448 3116 1370 3169 un mogen: epoliser Simone. Ce sera, bien entencil,
451 3152 1374 3200 iin marlage blane, que le divorce rompra aussitot.
459 3202 1375 3246 II suflira quil ait été conelu sous le régime de in
455 3235 1371 3289 commimanté. Mais, austheatre, les maringes blance
455 3275 1366 3320 sont tonjours périlleux, et voila le couple étrange
455 3318 1365 3360 entraine sur une pente fächensement equivoqlie
459 3352 1371 3405 si, des Tabord, nous ne pressentions un denoue¬
446 3390 1366 3438 mnent qlli, en attestant T’irrétutable filiation de in
452 3419 1374 3483 jenne Simone avee ceini dont elle porte ie nom.
460 3466 1374 3530 sanvera la morale. P’t consiste à retardler 1e plus
459 3511 1366 3560 longtemps possible cc denonement, ei les anteurs
450 3552 1361 3600 P sont experts. IIs amusent et forcent le rirc,
451 3588 1369 3636 servis à merveille par une troupe dont MM. André
459 3625 1376 3682 Brulé, Arnaudy. Berthier. M“ Marcelle Praince
463 3665 538 3713 01
574 3668 1364 3729 charmante recrue — Al: Solange Moret
460 3702 906 3767 sont les protagonistes.
489 3760 1370 3825 Ce nest pas davanlage dans l’observation exache
450 3813 1366 3854 de la vie que nous transporte, à l'Athénée,
459 3858 1363 3907 Al. Félix Gandéra avee Foukt. Le thème qu'il
453 3892 1366 3936 developpe est un des poncifs que le théatre a le
457 3935 1362 3991 plus sonvent exploités: P’opposition bouffonne de
463 3969 926 4030 Ia province et de Paris.
2049 443 2160 491 —
1363 473 1455 556 2
2109 697 2278 760 S
1400 1305 2221 1362 à droite, le croiseur portugais Pasco-de-Gama.
1452 1392 2329 1458 Mais a qui faire accroire qu'il existe encore
1402 1446 2334 1501 une bourgeoisie provinciale aussi rétrograde que
1408 1494 2335 1534 celle ou l’on nous introduit? Tous ces fossiles
1407 1534 2328 1580 du repertoire, le vienx notaire, le colonel, T’oie
1411 1564 2327 1616 blanche sentimentale, sont scandalisés de la
1401 1609 2342 1661 conduite que mene à Paris le jenne Jenn, qui
1405 1646 2337 1700 profite de son séjour à la Faculté de drost pour
1410 1688 2344 1730 mener Jovelse vie avec une certaine Yonki, entre¬
1409 1731 2335 1772 tenue par ailleurs par un Japonais somptuenx. Lo
1408 1766 2342 1812 notaire, tuteur du jeune homme, est delegue dans
1407 1806 2337 1848 la capitale pour mettre hon ordre à ces déregle¬
1413 1848 2326 1901 ments. Mais ce fabellion a un ecur d’or et il se
1398 1879 2332 1935 Inisse toucher par la gentillesse de Yonki. Comme
1405 1922 2337 1964 ilest, en memne temnps, fort riche, il Tournira en
1397 1972 2329 2017 secret au couple si sympathique les subsides dont
1395 1996 2337 2037 il a besein pour se passer tout a fait de Tassistance
1405 2039 2328 2083 ein Japonais. La piéce semble avoir été éerite
1410 2080 2318 2123 pour mettre en valeur la fantaisie sémillante de
1395 2119 2332 2159 N•• Parisgs. Elle a aussi procuré un large succes
1408 2157 2319 2205 a M. Ammistapace, qui prête an notaire la môme
1408 2193 2330 2245 bonhomie mériclionale qu'au docteur de Prencz
1400 2235 2330 2281 garde d ln peinture. Aees Elisa Puget, Emmy
1404 2278 2324 2311 Guittès, Lhéritier, Christiane D’Or. MM. Paul
1396 2316 2338 2371 Bernard et Palau completent une bonne distribu¬
1406 2353 1521 2404 tion.
1436 2415 2320 2478 Za Ronde est une des premières pieces d'Arthur
1399 2466 2325 2506 Schnitzler, le grand dramaturge aufrichien mort
1389 2503 2334 2559 Pannée dernière dans toute sa gloire, presque
1402 2546 2326 2598 septuagénaire. Elle date de l’époque on forissait
1398 2586 2330 2638 le théätre lihre. Son andace fit scandale à Vienne
1396 2635 2325 2672 et à Berlin en raison du réalisme de certaines
1401 2663 2321 2709 scencs. En la présentant à Paris, dans la tradue¬
1397 2706 2324 2741 tion française de M“ Suzanne Clauser et de
1392 2740 2326 2796 MM. Rémon et Bauer, M. Georges Pitoell a su,
1395 2783 2324 2822 par Lingéniosité d’une pittoresque mise en scene,
1399 2819 2322 2873 esquiver cc qu'elle ponvait avoir de scabrenx.
1395 2866 2325 2913 C’est une suite de dix tableaux, on plutôt de
1397 2901 2326 2954 dix rencontres amoureises. En des personnages
1393 2940 2315 2994 de chaque tableau se retrouve an tableau suivant,
1393 2979 2315 3016 cequi assure la continnité de Taction. Nous nous
1390 3018 2326 3050 élevons pen à peu dans l’échelle sociale. Des
1396 3054 2321 3094 amours d’une fille, nous passons à celles d’nne
1396 3098 2314 3144 semme de chambre, puis d’une petite bourgeoise,
1396 3134 2328 3192 puis d’une midinette, puis d’une actrice célehre.
1399 3173 2325 3226 Ala fin, la bouele se referme, cur nous retronvons
1389 3217 2321 3261 le comte, amant de Tactrice, dans la mansarde
1395 3253 2322 3297 de la fille. Sehnitaler parait avoir vonlu démontrer
1390 3293 2319 3329 que les rapports de T’homme ei de la femme
1394 3326 2331 3375 restent immuables, anfour du méine geste élémen¬
1390 3376 2313 3426 taire, en depit des complications factices que les
1400 3409 2314 3446 milienx † introduisent. La piéce entière se jone
1395 3449 2321 3498 entre eing femmes et eing hommes. Les eing röles
1404 3489 2321 3539 de semme sont tenus par A%“ Ludmilla Pitoelf
1392 3530 2310 3578 (ui, avec un art admirable, les diversifie et préte
1393 3543 2326 3619 a ses personnages süccessifs le phirsique, le jen et
1400 3605 2312 3665 Tame qui leur conviennent. Ene réplique adroite
1390 3643 2318 3686 hui est donnée par MM. Dagand. Salon — sous
1397 3687 2309 3736 denx aspects — Geo Ferny et par M. Georges
1406 3709 1741 3768 Pitoelf Jui-möme.
1438 3768 2308 3843 Du délicat éerivain que fut René Boylesve,
1400 3817 2308 3873 In Lecon Mamonr dans un pare est restée lonvrage
1394 3859 2310 3925 le plus connn. Ce roman galant, an sens que le
1391 3897 2314 3967 #tix-hitieme sieele donnait au mot, est pare deg
1393 3944 2311 4000 tontes les graces. Ce libertinage demenre de von
1390 3990 2318 4043 goüt par la magie de T’esprit et du style. Mais“
2383 124 3257 187 SRRSS
2356 168 3273 216 ils n’ont pu toutefois eviter tont a fail ce qireine
2352 200 3278 265 représentation matérielle a, parfois, de trop brutal.
2348 235 3279 304 Me* Vronne Garrick jone le prinemml role avce
2363 288 3140 351 distinetion et une troupe z6l#e la sccondle.
3010 335 3223 390 R. on B.
