3436 4384
245 285 809 382 11. Reigen
965 271 1386 368 box 19/2
1516 439 2351 576 „OBSERVER‘
1607 563 2304 618 I. österr. behördl. konzessioniertes
1572 615 2334 687 Unternehmen für Zeitungs-Ausschnitte
1640 658 2260 754 WIEN, I., WOLLZEILE 11
1699 724 2193 794 TELEPHON R-23-0-43
1516 839 1894 922 Ausschnitt aus:
1401 894 1760 974 Extratt de
1816 896 2389 983 —am
1815 953 2063 1011 CA· DADE.
1405 955 2382 1082 Adrg — 50
1800 1024 1988 1081 #chara
1411 1060 2391 1145 DateR14——
1401 1137 2275 1211 Signe .
1417 1156 3111 1352 LES HECES NOUVELLES
1480 1406 3048 1482 Au théätre de l’Avenue: LA RONDE, par Arthur SCHNITZLER
1430 1500 3106 1557 Une piéce tout à falt extraordinaire, sente — 0 prodiges de Tart Gräfftique#
1384 1522 3127 1606 Mesdames er Messieurs. Une de ces piéces- june prostituée. Elle rencontre un matelot
1392 1573 2257 1627 phares qui jalonnent la route ténébreuse de
2253 1564 3123 1620 à qui elle fait des offres de service. Le ma¬
1387 1610 2261 1666 Thumanité. Le Viennois Arthur Schnitz¬
2255 1603 3122 1671 telot est tenté et il est d’humeur almable.
1379 1646 2259 1697 Jer, qui la perpétra devers l’an 1890, n’est
2266 1648 3116 1704 IIs disparaissent. Un temps. Ils revien¬
1392 1684 2257 1736 pas seulomont in grand poôte, et le poèie
2264 1695 3131 1740 nent. Le matelot assonvi est grossier et
1379 1724 2250 1765 de l'amour; cest aussi un profond psycho¬
2259 1718 3075 1782 pressé de rentrer à la caserne. Ridegu.
1388 1762 2259 1816 logue et un penseur qui plonge dans les
2300 1760 3118 1810 Au second tableau, le méme matelot fait
1381 1801 2253 1853 vérités éternelles. Grand eréateur, pobte
2266 1789 3125 1849 danser dans une guinguette Mme Pitoeff
1391 1834 2254 1884 de l’äme, etc.., Plus il allait, plus sa pensée
2263 1843 3113 1892 qui représente maintenant une bonne inno¬
1386 1875 2253 1923 devenait profonde: elle s’est arrêtée en
2265 1878 3124 1935 cente. Le matelot lui fait la cour, la presse,
1383 1904 2254 1965 1931, quand il est mort à l’äge de soixante¬
2258 1925 3115 1974 la séduit, l’emmène. IIs disparaissent. Un
1374 1950 2256 2004 neuf ans. II est. à l’égal de Gerhart Haupt¬
2268 1961 3124 2022 temps, IIs reviennent. Le matelot assouvi
1378 1992 2260 2046 mann, et bien au-dessus de tous lee Suder¬
2254 1999 3121 2046 est grossier et pressé d’aller danser avec
1387 2023 2252 2088 mnan, le plus grand anteur dramatique de
2258 2029 2831 2093 une autre femme. Rideau.
1372 2055 1975 2131 1’Allemagne contemporaine.
2282 2064 3134 2127 Au troisième tableau, Mme Pitoeff re¬
1427 2097 2251 2168 Also sprach, ainsi parlait la voix des
2259 2122 3123 2175 présente toujours la bonne, et c’est le par¬
1387 2159 2245 2203 gazettes. Quant à La Ronde, que nous al¬
2264 2162 3127 2220 tenaire mäle qui change. Cest maintenant
1379 2197 2252 2246 lions voir chez M. Pitoeff, c’est une de ces
2258 2200 3123 2237 le fils des patrons de la bonne, II a envie
1381 2236 2244 2278 pièces frénét.ques et fulminantes qui ne
2259 2237 3131 2293 d’elle, iI lui fait la cour, la presse, la sé¬
1382 2275 2247 2326 peuvent pas étre comprises par leur
2262 2274 3121 2315 duft, l’emmène. Ils disparaissent. Un
1385 2304 2248 2371 époque. IIy a la-dedans trop de génie et
2257 2314 3120 2370 temps. IIs reviennent. Le jeune homme
1371 2337 2251 2407 aussi trop d’audace. Aussi bien, à Berlin,
2257 2345 3128 2419 assouvi est grossier et pressé d’aller an
1380 2385 2245 2436 elle fut interdite par la censure., Quand on
2259 2391 3064 2456 café volsin pour se rafraichir. Rideau.
1377 2423 2259 2464 la représenta dans Vienne libérée au len¬
2294 2427 3122 2493 On commence à se demander si ce jen
1380 2460 2234 2513 demain de la révolution de 1918, elle y
2263 2469 3124 2534 va durer toute la soirée, et si M. Pitoeff
1376 2503 2241 2546 suscita d’horribles scandales. La pensée
2265 2512 3132 2568 nous a dérangé pour nous révéler une vé¬
1379 2532 2248 2587 conductrice est tellement tragique d force
2268 2559 3124 2612 rité si surprenante. Le quatrième tableau
1381 2574 2248 2633 d’étre poignante que personne n’y comprit
2261 2594 3133 2646 apporte une très légère variante. Le jeune
1388 2623 2246 2664 #rien. Schnitzler se vengea des philistins,
2253 2632 3120 2687 homme séduit de nouveau Mme Pitoeff,
1388 2661 2240 2702 il défendit qu’on jouät sa piéce en Au¬
2253 2665 3131 2723 mais qui figure maintenant une femme
1377 2688 2253 2741 triche et en Allemagne. Chez nous, notre
2256 2711 3125 2769 mariée et honnéte. Après l’éclipse et le
1385 2736 2250 2777 cher et vénéré patriarche, M. Antoine, eut
2259 2743 3117 2796 temps obligatolres, il veut bien rester rela¬
1378 2776 2249 2810 envie de la jouer, mais y renonça à cause
2257 2790 3112 2837 tivement poli. Mais quand sa conquéte
1386 2809 2253 2855 d’une difficulté matérielle: de quelle facon
2261 2820 3121 2878 est partie, sa première pensée est: enfin!
1378 2851 2242 2888 concevoir et réaliser cet éternel feminin
2259 2859 2889 2918 gai séduit une femme mariée.
1393 2886 2251 2934 unique et polymorphe? M. Pitoeff avait
2293 2886 3111 2964 Au cinquième tableau, ca recommence.
1380 2920 2241 2971 enfin trouvé la formule magique, II inau¬
2253 2925 3120 2998 La méme femme mariée est en froid avec
1381 2964 2242 3013 gurait la saison au théätre de l’Avenue en
2257 2986 3124 3040 son mari qui s’efforce de ia reconquérir.
1389 3002 2239 3056 jouant La Ronde, et l’on allaft voir ce que
2255 3020 3114 3071 Elle est encore chaude de la rencontre pré¬
1395 3040 1733 3104 l’on allait voir.
2261 3049 3130 3111 cédente, et pourtant elle cède à son mari.
2262 3097 3125 3159 Après quol celui-ci, fatlgué, va se cou¬
2259 3138 3109 3190 cher en bäillant et en soufflant la chan¬
1421 3129 1858 3200 Volci ce qu’on a vu.
2251 3180 3112 3228 delle. II est possible que la réallté présente
1419 3165 2233 3256 Au premier tableau, Mme Pitoeff repré¬
2254 3210 3117 3274 des scènes pareilles. II n’en est pas moins
2256 3256 3119 3297 vrai qu’étalées en public elles sont pé¬
1390 3248 2242 3321 M
2241 3290 3121 3352 nibles. Nous ne sommes plus assez naif
2245 3328 3121 3380 pour éprouver de ces fausses audaces les
2245 3359 3119 3424 horribles scandales qui ont esponvanté les
2252 3401 3115 3455 Viennois. Mais enfin, il faut bien répéter
2242 3444 3111 3489 pour la millionième fois, depuis les ori¬
2251 3479 3110 3529 gines de l’espéce que si lart doit étre vrai.
2251 3521 3111 3573 toute vérité n’est pas de Tärt. Et puis, ne¬#
2247 3559 3116 3618 pouvoir supporter ces gracienses évoca¬
2240 3593 3101 3656 tions en public, ce n’est pas affaire de théo¬
2246 3637 3111 3705 rie, c’est affalre de nerfs, de goüt peut¬
2247 3679 2373 3727 étre.
2288 3757 3108 3825 Au tableau suivant, car sans doute com¬
2250 3806 3115 3858 mencez-vous à avolr saisi le mécanisme,
2244 3856 3118 3901 on verra le mari tromper sa femme avec
2254 3889 3110 3940 une midinette; puis la midinette se laisser
2245 3928 3109 3988 aller aux bras d’un aufeur dramatique:
2241 3953 3110 4015 pnis Tanter dramatique en bonne fortune
2243 4013 3114 4054 avec une actrice; puis Tactrice en galante
2253 4039 3113 4101 Compagnie d’un officier hongrois aristo¬
2251 4071 3043 4130 crate; pulis, enfin, un solr d’ivresse.
2247 4114 3110 4162 Hongrois aristocrate se retrouve avec le
2243 4155 3106 4205 fille qui ouvrit à la première scène le
2247 4195 2574 4248 ronde avec le
2566 4182 3132 4249 matelot. Car telle est la.
2258 4242 3105 4278 grande pensée d’Arthur Schnitzler, Lo
