3436 4320
1002 192 1453 281 box 19/2
295 194 874 291 11. Reigen
525 478 1022 529 TELEPHON R-23-0-43
377 600 726 680 usschnitt aus:
687 678 1062 865 6a
353 815 676 900 vom:
382 889 645 968 Eatralt de:
944 926 1134 985 TT7--
757 953 1278 1031 DEVENTAL
378 994 597 1057 Adresse
828 1018 1225 1093 BRUNELLES
380 1095 518 1165 Date
728 1112 1241 1230 9 OpTOBRE 1932
394 1184 1193 1257 Siqnauure alde Rnen
355 1288 635 1359 EEmstling
399 1354 1383 1392 Al'Avenue, Pitoöff et sa compagnie jouent la Ronde,
358 1393 1382 1437 de Schnitzler. J'’imagine que ces dialogues enchainés
356 1431 1378 1499 l’un al autre par le chevauchement de l'un des deux per¬
359 1486 1378 1542 sonnages sont trop connus pour que j’en parle longue¬
357 1527 1380 1571 ment. Pour mon goüt, je trouve terriblement suranné
356 1563 1386 1618 cet appétit d’effréné cynisme et bien germanique ce
357 1610 1387 1668 naturalisme fielleux. La mise en scène de Pito ff est
358 1658 1388 1722 fort habile et Mme Pitoëff s'efforce de nous prouver
366 1706 1397 1764 qu'elle n’eut pas tort de prétendre à faire, tour à tour,
362 1756 1395 1809 chaque personnage féminin: la fille, la gouvernante,
359 1779 1389 1840 la mondaine, l’épouse, la grisette, l’actrice, etc. La täche,
363 1829 1276 1890 pour quiconque, était proprement insurmontable.
2520 256 2872 331 POLEZEILE 11
2331 287 2800 371 TELEPHON R-23-0-43
2126 385 2502 480 Ausschnitt aus:
2102 619 2270 678 vom:
2096 760 2397 822 Extroit de:
2509 775 3013 895 LA WILLONB
2108 854 2315 927 Adresse
2638 870 2862 947 LIEGR
2101 943 2261 1014 Date:
2424 944 2991 1089 10 OCTOchE 1932
2091 1048 2387 1134 = Signature
2086 1140 2209 1205 Zapo
2187 1403 2888 1486 Le Theaue & Paris
2185 1537 2911 1604 THEATRE DE LAVENUE: (La Ron¬
2187 1576 2901 1643 des, comédie en dix tableaux. d’Arthur
2188 1607 2900 1656 Schnitzler. — ThEATRE DES VARIE.
2188 1645 2897 1708 TES  Avrils, comédie en trois actes
2179 1686 2838 1738 de Georges Berr st Louis Verneuil.
2184 1754 2904 1804 Arthur Schnitzler est un écrivain vien¬
2141 1771 2895 1840 nois, qui aurà du attendre de nombreug
2141 1820 2892 1867 lustres et sa mort pour aue sa principale
2141 1859 2891 1915 ceuvre dramatique soit enfin représentée
2162 1879 2326 1929 à Paris.
2175 1907 2887 1966 Et — suprème déconvenue! — cette
2143 1950 2889 2006 expérience vient trop tard. Non à cause
2140 1984 2893 2040 de la valeur intrinseque de cette comé¬
2141 2024 2891 2076 die. Bien au contraire, dLa Ronden éton.
2135 2035 2894 2106 ne autant par l’audace de sa conception,
2144 2085 2882 2143 de son thème et de son exécution que
2129 2112 2887 2184 par la franchise et la pureté d'un style
2131 2156 2887 2211 tout classique. On sait peut-étre que dla
2130 2187 2873 2249 Ronde n figure, à la manière d'une danse
2129 2221 2873 2282 macahre, l'effroyable monotonie de l’ac¬
2129 2255 2881 2305 couplement sexuel, auf nivelle toutes les
2127 2287 2875 2335 conditions sociales. Chaque tableau dé¬
2140 2316 2879 2374 legue, à tour de röle, son personnage
2126 2357 2875 2425 male ou femelle pour que celui.ci susel¬
2124 2390 2863 2449 te dans une autre scène une nouvelle il.
2124 2417 2862 2485 lusion qui aboutit à la méme réalité.
2130 2454 2857 2509 C’est ainsi que le matelot prend la fille,
2123 2487 2869 2551 que la fille amuse le jeune bourgeois,
2124 2529 2866 2576 que ie jeune bourgeois séduit la femme
2115 2560 2858 2614 du monde, que la femme du monde res¬
2118 2590 2849 2643 te soumise à son mari, que ce mari dé.
2123 2618 2856 2679 bauche la midinette, que la midinette
2117 2659 2857 2715 plait à l'auteur dramatique, que l’auteur
2123 2693 2852 2747 dramatique est le jouet de la comédien¬
2121 2719 2857 2777 ne, que la comédienne gallumen le com¬
2117 2751 2857 2817 te, que le comte, par une nuit de saou.
2109 2789 2854 2852 lerie, finit dans la chambre de la fille,
2116 2822 2853 2884 onl coucha le matelot. Et ainsi la ronder
2110 2850 2324 2901 est close
2136 2875 2849 2949 Chaque scène a pour objet central un
2097 2894 2844 2989 long silence au cours duquel les deux
2109 2957 2837 3008 protagonistes — il n’y a jamais d’autre
2108 2992 2842 3051 personnage — sont censés faire l’amour.
2100 3018 2835 3080 Et, en dépit de la hardiesse érotique de
2105 3052 2838 3114 cette série., d’actes, ceux-ci pätiraient
2102 3093 2831 3148 vite de la monotonie que veut dénoncer
2095 3116 2832 3181 l'auteur, si l’aspect et les circonstances
2102 3156 2838 3214 de chacun de ces accouplements n’é¬
2104 3190 2832 3251 taient nuancés avec une rare virtuosité.
2099 3225 2834 3295 une ironie et une acuité psychologiques
2100 3261 2603 3308 qui sont un régal littéraire.
2110 3285 2819 3350 Ah! que d La Rondes a mérité le suc.
2091 3307 2830 3377 ces qui l’accueillit pendant de longues
2086 3352 2828 3414 années par I’Europe entière. L'ceuvre est
2085 3384 2826 3447 restée tout aussi vivace au'elle dut lêtre
2088 3424 2830 3492 à sa création et, cevendant, elle n’offre#
2087 3462 2640 3500 plus qu'un intérêt rétrospectif.
2119 3492 2817 3551 C’est que le théätre est en danger et
2079 3522 2821 3587 que des pièces telles que d La Ronden
2079 3548 2828 3614 nont plus le droit d’étre du théätre.
2083 3598 2820 3642 Cette succession de tableaux pouvait pa¬
2092 3623 2823 3674 raitre un spectacle plein d’esprit au
2082 3655 2824 3715 temps ou le cinéma, expression du mé¬
2084 3691 2814 3749 canisme moderne, n’offrait pas aux re¬
2084 3722 2814 3783 gards de Ihomme son plaisir le plus sür
2082 3754 2803 3805 le plus complet et de plus rapide. Au¬
2069 3779 2808 3852 jourd'hul, l'intelligence évocatrice de la
2073 3827 2816 3878 stylisation de ces décors de théátre nien
2069 3860 2802 3920 compense pas # lenteur, l’immobilité.
2077 3882 2808 3947 l’imperfection technique. Le cinéma peut
2065 3925 2798 3979 faire mieux. Sans doute, il v a le relief
2069 3963 2800 4020 et la couleur: combien de teros cette
2072 3993 2794 4050 gupériorité provisoire dureratt-elle enco¬
2063 4022 2793 4086 re? Des maintenant, elle parait. d’ail¬
2062 4053 2448 4105 leurs, bien illusoire.
2081 4084 2792 4148 Non. II faut que le théätre reprenne
2066 4119 2792 4183 conscience de ce quf est l’essence de son
2059 4153 2798 4209 esthétique: Thomme en action. En de¬
