3436 4384
1008 141 1448 231 box 19/2
316 146 863 254 11. Reigen
2458 620 2651 710 193
2038 635 2187 729 27
2006 757 2533 851 Setus Havaaane SwauniSeMu „
2077 850 2923 971 Sensutionserfolg von Schnitzlers „Reigen“ in
1995 885 2921 1018 Loupon. Das vielumstrittene Werk des verstorbenen
1994 957 2926 1052 Dichters seierte im Londoner Gaie=Theater
1994 998 2922 1087 eigen großen Ensuiteerfolg. Zwar ist der Reigen
1993 1020 2921 1135 von der englischen Zensur verboten, doch kann das
1984 1069 2916 1174 Gate=Theater Schnitzlers Szenenreihe spielen, weil
1982 1096 2916 1211 sich sein Publikum aus Mitgliedern seiner Thea¬
1970 1135 2910 1257 tergemeinschaft rekrutiert, somit als eine
1979 1178 2902 1278 Gesellschaft von Freunden und Bekannten der
1977 1225 2922 1353 Unternehmer angesehen wird und die Vorstellungen
1980 1266 2650 1350 folglich nicht als „öffentlich“ gelten.
505 1199 1417 1345 DOBSERVERG
620 1325 1304 1399 I. österr. behördl. konzessioniertes
563 1362 1349 1435 Unternehmen für Zeitungs-Ausschnitte
620 1417 1305 1507 WIEN, I., WOLLZELLE 11
712 1480 1202 1551 TELEPHON R-23-0-43
518 1603 887 1696 Ausschnitt aus:
1828 1672 1986 1761 aeen enn
1320 1740 2832 1804 résistiblement penser au magnifique) pos de Ton cousin de Borptschem, de
1326 1806 2821 1854 roman de Mme Iröne Némirowski.I Sammy Gronemann (Ed. des Porti¬
1317 1839 2820 1891 Par une de ces rencontres d’inspira-Iques) : “ Je n'ai jamais tenu dans
1313 1887 2830 1938 tion et de sujet, qui rassemblent af mes mains un bien si précheux n et
452 1890 717 1968 Ertraif de:
1311 1916 2058 1973 travers l’espaco des créateurs qui
2065 1925 2819 1989 au'il a qualifié son auteur d’ Gen¬
858 1898 1304 2008 LORDRE
1323 1946 2065 2005 signorent, c’est un David Golder qu'a
2059 1960 2835 2026 fant chèri des Dleux „. Mais Eins¬
1299 1982 2073 2057 yidépeint Zweig, un vieux banquier
2066 2000 2830 2054 tein nous avait donné auparavant la
450 2001 1292 2084 Adwesse „ RUE TRONCHET, 31,
1325 2031 2057 2096 Juif, bafoué par sa femme, décou¬
2073 2042 2824 2084 notion de la relalivilé, et c’est fort
1319 2075 2068 2129 vrant un soir que sa fille rejoint
2066 2082 2821 2132 heureux. On espère que ses théories
447 2100 597 2166 Date:
1328 2115 2065 2169 dans un hôtel un amant inconnu et
2063 2124 2832 2185 philosophiques sont conçues dans un
817 2079 1329 2212 13 JANVIER 1932
1333 2157 2058 2207 guß voyant désespérément que tout
2067 2158 2823 2221 esprit plus soucieux de la réalité,
1328 2188 2062 2244 est, fini pour lui, sent son ecur se
2067 2200 2821 2259 car Ton cousin de Borptschen jus¬
445 2180 1131 2278 Signaure Se
1321 2239 2816 2293 détguire, et finit ses jours misérables tifieralt difficilement, une louange
1318 2275 2067 2329 dans la solitude, Jloin des ôtres quf
2058 2274 2824 2331 de ce genre. C’est encore un roman
434 2292 755 2367 Kaposthon: —
1317 2313 2063 2379 Tpet crucifié. La mème intensité
2061 2322 2815 2376 juif. Bien entendu, selon l’usage, son
898 2326 1000 2407 4
1304 2359 2816 2414 Dramatique, la méme puissance évo-Jéditeur nous présente tout à trac un
1330 2391 2062 2445 catrice se dégagent d’une autre petite
2062 2397 2826 2454 auleur inconnu sans un mot d’expli¬
614 2380 1324 2465 Pour en' Mhir — momentanément
1325 2432 2826 2498 nouvelle émouvante intitulée la Gou-Tcation. Un renseignement obligeant
583 2423 1322 2502 dcar j’aurai à vous parler prochai¬
2052 2475 2826 2539 me vaut de savoir que ce livre a pa¬
579 2486 1325 2542 mement du dernier roman de Somer¬
2059 2515 2821 2574 ru il ya dix ans en Alleinagne (ee
574 2530 1320 2573 ’set Maugham) — avec des livres an¬
1362 2505 2065 2576 Slefan Zweig présente de son cö¬
1335 2560 2824 2619 fé au public européen l’euvre d'unf dont on s’aperçoit par le dernier cha¬
581 2567 1318 2613 glais, je ne puis que signaler de
1330 2610 2821 2651 écrivain yiddish, Chalom Ash qui, né pitre) et que son äuteur est un avo¬
583 2609 1327 2653 Ruydard Kipling deux traductions:
2061 2637 2832 2692 cat berlinois réputé. L’adroite et
575 2643 1324 2692 Puck et Ce chien, ton serviteur (Hart-
1329 2651 2066 2708 en Russie, élevé en Allemagne, ayant
2071 2676 2827 2725 scrupuleuse traduction de Mile Lu¬
578 2684 1320 2731 marn, éd.), ce dernier agréablement
1325 2697 2065 2746 vécu plusieurs années en Amérique,
2071 2717 2825 2768 cienhe Astruc n’en cuche pas les dé¬
578 2729 1322 2792 illustré par Mmne Madeleine Charlé¬
1324 2719 2056 2778 jouit auprès de ses coreligionnaires
2069 2746 2830 2807 fanis: le récit est fort embrouillé
591 2766 686 2818 ty.
1319 2771 2063 2818 autochtones d’une immense eöiébri¬
2065 2799 2832 2851 en ses débuis et il ne brille pas tou¬
606 2788 1326 2862 Les admirateurs de Sherwond An¬
1331 2804 2065 2866 té et est lu par des millions die lec¬
2062 2826 2835 2885 jours par un excès de clarté et de
571 2842 2059 2887 dersen pourtent hre Tan (Stock, dd.),Steurs, La premiere-outre quona
2064 2874 2823 2921 vraisemblance. C’est, rainené à l’es¬
580 2884 2066 2938 histoire d’un gamin vendeur de jour-Atraduite de Jui, la Chaise dlectrique
2066 2913 2823 2960 sentiel, Thistoire d’une famille de
571 2923 1327 2962 nanx. Cela se passe dans 1°Ohio, com¬
1324 2921 2060 2974 (Stock, éd.), justifie cet engouement.
2068 2946 2820 3002 juifs rénégats, un instant interrom¬
573 2962 1320 3014 me toujours, et c’est long, long, long,
1321 2961 2057 3014 Elle a été fort bien choisie dans une
2057 2978 2821 3051 pus dans leur quiétude allemande par
576 2998 941 3062 comme toujours.
1311 3000 2065 3054 leuvre considérable parce qu'elle ra¬
2060 3027 2824 3081 T’intrusion d’un cousin juif russe de
1319 3041 2061 3103 conte une histoire qui n’est pas spé¬
895 3050 994 3114 45
2056 3066 2816 3122 Borytschew. II ya çä et lä quelques
1323 3081 2055 3130 eifiquement juive. Le fait que M.
2057 3106 2816 3168 scènes réussies et, en parliculier,
611 3088 1253 3168 (Euvres de langue allemande.
1320 3115 2052 3167 Stone, riche banquier new-yorkais,
2060 3144 2826 3213 celle, inénarrable, du Président
620 3142 1320 3211 Trois nouvelles, trois nouvelles
1326 3161 2051 3201 est israélite n'ajoute méme rien au
2059 3173 2811 3247 Bandmann feignant au Tribunal de
567 3189 1314 3244 bréves, mais de quelle brièveté plei¬
1333 3200 2053 3252 Tragique de son aventure. Le hasard
2062 3229 2817 3283 commettre mille impairs avant de
583 3234 1320 3283 ne 1 On a déjà tout dit de Stefan
1322 3236 2056 3294 des circonstances l’enferre dans une
2058 3263 2807 3310 comprendre que M Kahn, avocat, a
572 3271 1316 3321 Zweig, de son art de conteur, de son
1329 3279 2041 3339 aventure amoureuse rapido qui le
2052 3305 2815 3350 déeidé de se faire appeler désormais
564 3314 1323 3366 aptitude à dépeindre le clair-obscur
1326 3313 2055 3367 conduit à un meurtre accidentel.
2054 3335 2815 3394 M• Hank, ayant recu l’eau du bapté¬
572 3353 1321 3409 des ämes. Destruction d’un cceur
1330 3356 2047 3405 Condamné à mort, emprisonné dans
2063 3380 2815 3434 me. Cette histoire judéo-chrétienne
573 3396 1322 3448 (Altinger, éd.) est à ranger au nom¬
1318 3404 2052 3451 la Maison des Morts, il retrouve dans
2054 3426 2804 3491 est d’une drolerie irrésistible. Le
576 3435 2044 3483 bre de ses plus précieuses créations, la Jonque attente de l’épreuve fina¬
2061 3453 2456 3528 reste est plus plat.
570 3474 2058 3520 à côté des Vingt-quatre heures de falle les valeurs spirituelles dont il s’é¬
572 3515 2065 3578 vie d’une Temme, actuellement édul-Itait séparé au cours de sa carrière
2096 3520 2807 3604 Enfin, d’Arthur Schnitzler, la Ron¬
573 3545 1329 3592 corées par une de ces adaptations
1320 3558 2062 3602 de businessman. Cela fait sur un su¬
2060 3588 2801 3643 de (Stöck, éd.) quig sous la forme dia¬
575 3594 1324 3647 scéniques auxquelles Nozière pliait
1324 3591 2049 3646 jet déjà décrit un court récit atta¬
2061 3618 2820 3693 loguée, fait virevoller des personna¬
578 3631 1324 3671 les cuvres fortes. On pense, ce di¬
1319 3635 2048 3688 chant. humain et qui a de la gran¬
574 3661 2554 3729 sant, à David Golder, dont il avaitj deur. Un livre à lire avec celul des ges de comédie réaliste.
1318 3708 1476 3764 Zweig.
567 3696 1326 3759 tiré un drame bénin, justement par¬
571 3751 2089 3827 ze que Destruction d'un cceur fait ir-] II paraft qu'Einstein a dit, à pro¬
2383 3733 2781 3826 Pierre Lowel.
