3436 4384
2091 186 2313 270 —
271 255 2095 358 5oth and 55th Birthday box 39//2
1882 829 1941 913 2
1980 827 2155 926 Nase
793 1058 887 1159 5
1167 1105 2131 1201 ARTHUR SCHNITZLER.
1023 1185 2289 1284 KLEINE STUDIEN UND ERINNERUNGEN.
1112 1283 2184 1360 DER GRUNE KAKADU. VON JULIUS BAB.
983 1344 2517 1409 „In Erkenntnis und Bewertung von Kunstwerken darf, wenn anders
1014 1398 2515 1486 wir Kritiker sind, das heißt Menschen, die ihre Empfindungen
1011 1476 2529 1544 nach gewissen geistigen Wertbegriffen sondern und messen, Liebe
764 1502 895 1609 8
992 1531 2524 1599 I und Schätzung nicht immer zusammengehen — weil wir mit
768 1580 2520 1679 unseren innersten Wertgefühlen über unseren privaten Sentiments stehen,
781 1646 2514 1733 weil der Kritiker kein Beplauderer seiner momentanen Menschlichkeiten,
781 1694 2520 1779 sondern der Nachbildner seiner leitenden Idee vom Menschlichen ist. Auch
779 1765 2525 1839 kann es geschehen, daß man den Entwicklungswert eines Autors in anderen
779 1809 2526 1912 Leistungen stärker findet, als in seinen absolut besten Schöpfungen, das
774 1886 2523 1958 heißt, daß das eine Werk an sich die höhere Lebenskraft und ein anderes
778 1934 2526 2020 doch die wichtigeren Keime für künftiges Leben enthält. All dies voraus¬
786 1998 2544 2084 geschickt, möchte ich aussprechen: das beste, stärkste und lebensfähigste
783 2049 2337 2127 Werk des Dramatikers Arthur Schnitzler ist „Der grüne Kakadu“.
907 2084 2536 2195 Meine Liebe gehört vielleiein mehr den vorjüngsten Gesellschafts¬
793 2158 2539 2232 dramen Arthur Schnitzlers; im „Zwischenspiel“, im „Einsamen Weg“
797 2221 2543 2308 klingt so viel von Suchen und Verfehlen, Sehnen und Entsagen, leichtem
796 2275 2543 2358 Träumen und schwerem Brwachen unsrer Gegenwartsexistenz an, daß wir
799 2330 2546 2441 uns der schmerzlichen Süße dieses Tones gern gefangen geben, unbe¬
790 2409 2542 2470 kümmert um die dramatische Gebrechlichkeit, die kulturelle Vergänglichkeit
787 2466 2536 2541 der Gebilde, aus denen er herau klingt. Schnitzlers bleibenden Anteil aber
803 2517 2537 2600 an der Befruchtung und Bereicherung unserer dramatischen Kunst, seine
790 2568 2553 2656 Fähigkeit, dem Dialog neue, zarte, zwischen Schwermut und Ironie,
794 2625 2537 2710 Träumerei und Skepsis vibrierende Zwischentöne abzugewinnen, diese Fähig¬
794 2692 2548 2781 keit ist noch reiner als in jenen Stücken größeren Umfanges in seinen
805 2752 2547 2835 kleinen Dialogketten enthalten; „Reigen“ und „Anatol“ sind von allen
812 2805 2550 2888 Schnitzlerschen Werken für die Entwicklung der deutschen Bühnenstils
804 2861 2559 2941 vielleicht die wichtigsten. „Der grüne Kakadu“ aber hat mehr stoffliches
814 2932 2549 3023 Gewicht als jene spielerischen Szenen, mehr dramatisch-geistige Spannung
809 2977 2555 3076 als die größeren Komödien des Dichters, mehr theatralische Konzentration
803 3034 2564 3150 als irgend ein Produkt der neueren deutschen Dichtung — und deshalb halte
807 3100 2246 3173 ich ihn für Arthur Schnitzlers lebenskräftigste Bühnenarbeit.
929 3159 2559 3237 Die Geschichte der Kunst kennt kein „zufälliges“ Gelingen; die Form
803 3228 2566 3311 schließt sich nur um den bedeutenden Inhalt — die schönste Frucht ist hier
811 3280 2567 3354 immer Gefäß des lebenhaltigsten Kernes. So ist auch dem Dramatiker
807 3334 2573 3428 Schnitzler diese vollkommene Formgebung nur an einem Motiv geglückt, das
812 3400 2568 3488 eine ungewöhlich reine und tiefe Spiegelung seines innersten Problems be¬
808 3446 2480 3543 deutete. Durch alle seine. Schriften geht die Frage: „Was ist Wahrheit?“
1630 3536 1775 3626 331
3037 2499 3152 2607 9
3013 2581 3165 2662 B
