3344 4384
1571 215 2080 328 box 3972
220 225 1456 323 Sothand 55t) Birthday
149 1419 1110 1526 ofort Die Ammelnamtn auf ihn geleute harten,
538 1440 3193 1544 elt niemals Hof, war aber für so viel des Unerfreulichen bieten, das liegt wohl zum sprovisdriums, werches aufsein Jahr
147 1495 303 1570 rängt
2160 1514 3203 1597 hättelauten sollen, von der Regierung
1157 1523 2171 1588 größten Teil an dem Umstande, daß die reinliche
531 1530 1164 1603 mmer zu sprechen; seine Kunst
155 1546 295 1604 eden
2161 1576 3200 1629 zurückgezogen. Ministerpräsident Lukacs wollte
1156 1581 2177 1630 Scheidung nach politischen Prinzipien noch immer ein
357 1572 1161 1676 Klog verläßlich zu erweisen, Freunde
148 1587 304 1658 estand
2168 1612 3193 1676 die Verpflichtung, die Wahlreform im Herbst dem
1144 1613 2177 1680 heißer Wunsch, ein Wunsch ohne Erfüllung ist. Das
536 1627 1158 1700 für die andern einzutreten und
191 1639 253 1703 ge
2168 1646 3196 1726 Hause zu unterbreiten und die Verhandlung der defini¬
1157 1667 2170 1725 hemmt so vieles, und wie natürlich, erschwert es auch die
152 1643 1169 1752 i. 1 Bureau für ecken, daß er es ehrlich meine,
2160 1702 3208 1778 tiven Wehrreform bis dahin zurückzustellen, nur unter
1152 1707 2174 1768 Rolle eines Führers. So wird denn auch an der Bahre
155 1703 1157 1789 venn fvlin NO. 43, dos, seiner Partei und dem
1158 1754 2171 1815 Baron Chiaris' der dringende Ruf laut, der großen
2165 1753 3197 1823 der Bedingung eingehen, wenn die Justhpartei sich auch
661 1761 1170 1847 tellung zu sichern. Es ist
159 1777 298 1851 Deuts
1152 1790 2177 1863 Pflichten eingedenk zu bleiben, die Deutschtum und
2166 1806 3209 1871 verpflichtet hätte, das erhöhte Rekrutenkontingent für
672 1813 1150 1887 ediziner gute Politiker
1150 1847 3199 1920 Fortschritt zu erfüllen haben, über den augenblicklichen das laufende Jahr durchzulassen. Die Justhpartei er¬
153 1846 1148 1945 werden; ihr Studium lehrt sie, sich von Illusionen fern¬
1149 1961 2170 2033 gesetzt, heute nicht zu messen. Ich reiche ihm aber zum
2169 1966 3197 2041 zufrieden, fortan für einen Dichter gehalten zu werden.
213 1919 1159 2038 ne den Aerene
147 2017 1074 2085 Beinen“ von Marie Stahl Seite 29 vom 15. Mai 1912.
1148 2014 2169 2091 Tage das Erinnerungszeichen meiner frühesten
2162 2002 3202 2085 In der Selbstverständlichkeit, mit der man von dem
1156 2058 3213 2130 Schätzung. Im Jahre 1893, bald zwanzig Jahre Dichter Artur Schnitzler sprach, lag der Reiz und der
1150 2118 3203 2197 sind es her, gab uns Artur Schnitzler seinen Wert des Lobes. Man umgab sich nicht einmal mit
202 2128 924 2243 ## Feuilleion.
1158 2167 3203 2240 „Anatol“, sein erstes Buch. Von der Anmut dieser dem seither so verbilligten Ornat des großen Propheten
1158 2205 2179 2285 Szenen noch ganz frisch berührt, schilderte ich sofort
2168 2224 3189 2288 und erkühnte sich nicht, auf Grund des Gegebenen eiligst
162 2241 1158 2359 Ein Erinnerungsblatt zum 50. Geburts¬
1152 2265 3204 2348 meine Empfindungen in einem Aufsatz, dessen be¬ Welterschütterungen vorauszusagen — man hatte an
2167 2311 3204 2397 der schönen Gegenwart, an der Erfüllung, die sich gleich
1160 2318 2185 2403 scheidentliche Bemerkungen, wie ich glaube, gleich dem
324 2329 988 2415 tage Artur Schnihzlers.
1157 2376 3206 2447 „Anatol“ selbst, Geltung bewahrt haben. Trotzdemin ungewöhnlicher technischer Reife und Einsicht offen¬
195 2369 1163 2461 In einem Herbarium oder in der Literaturgeschichte
1163 2439 3200 2496 hätte ich die Oeffentlichkeit mit der Wiederholung nicht barte, Freude und Genügen. Geist und Form der
153 2434 1159 2518 muß man Orpnung halten. Die lebendige Kunst verlangt
2171 2475 3207 2540 Schnitzlerschen Dialoge glaubte ich am besten in Zitaten
1164 2478 2185 2545 belästigt, wenn daraus nicht manches für die
153 2501 1171 2571 das nicht. Ich kann mich nicht entschließen, einer
2174 2528 3207 2601 darzustellen. Man erkennt heute wie damals ihre
1170 2520 2169 2601 Psychologie der damaligen Zeit zu gewinnen wäre.
148 2537 1169 2631 runden Zahl züliebe dem Dichter, der mit uns lebt und
2173 2580 2614 2669 ästhetische Vollendung.
1161 2575 2183 2651 Man war in jenen Jahren noch nicht zur „Verrohung
148 2599 1173 2680 zu uns spricht, Zettel und Zeichen wie einem Präparat
2266 2616 3208 2706 Ein zweites psychologisches Moment, gleichfalls
1158 2636 2187 2705 des Lobes“ gelangt, die jüngst sehr treffend als ein
139 2653 1160 2729 aufzuklebeh mit einer Legende zu dienen und zum Gruß
2172 2674 3212 2749 allgemeinen Zeitcharakters, möchte ich in der Glossi¬
1166 2702 2187 2755 Merkmal unsrer Tage bezeichnet wurde. Das Lob in
141 2703 1170 2790 und Dank anzumerken, in welche Klasse, Gattung,
2176 2746 3201 2805 rung meines ersten Schnitzler=Aufsatzes noch betonen.
1155 2740 2184 2825 jenen Jahren hatte noch eine gewisse Keuschheit und
153 2762 1166 2834 Spezies er zu rechnen ist. Jeder neue Geburtstag
2176 2789 3202 2863 Ich lächle nun selbst darüber, daß mir Anatols
1162 2792 2184 2864 Haltung und Gefaßtheit und war ruhig instrumentiert,
156 2791 1169 2873 eines Werkes von Artur Schnitzler gibt noch immer
2183 2824 3215 2914 moralische Verfassung im Anfang einiges zu schaffen
1168 2851 2178 2913 um so ruhiger, als die Kunst noch nicht das arge
157 2873 1163 2933 Freude und verheißt Erfolg. Schnitzler, den Menschen,
2176 2883 3212 2963 gab. Es ist heute eine literarische Sünde, auf Moral
1175 2887 2197 2973 Defizit aufzuweisen hatte, das heute durch maßlose
150 2921 1171 2981 verehren seine Freunde, weil er, anders wie die meisten
2172 2943 3212 3014 zu reagieren. Damals war man aber selbst für Anatols
1176 2957 2194 3020 Uebertreibung und durch Indianergeheul verdeckt zu
139 2962 1172 3030 Künstler von heute, still und in sich gekehrt an seiner
2174 2990 3218 3068 graziöseste Abbiegung aus der vermeintlichen Gesell¬
1172 3002 2186 3065 werden pflegt. Wenn jetzt einem Strebenden ein paar
142 3004 1167 3079 Vollendung fort und fort arbeitet, seine Gedanken
3092 3039 3221 3110 der
2185 3048 3030 3114 schaftsmoral noch ein bißchen empfindlich
1170 3051 2191 3118 Verse, Noten gelingen oder auch nicht gelingen, so begibt
152 3074 1177 3131 durchbildet, seine Sprache immer noch veredelt, dem
2182 3091 3215 3176 konsequente Naturalismus mit allen seinen Konse¬
1164 3108 2189 3175 sich die Kohorte der Liebediener sogleich in Kampf¬
150 3114 1171 3177 Marktgewühl der Zeit ausweicht, sich niemals vor der
2184 3130 3228 3212 quenzen war eben erst auf dem Marsche. Seitdem
1174 3158 2184 3226 stellung, trampelt die leifesten Bedenken nieder und
150 3172 1175 3238 Menge erniedrigt, um im Preise zu steigen, und — ein
2179 3187 3212 3271 hat man noch ganz andre ethische Umwandlungen
1173 3218 2186 3275 donnert den Bedächtigen zu, daß erst späte Jahr¬
149 3221 1174 3290 seltener Fall — das Schwungrad der Reklame nicht
2182 3258 2385 3341 erfahren.
1162 3264 2179 3332 hunderte den Ewigkeitswert jener Versuche erkennen
158 3273 1175 3343 sausen läßt. Er schafft und wird nicht geschäftig, er
2269 3274 3215 3366 Zum Schluß streifte ich Loris — das war Hugo
1157 3313 2194 3387 werden — Versuche, die in Wahrheit schon der nächste
155 3320 1172 3385 redet und wird nicht laut; seine gesammelten Werke,
2176 3336 3220 3427 v. Hofmannsthal. Man glaubte an seine Genialität,
160 3360 2187 3437 die jetzt ausgegeben werden, zeigen von der inneren! Tag der Vergessenheit überantwortet. ... Der junge
2174 3387 3203 3483 und es kam mir schwe an, seinem Prolog zu „Anatol“
163 3419 2194 3490 Sammlung des Menschen und des Künstlers. Kein Arzt Dr. Artur Schnitzler schrieb sein erstes Buch, das
2175 3471 3215 3532 mit Einwendungen zu begegnen. Heute blicke ich be¬
156 3476 2190 3536 Wers, kein Satz, und scheine er noch so leicht, ist leicht= die engeren Freunde schon vorgekostet hatten. Nun
2177 3511 3218 3582 ruhigt auf meine Keckheit zurück. Denn Hugo von
157 3530 2199 3599 hhin abgeworfen oder im Leichtsinn geformt. Wie tief nannte man ihn, ohne die Welt in Bestürzung zu ver¬
163 3569 3214 3678 ser dringt, wie weit er schaut = ich habe mir doch vor= setzen, einfach einen Dichter, und Artur Schnitzler war Hofmannsthal, so weit er nicht Kavalier der Bühnen¬
