3392 4384
1598 290 2067 380 box 39/2
706 290 808 364 55
230 307 1459 397 Soth and Jsth Birthdar
3163 1374 3232 1451 a
1417 1447 3341 1540 sich da („Heimliche Liebe“ heißt der öde Schmarren) als Profoßj Allgegenwärtigkeit ist an Schnitzler
298 1511 3331 1603 Von Girardi und Schnitzler,im italienischen Kriege und entdeckt durch Zufall, daß der Re= unter den lebenden Dichtern für un
1398 1545 3330 1623 gimentstambour ein Weib ist, das sich aus glühender Liebe dem obachteten eine Dame mit Paketen
2597 1581 3338 1644 machte, wir fuhren mit der Eisen
287 1618 2621 1671 In dem Alexandria eines der Ptolemäer gab es einen Bild= Hauptmann nachgeschlichen hat. Er will nun dem Vorgesetzten
2597 1628 3335 1694 Vorstädte, wir sahen über einen grüne
1418 1643 2620 1714 den Tatbestand aufklären, kann aber, teils weil beide nicht
212 1642 1441 1736 haufr) der bei einem Künstlerwettstreit, irgendeiner Laune fol¬
2604 1669 3337 1755 büsche nicken, und wir fühlten schon
1427 1695 2613 1761 allein im Zimmer sind, teils vor eigenem Erstaunen, nicht
228 1697 1426 1773 gend, seine Skulpturen aus Straßenkot und tierischen Abfällen
2662 1721 3334 1791 In einem Sonett, das er dieler
1420 1731 2618 1806 recht mit der Sprache heraus und macht deshalb vor seiner
229 1741 1435 1801 erschuf. Obschon nun, was einige andere gemacht hatten, nicht
2607 1755 3329 1837 Eulenberg aus, Schnitzler sei fast d
1415 1760 2617 1847 eigenen Brust verzweifelt konvexe Bewegungen, die andeuten
222 1795 1435 1843 schlechter schien, zog der Pharao die Arbeit dieses Mannes den
2605 1797 3335 1871 draußen Wien noch kennten“. Da##
210 1833 2614 1898 Werken seiner Freunde vor, „denn,“ sagte er, „einer wie großen sollen: „Der Kerl dort ist kein Mann, er hat einen Busen!!“
227 1893 3337 1940 Kunst bedurfte es hier, uns vergessen zu machen, daß diese Fi¬ Das — niemand wird es ernstlich in Abrede stellen wollen — Schnitzler ist wirklich der einzige um
1433 1894 3326 1981 ist eine Schweinerei. Jetzt aber beobachtet nur, wie Girardi Wien geblieben ist. Die Hofmannstha
224 1918 1426 2001 guren im Grunde nicht wohl iechen!“ Diese Geschichte ist sich
2620 1950 3334 2012 mann, sie sind körperlich, postalisch,
1429 1946 2623 2021 es bringt! Als ob ein Panzerturm von Keuschheit um sie her
214 1968 1432 2023 selbst genug, aber sie kann auch auf Alexander Girardi an¬
2603 1985 3321 2060 blieben; geistig aber haben sie nich
220 2017 2612 2055 gewandt werden. Und wenn Berlin so weise wäre wie jener plötzlich aus der Erde wüchse, bewegen sich seine Hände. Keine
2619 2024 3330 2096 Stadt, in der sie kein Publikum ha
1421 2032 2627 2096 Zote formt sich, sondern höchste Humanität: Gott hat den Mann
219 2049 1437 2139 helleno=aegyptische König, so hätte es jetzt, anläßlich des wiener
2609 2070 3331 2129 Bücher verlegt und die es ihnen ü
1433 2082 2620 2160 so geschaffen wie er die Frau nicht geschaffen hat; verehren wir
226 2098 1436 2159 Gastspiels im Lessingtheater, Grund, sich über und über zu
2620 2100 3328 2180 Texte für Fall und Lehär schreiben
1428 2117 2614 2197 ihn auch darum; ihn, der die Ulme anders gemacht hat wie die
223 2141 1429 2212 verwundern: denn wieder ward, durch vollendete Kunst, die
2616 2152 3335 2232 ellen Weimar. Und gar Karl Kraus
1430 2171 2628 2239 Eiche Also Religion. Also für das Herz gerettet, was unter
238 2192 929 2259 Nase einer ganzer Stadt betrogen.
2605 2210 3331 2264 wie es im Jahre 1805 Napoleon
1434 2217 2283 2293 den Gürtel treffen sollte: höchste Humanität!
286 2203 1430 2291 So wahr ihr, wenn ihr eine Gestalt von Shakespeare
1484 2246 3327 2322 Höchste Humanität: aus der kitschigen Operettensentimen= wenn er die Macht hätte, Kahlen= un
223 2260 1441 2330 oder Ibsen anbreiht, die Milch eines reinsten karrari¬
2608 2282 3334 2347 terien besetzen lassen und das Tal in
1436 2299 2630 2372 talität, daß sich ein Mann mit einem Kanarienvogel unter¬
236 2310 1442 2377 schen Steines finden werdet, so wahr werdet ihr, die
2614 2336 3332 2403 tätschen ertränken? Aber Schnitzle
1428 2346 2630 2415 hält, macht Girardi das grundlegende Zwiegespräch zwischen
237 2355 1424 2434 Figuren eines wiener Libretto anmeißelnd, einem Mix¬
2611 2376 3330 2437 geblieben und hat gleich Girardi die
1428 2392 2630 2463 Mensch und Tier über die Lasten des Daseins. (Wie er schon
226 2406 1432 2465 tum von Puder, Schmalz und Dreck begegnen. Eng und
2612 2424 3326 2495 Materie aufgelesen und zur Sonn
1425 2430 2635 2505 vor Jahren seine berühmteste Leistung, das Fiakerlied“ vor
235 2447 1441 2514 stinkend wie der Bauch eines Patchoulifläschchens ist dank
2621 2470 3324 2529 bracht, wozu Peter Altenbergs Kraf
1430 2463 2628 2557 ähnlich ungeheure Hintergründe gestellt hatte. Das Kutschieren
232 2482 1454 2573 den Bemühungen der Operette die Welt schon geworden und
2623 2516 3326 2570 reichte: das Talmi aus eigener Kraf
1426 2515 2635 2586 ols Gottesdienst, das Verwobensein mit dem Pferde als ein
230 2533 1452 2611 allen guten Ciropäern ein rechtes Jammertal: wer zum Bei¬
231 2596 3329 2650 spiel möchte sich noch in den Armen einer Frau reuelos glück= Schicksalsgeheiß, dies Auf=dem=Bocke=Sitzen ganz und gar um Auch ihm war es, in einer koketten
224 2604 3326 2680 lich fühlen, solange es ein Couplet gibt „dja, ßo a Weiberl is des Lebens und nicht um der Eitelkeit willen, das war's ihr nicht immer ernst darum. Aber läng
225 2680 3320 2742 a Freid, Djössas na!“ oder wer sich am Verkehr mit der Archi= Leute, was euch Tränen erpreßte; und nicht etwa die Glori-der Dichter des süßen Mädels. Ein
233 2739 3323 2776 tektur ergötzen, solange das Wahrzeichen Wiens in den Straßen sizierung speziell wienerischen Fuhrwesens war daran schuld.) getreten, eine begierdelose und schöne
1435 2744 3332 2817 Jenes Zwiegespräch mit dem Kanarienvogel wird von Girardi Auge=Fassen der Dinge. Die wissen
234 2756 1444 2830 mit den Worten angesprochen werden darf „Eiserner, eiserner
241 2820 3320 2865 Rathausmann, g'fang mit mir a Verhöltnis an!“ Schon er= nicht schlechter gespielt als Homer die Begegnung des freudig bekennen, daß der heutige
2625 2829 3331 2886 deutender sei als der vor zwanzig
236 2827 2635 2903 hebt sich, da die Welt mit Schiebern und Fiakern, Mizzi und Odysseus mit dem Hunde geschrieben hat — und gerade
2684 2861 3333 2931 Was mir der Schnitzler von heut
233 2855 2633 2961 Strizzi sich immer drohender und atemquälender bevölkert, Welt= hier erwächst für jeden Liebhaber des Schauspiels die Frage:
2626 2898 3321 2967 Ein Gleichnis muß herbei das mi
1445 2903 2632 2989 warum muß sich dieser Künstler überhaupt an so Unwürdiges
240 2928 1443 3002 flucht allerorten, und, schwarze Fahnen hoch erhoben, stürzen
2627 2937 3334 3014 In einer der sonderbaren Transposi
1436 2956 2631 3034 verschwenden? Wenn seine Natur ins Klassische sich schon nicht
249 2976 1443 3048 die Besten in die Arme der Askese. — Gott aber, der weder das
2628 2986 3335 3066 zu geben pflegen, sah ich Schnitzler
1444 3008 2639 3074 fügen wollte, warum begibt er sich nicht in den Dienst des
243 3022 1449 3090 feiste noch das magere Scheusal meinte, hat ein Einsehen und
2622 3040 3329 3106 ein englisches Landhaus im Wiener
1442 3043 2629 3120 Mannes, der, als einziger gleich ihm, ein Wiener bleibend
237 3064 1451 3133 schickt Girardi. Diesen Girardi, der durchaus nicht, wie man
2621 3076 3339 3153 weiß getäfeltem Raume von kühlen
1437 3093 2635 3167 das wiener Wesen geadelt und an Gott zurückgegeben hat?
247 3110 1453 3186 zu glauben pflegt, der Urtypus des Wieners ist, sondern dessen
2625 3131 3332 3182 rinnen der Tisch gedeckt, eine wel
1440 3137 2627 3229 Warum bringt er uns nicht die Menschen Arthur Schnitzlers?
241 3148 1451 3241 Vergottung, dessen Rückbindung an die Kultur, ans Große
2627 3160 3327 3234 schnellte die Treppe herauf, dann
1506 3176 2643 3245 Arthur Schnitzler: wenn in den letzten Tagen unsere Ge¬
241 3192 1467 3272 Leben. Das ist das Verhältnis Girardis zu Wien: daß er
2622 3219 3333 3286 Klavier erklang im leisen Zugwind
1437 3225 2647 3302 danken vom Parlamentskonflikt, vom dänischen Thronwechsel,
250 3240 1452 3317 es in die Hände nimmt, ballt und Gott zurückgibt. Siehe,
2630 3232 3332 3319 weise zur Tür herein, sie lächelte
1441 3257 2644 3343 vom Türkenkrieg gleichwie in eine plötzlich aufgetane Heimat
254 3298 1456 3360 es stinkt nicht mehr! . .. Dies Heiligbringergleichnis wäre,
2631 3284 3327 3361 hinaus; an vielen Fliederbüschen v#
1450 3302 2653 3395 zu diesem stille leuchtenden Namen immer wieder zurückirrten
249 3345 1459 3396 meint ihr, Blasphemic? Nicht einmal Uebertreibung ist es.
1480 3347 3316 3422 — da fühlten wir auf einmal, wie reitungslos von je die Taten lang zur Donau tauchend zerfloß
259 3374 1473 3448 Bedenkt doch einmal, mit welcher Materie dieser Mann seine
3118 3393 3333 3460 Heinr
254 3404 2666 3495 Teteee: lichen Handlungen varzunehmen hat! Er befindet dieses nun Fünfzigjährigen unser Herz umstellt hatten. Eine
