3344 4384
290 209 355 283 5
1643 209 2089 309 box 39/2
1279 217 1389 284 d
743 210 1342 330 55th Birt.
1381 230 1540 317 AV
282 219 847 321 thand
923 959 2568 1034 Die Etiketten heißen: Der Dichter des „süßen Mädels“; oder „der
805 1035 2545 1103 Dichter des Spiels von Leben und Tod“ oder der „Wiener Dichter“ schlecht¬
803 1093 2551 1157 weg. Und keine trifft. Denn immer war er mehr und weniger zugleich.
803 1152 2550 1211 Vor allem aber: es gibt keinen „Dichter des Denn dann
815 1206 2553 1271 wär’ er gar keiner. Alles Spezialistentum ist unkünstlerisch und für den
805 1273 2566 1312 rechten Dichter gibt es nur einen Stoff: die ganze Welt, wie er sie und
806 1315 2565 1376 ihren Sinn sieht — reicher oder armseliger als die anderen und eben durch
812 1378 2552 1448 die Art seines Sehens für andere bereichernd oder verarmend. Vor Jahren
802 1452 2549 1512 stand einmal in einem Lexikon von einem bekannten Wiener Maler zu
802 1503 2542 1558 lesen: „Malt von jetzt ab nur mehr Stilleben“. Die ganze Wiener Kunst¬
812 1561 2547 1626 tragik liegt in den paar Worten; der Ausdruck der unseligen Um¬
810 1618 2552 1695 klammerung, die jedem Erfolgreichen hier droht: man gestattet ihm
801 1682 2558 1736 dann nur mehr, innerhalb dieser Erfolgsphäre tätig zu sein und ist
803 1732 2550 1792 sehr ungehalten, wenn er es wagt, das ihm offiziell eingeräumte Gebiet
807 1805 2554 1869 zu verlassen. Siehe Johann Strauß. Siehe Girardi. Bei Arthur Schnitzler hat
800 1854 2549 1912 die gleiche Gefahr gedroht. Nichts schöner, als die unbekümmerte Ge¬
801 1895 2558 1969 lassenheit, mit der er den Erfolg beiseite schob und sein inneres Müssen
800 1970 2564 2026 dem gedankenlosen Verlangen der Mitwelt entgegenstellte. Man hat es ihm
809 2029 2553 2082 schwer genug gemacht. Und man kann heute nichts höheres von ihm
807 2090 2551 2150 sagen, als: daß er der stärkere war und siegreich geblieben ist. Wär’ es
800 2149 2564 2215 nachden anderen gegangen, so hätte er zeitlebens nur mehr süße Mädeln
810 2198 1906 2282 und leichtsinnige Melancholiker gestalten dürfen.
1592 2255 1721 2320 * *
908 2320 2548 2383 Man scheint es noch immer gar nicht zu merken, wie weit weg er
802 2389 2540 2458 von den Gestalten und den Problemen seines Anfangs gerückt ist. Mehr:
802 2448 2542 2503 wie wenig er überhaupt zu den Bezeichnungen stimmt, die noch immer für
796 2513 2556 2576 ihn verwendet werden. In vierzehn Dramen und vielleicht doppelt so viel
803 2570 2547 2639 Novellen hat er das ganze Österrreich zur Jahrhundertwende eingefangen
791 2605 2550 2694 und das Verhältnis Österreichs zu unserer ganzen Zeit. Weniger die Fragen
802 2696 2548 2759 dieser Zeit selber. Die neunziger Jahre, die für die deutsche und österreichische
795 2734 2543 2792 Literatur so fruchtbar waren, haben in beiden Ländern ganz verschiedenartiges ge¬
798 2801 2542 2867 bracht. In Berlin trat eine neue Generation auf den Plan; in Wien begann
801 2863 2547 2910 eine alte Generation und eine alte Kultur nach beängstigend langem
794 2914 2536 2984 Schweigen endlich zu reden. In Berlin waren es die sozialen Probleme, die zur
790 2979 2539 3046 Dichtung wurden; in Wien wollten sie Schönheit ins Leben tragen. Proletarier¬
793 3032 2548 3082 dichtung dort; Luxusdichtung hier. Und Dichtung, wie sie nur in der Großstadt, nur
806 3081 2548 3164 in der Zeit des Telephons, des Autos, des Aéroplans möglich ist. Diese Art vertritt
802 3151 2540 3204 Schnitzler am reinsten. Er ist der feinste Erotiker des Wienertums. Die österreichi¬
798 3211 2553 3279 schen Dichter der Vorzeit waren gerade in den Dingen der geschlechtlichen Ethik
802 3285 2553 3344 überängstlich, haben in ihren Frauengestalten fast durchwegs „Damen ohne
794 3326 2556 3377 Unterleib“ gedichtet und durch Vexierspiegel alles Erotische und Sexuelle
797 3387 2554 3452 wegeskamotiert. Saar war einer der ersten, der den Mut zur menschlichen
1603 3461 1737 3560 352
