3344 4384
119 250 192 321 2
192 245 1459 329 —and Birthdav
882 1052 1589 1106 Bereitwilligkeit, den eigenen Schrullen
878 1105 1590 1150 und Unsicherheiten und Fraglichkeiten
874 1142 1591 1186 nachzuhängen, sich in ein kleines Er¬
878 1182 1595 1229 lebnis mit allem Zweifel und Feinsinn
868 1229 1592 1271 einzubohren, bei leisen Skrupeln zu
879 1265 1601 1308 verweilen und Tat und Fülle zu ver¬
876 1294 1599 1348 säumen. Man weiß heute genau, daß
874 1341 1599 1384 dieser so plausibel beginnende, amüsant
866 1386 1597 1440 nachdenkliche Weg tiefer führen mußte
875 1408 1596 1469 als mancher andere robustere Willen,
869 1451 1604 1499 der damals mit deutlicherer Prätension
876 1496 1597 1539 Bedeutung heischte. Schnitzler ist heute
872 1534 1598 1587 von den vielen, vielen Prätendenten
880 1583 1599 1624 der Neunzigerjahre als einer der
884 1610 1600 1664 wenigen Gekrönten übrig geblieben, er
872 1661 1599 1707 hat seine stille Art still gepflegt, und
878 1699 1606 1743 ohne schwer geworden zu sein, wiegt
877 1728 1602 1789 er heute schwer. Die plaudernden Dia¬
878 1771 1605 1817 loge des Anatol berührten bereits alle
875 1808 1604 1861 jene Fragen, die sich später als wirk¬
880 1846 1605 1902 lich tragische Fragen erwiesen haben.
884 1886 1603 1937 Man wird ja bei Schnitzler nie den
871 1927 1609 1987 Zweifel los. Das Tändelnde und das
879 1970 1599 2023 gekünstelt Problematische sind seine
889 2007 1609 2055 Gefahren, denen er nie ganz entrinnt.
876 2052 1606 2092 Aber wie er Lebensillusion und Todes¬
888 2083 1618 2133 wahrheit, Todesillusion und Lebens¬
884 2122 1615 2177 wahrheit, wie er Genuß und Gedank¬
880 2162 1616 2223 lichkeit, Lüge und Selbstbesinnung,
880 2206 1618 2260 Liebe und Egoismus nachtastend, nach¬
884 2250 1614 2293 spürend, feine Fäden wie überzarte
885 2290 1625 2338 Nerven knüpfend, künstlerisch verflicht
918 2326 1613 2371 — da wird die strichelnde und streichelnde
885 2359 1617 2404 Manier, der behutsame Tastsinn
888 2399 1621 2464 unerbittlich. Und Schnitzler hat sich
881 2438 1626 2497 aus der Misere eines überpsycho¬
889 2480 1630 2534 logischen, willensunzulänglichen Zeit¬
882 2515 1615 2583 typus dichterisch beseelte Geschöpfe ge¬
890 2559 1618 2612 holt, er hat an dem Hinsterbenden, end¬
890 2600 1614 2656 gültig Verdorbenen unserer Kultur seine
888 2633 1620 2692 sanfte Unbarmherzigkeit, seine liebens¬
891 2675 1625 2743 würdige Verzweiflung geübt. So ge¬
890 2715 1621 2768 wann er der Novelle und dem Drama
1496 2752 1619 2804 Sein
891 2757 1453 2820 neue sensiblere Formen.
894 2789 1616 2856 Suchen und Fragen ward in seinen
892 2840 1620 2887 schönsten Werken reif, ward im „Ein¬
896 2869 1631 2931 samen Weg“ beinahe Erhabenheit und
890 2910 1623 2966 in seinem Judenroman „Der Weg ins
889 2951 1626 3008 Freie“ fiebernder Nerv und beinahe
901 2988 1627 3040 Schrei. Er steht in diesen Dichtungen
902 3029 1632 3087 knapp vor der letzten, erlösenden Un¬
894 3069 1630 3121 mittelbarkeit, die überzeugt. Und immer
905 3108 1628 3170 gelingt ihm der unnachahmliche, ein¬
900 3148 1626 3202 dringliche Reiz, der sein Dichtertum
907 3193 1638 3252 ausmacht, immer findet er zur Schön¬
952 3275 1688 3335 Verantwortlich für die Redaktion: Stefan Großme
892 3364 995 3437 96
1610 218 2054 311 box 39/2
1620 1038 2345 1102 heit. Man könnte es ihm nachrechnen,
1618 1097 2343 1139 daß er immer wieder dieselben aus¬
1612 1130 2336 1186 gesuchten, oft geradezu arrangierten
1616 1166 2343 1228 Probleme und Kombinationen dreht
1613 1209 2342 1257 und wendet. Aber es liegt darin eine
1622 1256 2344 1307 rührende Selbsttreue, ein echtes Sich¬
1621 1289 2268 1343 versenken, das seinen Lohn findet.
1683 1332 2342 1384 Ein Buch wie das soeben bei
1618 1364 2348 1426 S. Fischer erschienene „Masken
1620 1415 2348 1459 und Wunder“ fügt dem Schnitzler¬
1619 1448 2351 1496 schen Terrain keine neue Grenze zu.
1615 1486 2351 1534 Aber Novellen wie „Der Mörder“
1622 1520 2347 1580 „Das Tagebuch der Redegonda“, „Die
1619 1561 2344 1620 Hirtenflöte“ sind so sehr Reife und
1621 1602 2351 1656 persönliche Meisterschaft, geben die
1618 1639 2351 1702 Form der Schnitzlerschen Novelle so
1624 1680 2356 1731 gereinigt, bedeuten ein immer wesent¬
1626 1717 2356 1769 licheres Sichablösen und Erlösen, daß
1620 1760 2361 1817 sie, vom Dichter selbst bereitet, die
1620 1775 2381 1863 schönste Jubiläumsfeier bedeuten, die
1623 1835 2376 1908 möglich war. Berthold Viertel.
1628 1930 2052 2009 Dag Ma
