3392 4384
743 242 790 312 k
179 259 2086 335 5oth and S5th Birthday box 39/2
1651 1377 2374 1439 will, was der sogenannten „breiten
883 1387 1632 1453 das Recht auf klare Verständigung
1649 1428 2379 1483 Masse“ schmeckt. Gerade die elen¬
892 1437 1643 1489 von der Bühne zum Zuschauer bleibe
1640 1467 2369 1519 desten Sudelköche, die Erzeuger der
906 1475 1641 1531 anerkannt, aber daneben soll der, der
1645 1501 2378 1563 stupidesten Operetten und der gemeinsten
900 1513 1640 1568 sich künstlerisch erziehen will, doch auch
1651 1548 2375 1598 Judenschwänke berufen sich zu ihrer
898 1560 1638 1607 an Dichtungen herangehen, die im Be¬
1646 1584 2372 1641 Entschuldigung immer wieder auf den
896 1588 1629 1642 sonderen andachtsvolles Lauschen ver¬
1646 1629 2376 1683 schlechten Geschmack der „breiten
908 1638 1636 1682 langen. Es sind nicht immer die edelsten
1650 1664 2373 1722 Masse'. Wir verlören die Achtung vor
909 1672 1639 1726 Dichtungen — wie es nicht immer die
1646 1701 2376 1760 und die Freude an uns selbst, wenn
1373 1703 1642 1762 die sich im
911 1709 1382 1763 edelsten Frauen sind —
1799 1734 2369 1792 zu so charakterarmen Dienern
1642 1750 1787 1799 wir je
912 1755 1638 1805 ersten Ansturm dem Werber hingeben.
1642 1781 2380 1831 herabsinken wollten. Und deshalb bitte
911 1789 1637 1829 Um eine Dichtung will zuweilen de¬
1653 1824 2379 1874 ich Sie: Nehmen Sie dieses Werk, das
918 1821 1630 1876 mütig, still, lauschend geworben sein!
1653 1856 2388 1915 zum erstenmal in deutscher Sprache
914 1870 1630 1915 Es gibt ein ganz einfaches Mittel, auch
1656 1913 2391 1950 höfische Menschen als Karikaturen ge¬
907 1912 1635 1960 das schwierigste Werk verhältnismäßig
1658 1937 2384 1994 sehen hat, das von shakespearescher
898 1942 1638 2004 leicht zu erfassen und dieses Mittel
1651 1976 2374 2026 Laune erfüllt und vom Mondschein der
917 1973 1642 2044 heißt: Still sein! Nicht nur äußerlich
1656 2017 2386 2071 Romantiker beglänzt ist, mit stillem,
907 2024 1645 2074 still sein, sondern auch innerlich sich auf
1646 2059 2381 2103 werbendem Herzen auf. Die große
913 2062 1639 2106 Ruhe einstellen, mit inneren Ohren
1655 2087 2383 2145 Kunst ist so klar, man muß nur ein¬
913 2105 1634 2155 lauschen, nicht gleich widerreden wollen,
1646 2136 2381 2191 fach lauschen können!...“ Es sei hin¬
913 2144 1653 2185 nicht gleich klüger sein wollen! Es gibt
1656 2176 2386 2238 zugefügt, daß nach der ersten alle
914 2183 1641 2233 einen Typus norwitziger Menschen, der
1652 2211 2383 2270 späteren Aufführungen von „Leonce
908 2228 1646 2270 sich dadurch um alle Bereicherungen
1662 2256 2036 2312 und Berhester
1089 2263 1648 2329 ##aruna des Geistes bringt,
2201 2253 2403 2326 ig unter.
1659 2277 2304 2365 echzem Beifall vonstätten gngen.
1822 2417 2175 2482 Artur Schnitzler
2192 2449 2261 2513 10
1735 2480 2298 2565 (Zum 50. Geburtstag)
1706 2560 2387 2622 Artur Schnitzler ist jetzt, zu seinem
1649 2591 2382 2651 50. Geburtstag, mit reicher Einmütig¬
1651 2638 2384 2700 keit gepriesen worden; wie es sich bei
1649 2679 2394 2741 Schnitzler, dem Vielgeliebten, wahrhaft
1660 2721 2390 2771 Respektierten von selbst verstand. Er
1651 2761 2390 2805 war nie einer von den strengen Geistern,
1662 2803 2383 2864 die abweisen, keine quälende Origina¬
1660 2842 2381 2889 lität, die zwingt. Schnitzlers Werte
1666 2881 2387 2936 schmeicheln sich ein. Er begann graziös,
1655 2922 2387 2984 plaudernd, feuilletonistisch. Er brachte
1665 2961 2381 3009 nahe, tägliche Dinge und brachte sie
1661 3003 2391 3056 reizend. Auch seine Probleme wirkten
1662 3032 2401 3091 wie Liebenswürdigkeiten und seine
1670 3071 2384 3132 sentimentale Schwermut tat nicht weh.
1662 3114 2390 3176 Konziliante Weichheit des Charakters,
1664 3165 2385 3210 geistreich pointiertes Können, zarte Be¬
1659 3195 2394 3247 lebung. Er war von allem Anfang an
1661 3233 2389 3292 das unzweifelhafte Talent, der glück¬
1664 3272 2395 3321 liche Könner, der sympathische Dichter.
1664 3311 2388 3371 Und er lebte auch stofflich in einer für
1667 3348 2395 3412 den ersten Anschein ungemein ange¬
1665 3394 2396 3444 nehmen Sphäre. Er schilderte Luxus¬
1664 3428 2390 3481 menschen, die Zeit hatten, ihre Gefühle
1668 3470 2385 3533 zu zerfasern, mit ihren Wünschen zu
1669 3506 2386 3565 spielen, ihr Herz und ihre Nerven ab¬
1666 3547 2385 3603 zuhorchen. Zeit und Geld und, was
1663 3587 2391 3657 mehr ist, Muße; eine etwas verspielte
2286 3655 2389 3730 95
