3392 4384
748 295 855 360 55
1625 289 2101 384 box 39/2
270 301 1504 384 5oth and sth Birthday
852 1358 949 1439 W
662 1410 3076 1499 sich da („Heimliche Liebe“ heißt der öde Schmarren) als Profoß Allgegenwärtigkeit ist an Schnitzler, die sehr viel Größere
197 1448 3072 1551 Schnit Zler im italienischen Kriege und entdeckt durch Zufall, daß der Re=unter den lebenden Dichtern für uns nicht besitzen: wir be¬
652 1488 3073 1576 gimentstambour ein Weib ist, das sich aus glühender Liebe dem obachteten eine Dame mit Paketen, die Weihnachtseinkäufe
170 1544 3074 1621 emäer gab es einen Bild- Hauptmann nachgeschlichen hat. Er will nun dem Vorgesetzten machte, wir fuhren mit der Eisenbahn durch sonnefließende
172 1567 3083 1671 t, irgendeiner Laune sol- den Tatbestand aufklären, kann aber, teils weil beide nicht Vorstädte, wir sahen über einen grünen Gartenzaun Georginen¬
1858 1646 2757 1707 büsche nicken, und wir fühlten schon Schnitzler.
678 1641 1869 1721 allein im Zimmer sind teils vor eigenem Erstaunen, nicht
163 1654 676 1714 ot und tierischen Abfällen
1915 1654 3080 1747 In einem Sonett, das er dieser Tage an ihn richtete, rief
680 1691 1875 1763 recht mit der Sprache heraus und macht deshalb vor seiner
163 1699 687 1768 dere gemacht hatten, nicht
1858 1709 3074 1781 Eulenberg aus, Schnitzler sei fast das „Einzige, wodurch wir
676 1730 1867 1802 eigenen Brust verzweifelt konvexe Bewegungen, die andeuten
169 1751 682 1805 Eirbeit dieses Mannes den
1862 1755 3082 1831 draußen Wien noch kennten“. Das ist schon richtig; denn
183 1775 1864 1856 gte er, „einer wie großen sollen: „Der Kerl dort ist kein Mann, er hat einen Busen!!“
1861 1802 3077 1866 Schnitzler ist wirklich der einzige unter den Könner., der in
185 1810 1852 1903 zu machen, daß diese Fi¬ Das — niemand wird es ernstlich in Abrede stellen wollen —
1864 1845 3087 1914 Wien geblieben ist. Die Hofmannsthal, Beer=Hofmann, Wasser.
199 1861 1874 1924 Diese Geschichte ist sich ist eine Schweinerei. Jetzt aber beobachtet nur, wie Girardi
1872 1881 3085 1957 mann, sie sind körperlich, postalisch, polizeilich in Wien ge¬
674 1911 1876 1983 es bringt! Als ob ein Panzerturm von Keuschheit um sie her
198 1920 678 1989 Alexander Girardi an¬
1867 1915 3098 2002 blieben; geistig aber haben sie nichts gemeinsam mit einer
670 1953 1868 2040 plötzlich aus der Erde wüchse, bewegen sich seine Hände. Keine
179 1962 685 2029 so weise wäre wie jener
1866 1978 3079 2043 Stadt, in der sie kein Publikum haben, die nicht einmal ihre
684 1983 1868 2080 Zote formt sich, sondern höchste Humanität: Gott hat den Mann
183 2005 685 2082 jetzt, anläßlich des wiener
1869 2018 3096 2085 Bücher verlegt und die es ihnen übel nimmt, daß sie keine
679 2038 1878 2118 so geschaffen wie er die Frau nicht geschaffen hat; verehren wir
204 2053 678 2112 sich über und über zu
1872 2060 3078 2137 Texte für Fall und Lehär schreiben — sie leben in einem ide¬
672 2088 1867 2158 ihn auch darum; ihn, der die Ulme anders gemacht hat wie die
188 2098 690 2173 rch vollendete Kunst, die
1870 2100 3094 2179 ellen Weimar. Und gar Karl Kraus? Er ist so wenig Wiener,
678 2130 1880 2196 Eiche. Also Religion. Also für das Herz gerettet, was unter
1872 2155 3081 2225 wie es im Jahre 1805 Napoleon war. Würde er nicht,
685 2173 1540 2258 den Gürtel treffen sollte: höchste Humanität!
176 2166 689 2259 Gestalt von Shakespeare
1874 2189 3087 2264 wenn er die Macht hätte, Kahlen= und Leopoldsberg mit Bat¬
734 2202 1890 2287 Höchste Humanität: aus der kitschigen Operettensentimen¬
183 2222 692 2296 eines reinsten karrari¬
1865 2236 3081 2306 terien besetzen lassen und das Tal in einer Sintflut von Kar¬
681 2253 1887 2332 talität, daß sich ein Mann mit einem Kanarienvogel unter¬
188 2271 690 2339 wahr werdet ihr, die
1865 2275 3096 2350 tätschen ertränken? Aber Schnitzler, Schnitzler ist in Wien
670 2305 1886 2382 hält, macht Girardi das grundlegende Zwiegespräch zwischen
180 2312 685 2388 nmeißelnd, einem Mix¬
1874 2320 3091 2396 geblieben und hat gleich Girardi die unscheinbare und schlechte
177 2347 1883 2423 eck begegnen. Eng und Mensch und Tier über die Lasten des Daseins. (Wie er schon
1875 2374 3091 2441 Materie aufgelesen und zur Sonne gehoben. Er hat voll¬
692 2381 1896 2463 vor Jahren seine berühmteste Leistung, das „Fiakerlied“, vor
176 2399 692 2475 tchoulifläschchens ist dank
1869 2411 3086 2494 bracht, wozu Peter Altenbergs Kraft nicht häufig genug aus¬
678 2433 1884 2514 ähnlich ungeheure Hintergründe gestellt hatte. Das Kutschieren
168 2455 696 2511 WWelt schon geworden und
1883 2464 3092 2527 reichte: das Talmi aus eigener Kraft in Gold zu verwandeln.
677 2481 1882 2549 als Gottesdienst, das Verwobensein mit dem Pferde als ein
168 2498 696 2573 ammertal: wer zum Bei¬
1871 2497 3091 2581 Auch ihm war es, in einer koketten und spielerischen Jugend,
175 2524 1889 2592 einer Frau reuelos glück= Schicksalsgeheiß, dies Auf=dem=Bocke=Sitzen ganz und gar um
165 2537 3088 2653 ibt „dja, ßo a Weiberl is des Lebens und nicht um der Eitelkeit willen, das war's, ihr nicht immer ernst darum. Aber längst ist Schnitzler nicht mehr
1871 2576 3098 2665 der Dichter des süßen Mädels. Eine Durchgottung ist hinzu¬
171 2600 1874 2686 im Verkehr mit der Archi= Leute, was euch Tränen erpreßte; und nicht etwa die Glori¬
1876 2626 3098 2709 getreten, eine begierdelose und schöne Ruhe, ein weiseres Ins¬
695 2655 1883 2725 fizierung speziell wienerischen Fuhrwesens war daran schuld.)
175 2675 706 2743 hen Wiens in den Straßen
1877 2676 3110 2747 Auge=Fassen der Dinge. Die wissen nichts von ihm, die nicht
695 2696 1883 2781 Jenes Zwiegespräch nit dem Kanarienvogel wird von Girardi
169 2721 692 2786 ndarf „Eiserner, eiserner
1891 2718 3097 2795 freudig bekennen, daß der heutige Schnitzler hundertmal be¬
174 2741 1895 2823 rhöltnis an!“ Schon er= nicht schlechter gespielt als Homer die Begegnung des
1887 2775 2768 2845 deutender sei als der vor zwanzig Jahren.
1643 2774 1893 2845 und gerade
192 2794 1606 2859 und Fiakern, Mizzi und Odysseus mit dem Hunde geschrieben hat:
1931 2801 3086 2877 Was mir der Schnitzler von heute ist, wie fasse ich es ein?
687 2833 1893 2908 hier erwächst für jeden Liebhaber des Schauspiels die Frage:
168 2844 706 2913 nquälender bevölkert, Welt¬
1882 2837 3105 2923 Ein Gleichnis muß herbei das mir einst von ihm träumte.
688 2862 1887 2948 warum muß sich dieser Künstler überhaupt an so Unwürdiges
165 2886 700 2970 nen hoch erhoben, stürzen
1878 2896 3090 2971 In einer der sonderbaren Transpositionen, die Träume vielem
698 2908 1890 2991 verschwenden? Wenn seine Natur ins Klassische sich schon nicht
190 2937 692 2998 Gott aber, der weder das
1887 2938 3093 3022 zu geben pflegen, sah ich Schnitzler einmal als Sache: er war
699 2968 1893 3041 fügen wollte, warum begibt er sich nicht in den Dienst des
167 2986 698 3051 nte, hat ein Einsehen und
1888 2970 3098 3059 ein englisches Landhaus im Wienerwald. Drinnen wurde in
693 3002 1895 3080 Mannes, der als einziger gleich ihm, ein Wiener bleibend
177 3024 700 3091 r durchaus nicht, wie man
1880 3022 3096 3101 weiß getäfeltem Raume von kühlen und freundlichen Diene¬
701 3054 1884 3125 das wiener Wesen geadelt und an Gott zurückgegeben hat?
171 3073 702 3141 Wieners ist, sondern dessen
1897 3057 3110 3143 rinnen der Tisch gedeckt, eine weiße, sehr vornehme Kaße
699 3093 1891 3172 Warum bringt er uns nicht die Menschen Arthur Schnitzlers?
195 3113 701 3182 die Kultur, ans Große
1890 3112 3099 3191 schnellte die Treppe herauf, dann wurde alles still, nur ein
748 3135 1895 3212 Arthur Schnitzler: wenn in den letzten Tagen unsere Ge¬
185 3157 710 3229 irardis zu Wien: daß er
1897 3156 3105 3237 Klavier erklang im leisen Zugwind. Es kam eine Schubert¬
691 3186 1896 3266 danken vom Parlamentskonflikt, vom dänischen Thronwechsel,
186 3201 710 3279 Gott zurückgibt. Siehe,
1890 3203 3116 3277 weise zur Tür herein, sie lächelte durch das Fenster wieder
697 3215 1896 3304 vom Türkenkrieg gleichwie in eine plötzlich aufgetane Heimat
181 3255 704 3319 beiligbringergleichnis wäre,
1895 3240 3101 3323 hinaus; an vielen Fliederbüschen vorbei die Lindenallee ent¬
705 3274 1889 3356 zu diesem stille leuchtenden Namen immer wieder zurückirrten
178 3294 702 3349 mal Uebertreibung ist es.
702 3340 3112 3382 — da fühlten wir auf einmal, wie rettungslos von je die Taten lang zur Donau tauchend zerfloß sie am abendroten Himmel.
176 3338 724 3405 Materie dieser Mann seine!
2381 3350 3085 3418 Heinrich Eduard Jacob.
184 3361 1924 3457 nehmen hat! Er befindet dieses nun Fünfzigjährigen unser Herz umstellt hatten. Eine
