3392 4384
2041 225 2239 308 ——
1611 294 2064 385 box 39/2
264 293 1618 411 Soth and 55th Birthday
593 1180 2354 1251 ten zusammen, sperrte sie in die Schublade und steckte den Schlüssel zu
602 1273 2349 1327 sich.“ Und wer ist unter uns, der sicher wäre, daß nicht auch ihn der
597 1324 2359 1399 Herr noch erhört? Arthur, mir bangt oft, denn Anatol hat viel zum Hofrat
596 1371 836 1442 Pharaos.
718 1436 2353 1504 Du hast jetzt Erfolg um Erfolg. Aber Du weißt ja, daß man in dieser
610 1510 2350 1568 Stadt hier nur durch Mißverständnis Erfolg hat, dadurch allein, daß die
593 1553 2346 1618 Leute nicht merken, wer man ist. Warum soll man sich ein solches Miß¬
607 1615 2357 1680 verständnis nicht gefallen lassen? Aber gib dem Teufel nur dieser kleinen
596 1668 2357 1743 Finger, so hat er Dich schon und Du wünschest Dir dann, daß sie Dich
604 1729 2363 1794 mißverstehen! Nein, Arthur, man kann nicht unerkannt berühmt sein. Es
596 1786 2362 1844 hilft Dir nichts, einmal wirst Du doch wählen müssen. Wählen zwischen
607 1842 991 1911 Wien und Dir!
732 1904 2362 1962 Weißt Du noch, daß ich Dir das schon vor Jahren schrieb? Ganz
607 1967 2362 2022 plötzlich kam es einmal über mich. Ich taumelte damals noch im Irrgarten
607 2025 2362 2080 der Theaterkritik, da saß ich einst in einem Stück von Dir, auch einem
608 2074 2356 2146 der Stücke, die mir so gut gefallen, bis mir dann auf einmal einfällt, daß
606 2133 2365 2205 sie von Dir sind, denn von Dir gefallen sie mir nicht, weil Du mehr bist
608 2197 2360 2258 und ich, was Du bist, ganz von Dir will. So saß ich ganz beklommen da
607 2260 2358 2322 und dann sollt“ ich über das Stück schreiben, ich fing es zu erzählen an,
606 2323 2363 2386 aber ich mußte Dir alles sagen und so verwandelte sich die „Rezension“.
605 2379 2364 2438 mitten drin in einen Brief an Dich — o die armen Abonnenten des Neuen
604 2423 2357 2486 Wiener Tagblatts, die werden am andern Tag erschrocken sein! Ich aber
611 2484 2376 2549 konnte nicht anders, ich mußte, so schrieb ich mitten drin plötzlich auf
609 2544 856 2621 Dich los:
735 2595 2366 2685 „Beiseite leben. Still sein. Sich nicht vermessen, um sich nicht zu
607 2668 2357 2723 verlieren. Umgekehrt wie Brand: nicht „alles oder nichts“, sondern da¬
600 2723 2364 2800 zwischen. Nicht hochmütig auf die Wahrheit pochen, die, wenn sie extrem
612 2789 2356 2850 wird, über unsere Kraft geht. Die kleinen Lügen nicht verachten, aus denen
609 2851 2366 2900 doch manchmal etwas so Wirkliches wie dieser kleine Bub hier wird, worin
617 2905 2368 2960 vielleicht das eigentliche Wunder und das letzte Geheimnis unseres Lebens
605 2966 2356 3034 liegt. Eine Gesinnung, die sich seit ein paar Jahren bei Schnitzler immer
620 3018 2356 3079 wieder meldet, sogar im „Einsamen Weg“, seiner reichsten, so wunderbar
2154 3079 2357 3144 — lieber
616 3090 2124 3154 tiefen und reichen Dichtung. Eine Gesinnung, die auf mich
604 3135 2355 3190 Arthur, sei nicht bös, aber: Bekenntnis gegen Bekenntnis — allmählich
614 3195 2362 3250 unerträglich pensioniert wirkt. Eine Gesinnung, mit der sich auch Hebbel,
610 3252 2356 3313 durch Österreich gebrochen, betrogen hat: Kraft oder Schönheit gehört in
621 3320 2359 3388 unser Leben nicht, nimmt, wenn sie sich darin zeigt, eine Schuld auf sich
609 3371 2370 3438 und muß sie tragisch büßen. Ich habe sonst meinen Marxi mus mit der Zeit
606 3428 2368 3491 recht bedingen gelernt, aber da muß ich doch sagen: Dies scheint mir
621 3489 2369 3550 wirklich nichts als der geistige Ausdruck einer sinkenden ökonomischen
617 3559 2367 3628 Klasse zu sein, die, da sie sich durch die Entwicklung unaufhaltsam zer¬
618 3603 2381 3684 rieben fühlt, jetzt einfach aus dem Leben desertieren will. Durch unsere
1428 3691 1555 3769 335
