3392 4320
1593 342 2055 457 box 39//2
241 342 1491 464 Soth and 55th Birthday
721 1040 1497 1151 Klose & Seidel
672 1134 1578 1207 Bureau für Zeitungsausschnitte. =
611 1193 1594 1279 Berlin NO 43, Georgenkirchplatz 211.
706 1286 1502 1373 (Liest die meisten Zeitungen und ist das
693 1354 1507 1438 bestorganisierte Bureau Deutschlands.)
583 1436 1427 1565 Pracr
990 1534 1274 1630 Wien
584 1560 741 1646 Ort:
877 1640 1184 1727 N Ad.
571 1665 1511 1764 Datum
812 1807 2266 1913 ARTHUR SCHNITZLER 20 SEINEM
623 1888 2404 2007 FÜNFZIGSTEN GEBURTSTAG. VON FRANK
1320 1974 1781 2087 WEDEKIND.
891 2092 2417 2185 rthur Schnitzler ist ein deutscher Klassiker. Ich weiß keinen
903 2177 2414 2252 anderen lebenden deutschen Schriftsteller, von dem sich das mit
908 2241 2425 2321 gleicher Sicherheit behaupten ließe. Das charakteristische Merkmal
653 2281 2419 2352 E in seinen Werken ist die Meisterlichkeit, mit der sie zu Ende
669 2339 2420 2417 geführt sind. Kein anderer verdient so wie er die Bezeichnung eines
663 2402 2420 2485 Meisters. Obschon seine ersten Arbeiten gleich die größte Beachtung fanden,
681 2457 2425 2546 wurden seine Werke doch zwanzig Jahre lang tief unterschätzt. Der Mangel
666 2514 2419 2597 aller Aufgeblasenheit, aller Gespreiztheit, alles falschen Pathos und aller
673 2589 2417 2656 Maniriertheit ließ ihn den Hausknechten des Naturalismus als kein sauberer
681 2626 2428 2726 Gast auf dem Parnaß erscheinen. Heute liegen die Dinge so: Von Schnitzlers
686 2690 2428 2771 fünfundzwanzigjährigem Lebenswerk ist nicht eine Zeile veraltet oder überlebt.
685 2773 2427 2839 Im Gegenteil, seine frühesten Arbeiten haben sich durch ihre künstlerische
677 2817 2436 2892 Reife erst in allerjüngster Zeit das große Publikum erobert, Schnitzlers
679 2865 2430 2950 Anfänge fielen eben in eine Literaturepoche, die gerade für das beste, was
677 2953 2436 3008 sie hervorbrachte, nicht die geringste Schätzung hatte. Es war jene Zeit,
687 2981 2438 3068 als soziale Gesinnung und Affektiertheit der Ausdrucksweise die literarischen
677 3044 2440 3115 Triumphe erkämpften, als ein Dramatiker für umso unsterblicher gehalten
673 3115 2441 3170 wurde, je sklavischer er der engherzigen, pedantischen Tagesmode huldigte.
674 3162 2447 3251 Heute, wo die literarische Falschmünzerei jener Tage aufgedeckt und abgetan
684 3240 2439 3302 ist, steht Arthur Schnitzler als der Dichter da, der Deutschland in den
678 3278 2447 3356 verflossenen zwanzig Jahren die größte Zahl vollendeter Werke geschenkt hat.
