3296 4384
1571 190 2042 289 box 39/2
199 191 1460 313 Sothand 55th Birthdar
1837 802 2035 888 Aulte. —
105 819 278 914 allen“.
783 827 1825 913 stimmten eiligen Sendungen an die Adresse von
1868 848 2627 934 Max Laufer-Posen, Ersatzdelemierter.
125 879 782 969 1, abends 8 Uhr: Festessen im
779 896 1825 972 Frl. Betty Frankenstein, Posen, Residenz¬
1838 897 2873 984 Ratibor: Siegfried Fröhlich, Frau Rösi Fröh¬
110 935 268 1000 shof“.
784 929 1171 1000 hotel, zu richten.
1871 938 2425 1007 lich, Ratibor, Oelegierte.
781 1036 1826 1100 fertigen, vor andern und — vor sich. Sie schweben
1842 1048 2898 1101 er nur leben kann, in die Wirklichkeit hineinstili¬
101 1032 771 1152 itzler und sein Wien
780 1088 1826 1151 in der Luft, jene Makler des Geistes, weil sie nicht
1839 1088 2892 1156 sieren, um sie dinglich zu sehen und zu leben.
779 1125 1838 1188 in sich hineinhören können und dürfen. Denn sonst
1844 1137 2890 1202 Schnitzler hat denn auch stilisiert und typisiert;
102 1130 776 1221 e des Dichters — 15. Mai 1912.)
782 1177 1834 1225 würden sie einen Posaunenton hören, der sie ins
1847 1189 2889 1249 Anatol, Lieutnant Gustl, Marie (aus der „Liebelei“)
131 1195 363 1274 (Schluß.)
790 1219 1825 1282 Nichts wirft, in das eigene Nichts, welches sie aus¬
1847 1228 2889 1279 sind die Namen für diesen Stil. Und so wurde er
94 1236 778 1317 bend und das Sterben sind denn
789 1271 1821 1333 füllen, indem sie andere glauben machen, daß sie
1839 1264 2891 1328 denn zum Typus, zu seinem Typus. Und wurde
105 1298 771 1363 n und zartesten Gebilde Schnitz¬
791 1304 1830 1380 fremde Lücken füllen. Die Jubelchöre Schnitzlers
1849 1310 2891 1374 „Jung-Wien“. Was das wirklich geistige „Jung-Wien“
104 1347 781 1405 Feinheit einer perlendurchwebten,
783 1354 1829 1412 sind das Wien der letzten Jahrzehnte, jenes Wien,
1844 1357 2889 1423 hervorbrachte, hat in Wien — dort wo es gemarktet
106 1394 776 1459 ichnet in diesen Bildern wunder¬
787 1382 1829 1454 das nur aus Juden zu bestehen scheint, weil seine
1850 1398 2889 1446 wird — wenig Würdigung gefunden, Nur die Halb¬
105 1441 771 1494 ke reinster Art. Die Novellen
786 1438 1835 1497 geistige Form von Juden gegossen wird. Nicht der
1841 1444 2889 1516 heit und das Literatentum wird hoch gewertet: Hof¬
110 1475 779 1542 d eine jüngst in einer Zeitschrift
789 1483 1831 1545 Inhalt. Denn dieser ist entweder Unkönnen oder Halb¬
1839 1491 2884 1556 mannstals unaristokratische Stilnatur, die nach der
110 1526 780 1581 g lassen die echte Kunst Schnitz¬
787 1528 1832 1585 können, also nicht der Rede wert. Marktware, ge¬
1833 1532 2895 1595 Distanz vergebens strebt, weil ihr die Einheit und
110 1572 787 1637 ieser Erzählung — ihr Name ist
782 1568 1827 1633 sprungene Töpfe ... Dies heißt „Jung-Wien“. Und
1842 1578 2891 1638 Festigung fehlt, das Bewußtsein des Blutes, das den
106 1615 782 1673 st noch nicht in Buchform er¬
780 1611 1828 1673 dort wurde auch Schnitzler eingereiht, weil — er
1834 1609 2889 1684 Adel auch in der Kunst ausmacht, hat hier Anklang
114 1651 770 1710 er Mord eines Mannes an seiner
784 1658 1825 1713 von einer Leichtigkeit des Lebens sprach. Diese ist
1835 1661 2884 1729 gefunden. Noch mehr aber das unbedenkliche Artisten¬
104 1695 784 1775 echtes Ende mit menschlichster
777 1704 1829 1756 der Ruf seines Schaffens, die Sehnsucht seines Er¬
1836 1695 2888 1763 tum eines Felix Salten. Weniger schon die selbst
134 1738 670 1807 die stärkste Kunst
780 1742 1828 1806 lebens. Sie ist die Sehnsucht aller Juden, die eine
1831 1755 2884 1812 in der Stärke der kalten Reflexion noch lühende,
114 1770 783 1855 arke, reine Kunst kam in eine
782 1796 1820 1851 reine Seele haben, Aber die diesen Ruf hörten,
1831 1794 2880 1859 wenn auch stilisierte Künstlerschaft Stefan Zweigs,
116 1835 786 1897 Zeit, die ihr zujubelte. Anatol
782 1835 1834 1892 verstanden ihn falsch; sie glaubten, es handle sich
1832 1845 2888 1897 der sich leider zu früh ausgegeben hat. Und komisch
129 1879 771 1945 rberühmt. Er bekam die Marke
779 1877 1827 1929 um die Seichtheit des Lebens, um die episodistische
1834 1884 2886 1935 ist es geradezu, mit welcher kühl-verächtlichen Ehr¬
114 1919 773 1970 ind behielt sie. Was Schnitzler
791 1925 1832 1985 Halbheit des Fühlens, während Schnitzler von der
1838 1924 2883 1992 furcht die Kunst Jakob Wassermanns gewertet wird,
135 1965 781 2023 war im Sinne seines Schaffens
782 1969 1817 2017 Ganzheit des Erfühlens einer Episode sprach. So
1832 1970 2885 2036 der einzigen Begabung, welche „Jung-Wien“ her¬
116 2014 776 2069 aßte Episode, bald in die Szenen¬
780 2011 1832 2063 wurde Schnitzler, der in Wirklichkeit nur zufällig
1835 2009 2891 2073 vorbrachte oder hervorgebracht haben will. (Wasser¬
122 2052 781 2113 im weich-anmutigen Waldbach¬
790 2057 1828 2111 aus seinen Sinnen heraus sich in seinen Werken in
1836 2056 2884 2116 mann und sein Schaffen haben mit Wien höchstens
108 2099 785 2151 ich wertvolleren Novellen —, es
783 2098 1828 2146 Wien gestaltet, „wienerisch“ Und wird gefeiert von
1830 2101 2889 2160 die Bezugsquelle für das zum Dichten unentbehrliche
118 2144 771 2199 Fraziöses Wien“, als „Anmut der
791 2131 1833 2206 denen, die niemals die Größe seines Schaffens er¬
1828 2141 2887 2199 Papier gemeinsam.) Wassermann ist übrigens das
109 2184 778 2235 Ener Schönheit“ ausgerufen. Und
791 2186 1830 2249 kennen können, weil sie — um nur eine Stärke
1837 2180 2889 2239 Beispiel des Ringenden, dem sein Schaffenskampf
107 2230 780 2291 Aus Mißverstand. Denn die da
794 2224 1826 2293 seines Werkes zu nehmen — nie das Ende des Lebens,
1838 2234 2883 2295 durch kein Volk, das ihm folgt erleichtert wird
100 2262 773 2333 elten, die hatten längst das Ver¬
784 2259 1822 2331 den sinkenden Augenblick gut erleben können, sie,
1835 2273 2884 2338 und der darum im ungezügelten Drang die gewag¬
105 2299 785 2369 oren, mit reinen Sinnen einen
782 2302 1827 2381 die stets Gefahr laufen, in das furchtbare Nichts
1835 2311 2891 2367 testen Pfade beschreitet, um — sich im anderen
789 2358 1838 2436 geschleudert zu werden und sich darum dagegen
107 2358 780 2417 en und die Episode des Augen¬
1833 2366 2885 2429 Menschen, im Verstehenden zu finden. Anders
796 2401 1483 2470 wehren müssen mit Verzweiflung.
98 2390 788 2472 Quernden Wert durch den Inhalt
1843 2403 2885 2482 Schnitzler; Ihm war das Glück des Marktes hold.
103 2439 776 2512 s zu machen. Sie leben in der
862 2432 1835 2514 In den Geist „Jung-Wiens“ wurde Schnitzler hin¬
1833 2459 2879 2529 Und doch zerstörte es etwas in ihm und machte
107 2486 780 2554 WWillkür konstruiert hat, ein halbes
790 2483 1833 2551 einstilisiert, der Meister der Stilisierung — ein jüdi¬
1840 2496 2104 2571 ihn einsam.
784 2531 1836 2585 sches Erbteil übrigens, halb urorientalisch, halb golus¬
114 2538 777 2600 ammenhänge imaginärer Art, sind
105 2568 784 2643 Dinge, weil sie sie nicht sehen
791 2582 1840 2644 haft; denn der Jude als Orientale sicht die Dinge
1902 2558 2882 2629 Dem Dichter Schnitzler, welcher in der Feinheit
125 2603 778 2683 , und Knechte der Beziehungen,
779 2622 1848 2683 im plastisch-konturierenden Glanz einer heißen Sonne
1833 2616 2885 2677 der Empfindung wie in ihrer Reinheit dem Dänen
111 2647 2877 2744 üssen, um ihr Leben zu recht- und der Golusjude muß die Relationen, die allein! Herrmann Bang in gewissem Sinne gleicht —
