3344 4384
1544 231 2006 342 box 39/2
167 243 1429 351 ndBithdar
205 1376 3035 1455 die Wahlrechtsreform verwirklicht wird, 1 gestelll. Gleichzeitig konnen amo die # ug unt der  umsergesnn uun
3029 1409 3097 1521 825
2928 1451 3000 1518 1
1249 1515 2269 1570 ten nach außen, als den Fruchtbarsten und Er¬
2277 1513 3165 1595 schöpfe, die er liebt, sondern irgendeinen
383 1536 1057 1645 Artur Schnitzler
1253 1566 2269 1641 folgreichsten anerkannten. Schnitzler gehörte
2278 1571 3256 1628 re. Vermutlich eine, die viel Geld hät. B
2279 1622 3265 1686 Schnitzler heiratet „er“ immer eine „Andere
1246 1609 2270 1679 nie zu den Stürmern und Drängern. das Stür¬
340 1625 1111 1720 (Feuilleton der Budopester Presse.)
2275 1663 3265 1738 Anatol sagt dem Glück, der Jugend, der schü
1254 1668 2274 1741 men überließ er den anderen. Er suchte sich
518 1688 930 1771 Ven Eugen Lüzär.
2277 1717 3263 1776 nen Freibeit Ade und bescließt sein fröh
1248 1719 2268 1780 einen ruhigen, einsamen Weg, der sachte an¬
773 1726 1189 1837 (Nachdruck verbolen.)
2281 1769 3255 1830 liches, seliges, wienerisches Junggesellenlebe
1241 1764 2272 1829 steigend auf ein mäßig hochgelegenes Plateau
2280 1818 3274 1872 mit einem Abschiedssouper, bei dem der Cham
1252 1816 2272 1877 führte. Von hier genoß er ausruhend den freie“.
290 1790 1227 1878 Jung-Wien ist merklich gealtert. Nicht
2275 1871 3261 1927 pagner in Strömen fließt, sirbernes Frauen
1245 1863 2261 1943 Ausblick in das umliegende Land, in das weite
220 1868 1241 1929 von gestern auf heute, nicht über Nacht. auch
1237 1916 1619 1997 Land der Seeic.
2283 1918 3265 1982 lachen erklingt, getanzt, gejubelt, umhergetol
213 1921 1229 1990 die einzelnen Etappen des stetig fortschreiten¬
2275 1972 3246 2029 wird und in den Augen Tränen schimmern.
1350 1941 2272 2026 Unten wogle der Kampf der Stürmer, die
210 1974 1238 2034 den Prozesses waren nicht gesondert wahr¬
1257 2010 2266 2080 er verlassen hatte. Sie, die unter Führung des
2367 2013 3270 2081 Das süße Mädel ist aus Anatols Leben ver
207 2014 1231 2091 nehmbar. — e kam nicht vor. daß wir sagen
1246 2059 2262 2134 ewig stürmenden, ewig nährenden Hermann
2268 2057 3269 2129 schwunden, er wird ihr im Prater nicht meh
197 2065 1236 2129 mußten: „Da hal einer dieser Jungen ein merk¬
2276 2106 3267 2178 freundlich zunicken, sondern wird im Wage
1246 2119 2274 2183 Bahr ausgezogen waren, die Welt zu erobern
204 2109 1240 2188 würdiges Zeichen von Hinfälligbeit gegeben“:
2274 2169 3268 2238 zurückgelehnt, zu der neben ihm sitzenden Le
1254 2168 2274 2232 und einen Teil, die deutsche Dichtkunst, auch
270 2161 1245 2240 —dennoch ist es heute so. daß wir die Spuren
2272 2219 3259 2288 gitimen müde und freudlöse Worte sprechen
1259 2213 2268 2281 wirklich erobert hatten, mußten zu ihm kom¬
204 2221 1239 2285 de Alters in dem einst geliebten Antlitz deut¬
1245 2265 2257 2330 men, wenn sie ihn sehen wollten. Er blieb ein¬
204 2266 1244 2344 lich erkennen, daß etwas, das uns lange Zeit
2354 2271 3264 2335 Das Wiener süße Mädel hat Artur Schnitz
1251 2304 2275 2391 sam und genoß den Respekt, der dem Einsamen
217 2310 1241 2383 voll heißen Lebens schien, die süße Anmut, die
2274 2323 3268 2396 ler erfunden. Es hat gewiß nie existiert. Jeden
1257 2370 1556 2436 gezollt wird.
205 2370 1233 2442 uns hinriß, eingebüßt hat, daß da etwas zer¬
2270 2368 3263 2437 falls ist es heute nicht mehr zu finden. Da
204 2406 1239 2485 ronnen, verweht. vergangen ist. das wir noch
2271 2430 3257 2493 junge, liebe, bescheidene Geschöpf, das sein
1333 2397 2263 2480 Am Anfange seines Weges stand Anatol.
199 2462 1238 2528 vor kurzem blühend und kraftvoll wähnten.
2280 2477 3263 2537 Jugend. seinen Liebreiz freudig opfert, um den
1247 2470 2263 2546 Anatol. der junge, gutmütige, leichtberzige und
194 2515 1237 2586 „Und heute sehen wir rückblickend, daß dieser
2276 2526 3258 2583 geliebten Mann ein kurzes Glück zu verschaff
1251 2516 2267 2581 elegante Wiener Lebemann. Anatol liebt die
208 2565 1235 2645 schönen, starken und fruchtbaren Bewegung.
2261 2570 3266 2633 fen. war in Wien nie zu Hause. Dennoch ist
1244 2566 2275 2634 Behaglichkeit seiner Junggesellenwohnung, die
205 2613 1244 2678 die vor etwa fünfundzwanzig Jahren von Wien
2269 2625 3218 2689 zum Schlagwort geworden, zur Etikette
1241 2622 2257 2683 Eleganz seiner Kleidung, die vornehme Lässig¬
205 2662 1229 2734 ausging und Deutschland im Sturme eroberte.
2275 2676 3265 2743 Schnitzlerschen und überhaupt der Wiene
1250 2666 2263 2739 keit seiner Bewegungen, die Soupers bei Sacher.
207 2717 1231 2777 eine kurze Lebensdauer zugemessen war. daß
2264 2716 3266 2784 Dichtkunst. Als literarische Figur ist es kei
1233 2717 2272 2792 die Wagenfahrten im Prater, seine eigene
198 2761 1238 2837 sie den Tod im Herzen trug, als sie im Jugend¬
2272 2772 3269 2829 urwienerisches Erzeugnis, sondern der Parisel
1247 2768 2264 2830 „nachdenkliche“ Seele. sein Wienertum, und er
211 2817 1039 2900 überschwange dem Leben zujauchzte.
2267 2820 3264 2873 Midinette, der Geliebten des Quartier Latin
1252 2823 2261 2890 liebt die entzückenden, süßen Wienerinnen.
2281 2853 3259 2933 Bewohners nachgebildet. Auch Anatol hat sei
1241 2869 2265 2945 Ihnen zuliebe ist alles andere da. Ihnen opfert er
289 2843 1226 2941 Artur Schnitzler ist fünfzig Jahre alt. Er
2272 2924 3255 2983 weltmännisches Wesen aus Frankreich bezo
1240 2927 2264 2989 sein Leben, sein Vermögen und schließlich sein
197 2916 1240 2999 ist in das Alter eingegangen, in dem man die
2269 2959 3267 3035 gen. Beide Gestalten sind in der französischen
1248 2968 2264 3038 Glück. Denn schließlich, — nach einer Reihe
187 2968 1226 3047 Rolle des Führers gern mit der des von ferne
2269 3020 3259 3080 Literatur schon lange beimisch und aus den
1237 3013 2265 3087 von leichtfertigen, graziösen, ein bischen me¬
199 3021 1238 3085 Zuschauenden vertauscht. Lange Zeit war er
2270 3068 3210 3140 Leben der französischen Hauptstadth in
1236 3070 2260 3138 lancholischen Dialogen, — heiratet er. Natür¬
193 3082 1228 3146 der nominelle Führer der jungen Wiener Dich¬
200 3138 3260 3177 ter, die ihn bereitwillig als ihren Repräsenlan- lich eine andere. Nicht eines der süßen Ge- übergegangen. Von Schnitzler wurden sie im
