3344 4384
1600 289 2059 395 box 39/2
241 291 1593 376 50th and 55th Birthdan
873 948 2498 1023 Nicht, daß in beiden Jugendwerken ein Mädchenschicksal unser Mit¬
750 1000 2514 1083 leid anruft, sondern daß ich ihre beiden Menschengruppen in unserer Zeit
753 1060 2503 1136 und in meiner Phantasie verankert fühlte, das griff so tief in mein Leben ein.
755 1132 2503 1196 Die zwei wichtigsten sozialen Stände spiegelten sich wider, und zwar in der
758 1173 2510 1263 wunderbaren Normalität der Darstellung, die wie ein goethisches Nacht¬
749 1241 2516 1307 lied ihre Wirkung auf keinen empfindenden Menschen verfehlt. Was neben
748 1303 2507 1381 Hauptmann und Schnitzler auf der Bühne erschien, war mit wenigen Aus¬
761 1361 2518 1431 nahmen auf ein Publikum eingestellt, das unter oder über der Normalität
761 1424 2511 1503 lag: breite Masse oder intellektuelle Auswahl. Dieses Paar aber sprach zu
758 1467 916 1538 allen!
870 1525 2499 1583 Die schöne Knappheit des sprachlichen Ausdrucks bei verschwende¬
754 1580 2508 1640 rischem und unaufdringlichem Reichtum an realistischen Details brachte mir
747 1638 2510 1729 den Begriff der Vollkommenheit zum Bewußtsein; ich wurde in Schlesien
758 1707 2512 1791 und in Wien heimisch, ohne je dort gewesen zu sein, und mein Gedächtnis
756 1774 2396 1853 gewann so viele Seelen, wie Personen auf den Theaterzetteln standen.
1144 1924 2128 2014 MAITAGE. VON GEORG HIRSCHFELD.
984 2010 2512 2069 Is hat einen schönen und auch wunderlichen Klang, daß Arthur
1009 2065 2504 2149 Schnitzler fünfzig Jahre wird. Nicht weil er ein ewiger Jüngling
998 2128 2440 2186 ist, der nur hinausdenkt ins Kommende, niemals Alternde
751 2168 2508 2265 1er steht uns stärker als Mann zur Seite in seiner gereiften
752 2245 2501 2299 Dichterkraft, in seiner erkenntnistiefen, ärztlichen Güte. In uns anderen
745 2302 2497 2377 lebt die Unrast ewigen Jugendgefühls, wenn wir an Schnitzler gemahnt
752 2358 2512 2417 werden. Ein Erinnern an den Frühling, welcher der Frühling dieser ganzen
743 2413 2508 2471 Lebensspanne ist. Eine Angst um Versäumen. Ein Gelöbnis, der Schönheit
750 2478 2502 2559 wert zu sein, als ob Hässlichkeit gar nicht vorhanden wäre. Lebenswert¬
752 2542 2407 2612 Bewußtsein. Unverlierbare Leichtigkeit der Schwere. Das ist Schnitzler.
878 2595 2502 2651 Ich bin oft nach Wien gekommen. Ein Fremder aus Norden, dem es
748 2649 2505 2709 eigentlich bestimmt war, an Wien vorüberzugehen. Ich fand etwas Seltenes
744 2704 2500 2794 unten — ernste Güte, willige Teilnahme für meine fremde, nicht im Wiener
760 2765 2507 2848 Walde gewachsene Art. Ein Zuschauer nur, wurde ich zuweilen fast ein
747 2833 2507 2877 Zugehöriger. Des Besten Freund. Dem Dichter der „Liebelei“ durfte ich
756 2893 2510 2955 nahekommen. Ganz abseits vom Durchdringen in der Kunst, wo er mein
756 2947 2503 3003 ehrlicher Förderer geworden — auch im Leben fühlte ich ihn oft zur Seite
753 3004 2500 3062 im unbewußten Zusammenfühlen, in der Nähe des schönen Daseinselementes,
757 3062 2506 3133 das Schnitzler ist. Ich war nicht schwach an der Seite dieses Starken. Und
756 3119 2504 3176 wenn wir durch die Wiener Straßen wanderten, in Maitagen, die
755 3181 2507 3257 Schnitzlers Geburtsfest umschließen, dann konnte ich plötzlich mit seinen Augen
756 3242 2506 3293 sehen. Erschreckend und aufrichtend zugleich war es für mich, an seiner
747 3294 2512 3361 Seite bestätigt zu finden, was ich mir niemals zugetraut hatte! Leise, leise
738 3352 2517 3445 meldete sich eine positive Lust am Dasein in mir. Mein Ernst gehörte zu
1561 3429 1701 3515 339
