3344 4384
2023 131 2316 256 ——
1623 236 2065 330 box 39/2
249 233 1553 340 5oth and 55th Birthdav
883 1129 2630 1230 doch Menschenblut, das in ihnen fließt, und die Liebe, die sie erwecken,
219 1175 385 1248 llenen,
888 1209 2634 1277 strömt von ihrem Schöpfer aus, dem freien, beredten, beschwingten, tiefsinnigen
198 1237 396 1308 Werke
897 1267 1592 1354 und entschlossenen Menschen.
213 1288 381 1369 ie per¬
261 1362 400 1428 in es
255 1409 393 1473 e die
281 1466 393 1538 men
1038 1480 2491 1558 SCHNITZLER UND DIE JUGEND. VON STEPHAN ZWEIG.
1119 1563 2650 1650 ögen manche heute, an seinem fünfzigsten Geburtstage, genötigt
263 1584 381 1652 s in
1136 1624 2648 1704 sein, in ihrer inneren Wertung des „Jungwieners“, umzulernen
253 1646 382 1721 nheit,
1133 1690 2636 1757 und eine freundlich begleitende Anerkennung endlich in eine
899 1745 2639 1825 244 überschauende und von dem Reichtum dieses Rückblickens selbst
895 1803 2640 1875 erstaunte Bewunderung zu vertauschen — eine Generation ist schon zur
893 1864 2636 1933 Stelle und teils noch unterwegs, die einer solchen Revision nicht bedarf,
890 1925 2641 1990 für die Arthur Schnitzler als Künstler immer schon ein Vollendeter gewesen
893 1978 2638 2040 ist. Wir, die wir auf der Schulbank seine Werke zu lesen begonnen haben,
902 2046 2646 2108 die wir uns fortstahlen von den ach so notwendigen Präparationen, um
898 2092 2653 2163 aus einem ganz rückwärtigen Winkel seinen Premieren beiwohnen zu können
907 2170 2641 2224 (heiß vor Bewunderung, beglückt, ihn nur von Ferne zu sehn, den be¬
322 2198 365 2246 er
903 2241 2654 2292 rühmten, den gefeierten Dichter), haben ihn vom ersten Augenblick verehrt
311 2245 369 2305 m
899 2279 2648 2354 und geliebt. Was aber diese Verehrung erst zu einem wirklichen Wert
900 2330 2656 2385 macht, ist ihre Befestigung durch ein immer reiferes Empfinden. Ist dies
906 2400 2653 2461 Seltene, daß sie, indeß so viel anderes an besserem Erkennen schmolz und
898 2457 2658 2528 zerrann, von Werk und Werk uns fester ins Herz gehämmert wurde. Und
906 2533 2646 2582 dies ist das Bedeutsam-Schöne an unserm, der Jüngeren, Verhältnis zu ihm:
899 2571 2643 2630 gingen wir innerlich mit unsern Ansprüchen weiter, so waren seine Werke
281 2599 382 2661 sich
899 2622 2651 2697 ihnen auf der Straße der Vollendung immer schon vorausgewandert. Schien
325 2661 380 2716 ne
901 2684 2652 2761 uns in manchen Momenten des Zweifels die Anatol-Welt zusehr im Gesell¬
238 2712 395 2782 einer
911 2750 2649 2815 schaftlichen befangen, so hatte er sie schon im „Einsamen Weg“, im „Me¬
232 2760 390 2839 et ist,
912 2794 2642 2856 dardus“, im „Ruf des Lebens“ zu größerem Kreise geweitet und vertieft.
158 2823 395 2903 chlichtheit
907 2851 2656 2931 Meinten wir ihn zu fern von zeitgenössischen Problemen, so tat der „Weg
160 2886 396 2960 Deutschen
907 2911 2663 2975 ins Freie“ eine Tür auf mitten in unsere Welt, begehrten wir, artistisch
150 2949 380 3015 las Publi¬
916 2978 2657 3049 verführt, eine stärkere Bindung seiner epischen Begabung, so zeigte er uns
155 3002 395 3074 vertilgbare
902 3049 2658 3107 im Wandel seines novellistischen Stils vollkommene Vollendung. Immer blieb
164 3064 392 3135 Gebilden,
910 3095 2657 3159 er unsern Wünschen voraus. Mochten wir persönlich mit Eigenem zu Resul¬
173 3122 393 3190 reizvolle
907 3146 2651 3223 taten gelangt sein, so fühlten wir sie doch gering an seiner Leistung. Und
154 3176 382 3259 dere den
915 3214 2660 3269 noch heute, da er fünfzig ist und wir dreißig, gerade beginnend unseren
151 3243 392 3325 underung
908 3273 2655 3334 Weg deutlich zu wissen, sind wir ihm (so sehr er uns als Persönlichkeit
148 3296 386 3367 ten Male
908 3326 2651 3384 vertrauter geworden sein mag) in der Wertdistanz nicht näher. Noch immer
163 3359 381 3432 ten, eine
908 3397 2657 3452 fühlen wir mit Achtung den Abstand zwischen seinem vollendeten Werke
172 3423 393 3489 spirituelle
915 3444 2666 3513 und dem werdenden, noch immer vermögen wir ihn nicht anders als den
161 3477 392 3554 schaubare
916 3499 2665 3568 „Meister“ zu empfinden, in dem schönen Sinn wie die Franzosen zu ihren
159 3533 395 3612 el. Ist es
923 3561 2677 3623 Vorbildern „maitre“ sagen, in diesem Wort die Überlegenheit des Hand¬
160 3593 395 3668 so ist es
1722 3652 1867 3730 349
1791 4038 1912 4160 8
