3344 4384
2100 141 2190 241 —.—
1577 228 2037 336 box 39/2
202 239 1504 343 soth and 5511Birthday
528 1073 3300 1152 doch die wirtschaftliche Lage Elsaß=Lothringens des nationalen Assimilationsprozeses insveranlaßt, in einem Communiqué zu e
535 1154 1515 1232 seit lange eine unbefriedigende; der Unter¬
1499 1164 2479 1234 Elsaß=Lothringen und wird in Frankreich
2473 1173 3296 1249 daß wegen der Kürze der zur Verfügung
536 1199 1516 1261 nehmungsgeist versagt, die Bevölkerungs¬
1500 1203 2481 1289 geradezu als Herausforderung empfunden
2466 1210 3306 1285 den Zeit die einzelnen Detailfragen ein
533 1255 3302 1300 zunahme stockt, und da ist es wohl begreiflich, werden. Die Franzosen kennen das deutsche örterung nicht unterzogen werden könn
3169 1312 3297 1379 M n
1536 1351 3301 1419 Nun klänge es sehr hübsch, wenn man er= salen, wie es Dionysias sonderbarer Ma
1501 1388 3294 1480 klärte, daß auch der neue ältere Schnitzler der keinen, der uns gebietet, allen Gelüsten, 2#
755 1352 1489 1508 Feuilleton. 4#
1505 1449 2471 1514 alte jüngere Schnitzler sei. Und es wäre sogar
2462 1458 3302 1516 und Wünschen zu folgen. Die kleine Sich
1498 1480 2458 1572 ein wenig wahr — aber doch nur halb, relativ,
2472 1508 3281 1573 des Seins schwankt unter unseren
850 1501 1165 1604 Schnitzler.
1295 1353 1496 1617 40
1500 1545 2464 1619 umgedeutet, wie es sich eben für eine Wahr¬
2459 1553 3285 1621 nichts ist gewiß, fest und mit flackernder
569 1596 1499 1666 Er ist eine Ehre unserer Stadt, und so scheint
1507 1596 2460 1662 heit bei diesem scharmantesten Skeptiker schickt.
2465 1608 3291 1665 führt uns der Dichr in das unausde
515 1630 1499 1719 wohl jeder Anlaß willkommen, der uns zu ihm
1505 1650 2471 1713 Gewiß, seine Züge bleiben uns vertraut, aber
2466 1652 3210 1722 unerhellte Reich der Möglichkeiten.
527 1694 1512 1767 führt. Jeder — nur nicht gerade sein fünfzigster
1507 1700 2466 1771 sie scheinen doch entschlossener und ausdrucks¬
2509 1707 3298 1788 Die anderen Dichter, die halten sich
1507 1749 2466 1814 voller geworden. Gleich diese erste merkwürdige
516 1751 1504 1827 Geburtstag, der heute überall gefeiert wird,
2472 1751 3298 1833 an das Tatsächliche und ziehen darau
515 1788 1495 1865 soweit man Dichter liebt. Denn in der feier¬
1493 1791 2477 1865 Erzählung „Die Hirtenflöte“ hätte kein junger
2464 1801 3293 1857 poetischen Folgerungen. Schnitzler aber
526 1844 1500 1919 lichen Ziffer eines solchen Jubiläums steckt ein
1505 1845 2472 1924 Mann schreiben können; es sind darin Ge¬
2463 1851 3300 1927 nicht an diese Tatsachen, nur an Laune
530 1900 1493 1957 ganz unschnitzlerisches Pathos, man erinnert
1503 1895 2466 1960 danken von einer Weisheit, die weit, weit
2472 1903 3298 1974 fälle, geheim Gesetze, die uns irgend
518 1928 1488 2003 sich seiner sanften und unwiderstehlich bedeut¬
1494 1937 2464 2006 durchs Leben gewandert ist. So weit wie die
2459 1944 3288 2015 werfen. Eine höhnische Laune läßt i
519 1993 1503 2062 samen Ironie, und befangen glaubt man sein
1496 1993 2466 2055 junge und schöne und treue Frau Dionysia,
2458 1994 3309 2081 zweiten Novelle „Der Tod des Jungge
1493 2039 2470 2107 die ihr Gatte hinaustreibt, damit sich ihre
510 2042 1501 2109 weiches Lächeln zu spüren, das alle großen
2461 2048 3298 2116 diesen seine Freunde um seine Leich
517 2091 1501 2153 Worte so anmutig umzudeuten weiß. Dieses
1498 2090 2465 2158 Schicksale erfüllen. Wohl, sie war gehütet,
2460 2096 3300 2170 sammeln und ihnen dort gewisser
1497 2131 2463 2195 sanft, ergeben — aber war dies nicht bloß blasse
509 2129 1499 2199 Lächeln, das geradeswegs aus dem Ernst der
2469 2140 3251 2215 als Vermächtnis mitteilen, daß
1499 2192 2472 2259 Gewohnheit, Trägi#t, uneingestandene Angst?
507 2173 1501 2259 Dinge kommt und ihnen wunderbar ihre
2464 2186 3304 2276 ihre Frauen besessen habe. Wieso
1490 2226 2460 2300 Nun soll sie allen hren Wünschen nachgehen,
516 2229 1493 2302 Schwere nimmt, es ist ja nicht bloß ein literari¬
2460 2242 2995 2304 kam, wir erfahren es
3004 2238 3302 2309 nicht, aber
1498 2284 2465 2347 kein Zwang ist mehr über sie aufgerichtet.
517 2283 1491 2353 scher Besitz, es wirkt geradezu erzieherisch, und
2466 2274 3299 2358 sehen die lächerliche Belanglosigkeit iene
518 2335 1509 2406 so mag es wohl sein, daß es ihn an seinem
1500 2339 2459 2391 Wahrhaftig, sie verzweifelt über solch uner¬
2453 2343 3303 2417 hüllung, die durch das Weiterleben de
512 2375 1495 2445 Feiertag vor den üblichen Tiraden schützt, mit
1492 2367 2469 2452 wünschte Freiheit, will sich töten... Doch da
2461 2390 3315 2475 trogenen und durch den Tod des Bet
519 2435 1499 2505 denen man sonst das Wesen eines wahren
1492 2437 2462 2506 tönt fern eine Hirtenflöte, und eine Ahnung
2463 2436 3302 2509 gleichsam verschüttet ist. Und da fällt e
502 2474 1496 2550 Menschen zuzudecken pflegt. Nun, glücklicher¬
1492 2484 2455 2554 spannt ihre Züge, ihr ungelebtes Leben ruft die
2461 2486 3311 2537 bei, wie in den beiden ersten Geschichten
509 2527 1493 2591 weise hat er uns eben jetzt ein neues Buch ge¬
1487 2526 2460 2587 Befreite. Nun wirbeln alle Abenteuer traum¬
2463 2535 3279 2601 der ganze Schnitzler angesammelt ist,
513 2577 1494 2633 gegeben, den Geschichtenband „Masken und
1484 2576 2454 2644 haft bunta ihr vorüber; den Reigen eröffnet
2451 2583 3285 2657 verfeinerte Geistigkeit, seine Lust am
513 2620 1490 2695 Wunder“, und was könnte willkommener sein,
1490 2633 2457 2691 der Hirtenknabe, dessen Flöte sie zerbricht und
2454 2630 3239 2695 Spiel mit Leben, Tod, Schicksalen.
504 2680 1491 2742 als sich, bevor man eine flüchtige Aufstellung
1495 2680 2455 2741 darauf ihn selbst. Dann wird sie die Geliebte
2452 2681 3305 2751 immer das Ende, das ihn interessiert, au
512 2729 1499 2789 dichterischer Lebenswerte versucht, in dies schöne
1497 2725 2456 2788 eines großen Industrie=Condottiere und geht
2457 2727 3300 2789 der Liebe. Das Werdende ist ihm nie so
514 2774 1494 2832 Asyl zu flüchten? Noch ehe wir die Seiten
1499 2766 2455 2836 von ihm weg zu den Elenden, deren Aufruhr
2460 2759 3300 2854 wie das Gewesene; das hört ja nie au
511 2823 1498 2887 umblättern, sind wir getrost, daß in ihnen
1499 2820 2462 2898 sie teilt, zieht mit einem jungen Offizier in
2457 2831 3293 2894 führt zu neuen Bindungen im Gemüte.
517 2869 1494 2935 wieder seine höchst persönliche Art sich offen¬
1492 2867 2469 2929 die Schlacht, ist Heldin und Buhlerin, stürzt sich
2451 2870 3305 2944 kleineren Angelegenheiten, mit den Sch
509 2916 1496 2982 baren werde. Denn er gehört nicht zu jenen
1479 2914 2453 2988 in Erbarmen und Wollust, schöpft jeden Glanz
2460 2925 3307 2992 keiten der Arbeit gibt er sich nie ab; die
502 2969 1492 3028 entweder grenzenlosen oder unredlichen
1482 2969 2445 3025 und jede Schande aus — und war doch nur
2452 2971 3302 3055 der Berufe, die Kümmernisse der S
510 3011 1487 3075 Talenten, die sich nie preisgeben, sein Schaffen
1496 3019 2459 3075 ein braves, stilles Frauchen, das ebensowohl
2455 3014 2932 3086 dringen nicht zu ihm.
504 3052 1499 3133 enthält keine Zeile, die in einem anderen sich
1491 3067 2461 3141 ruhige Tage hätte verleben können. Wo ist
2475 3057 3293 3142 Deshalb ist es so kennzeichnend, daß fa
514 3110 1498 3183 gebildet haben könnte, und so enthüllen denn
1491 3115 3300 3191 die Wahrheit ihres Lebens? Steckt alles in seine Menschen ohne ein Handwerk sind
501 3154 1495 3235 auch seine sechs neuen Erzählungen, indem sie
1481 3161 2465 3233 uns, und ist die Welt so beschaffen, daß wir
2445 3168 3282 3242 haben sie selbst eines, so berührt es sie
507 3208 3282 3286 verwegene oder absonderliche Begebenheiten bloß nicht zu unseren eigenen Erlebnissen kom= färbt auf ihr Wesen nicht ab; denn es
503 3249 1065 3336 aushreiten — ihn solbst
1465 3254 3288 3359 men? Wir haben ja keinen Spieler mit Schick= ihr eigentliches und einziges Metier: zu
