3344 4384
255 204 2089 349 50th and 55th Birthdan box 39/2
185 884 526 973 1912. Nr. 41
1343 889 2022 977 Über Land und Meer
1543 1471 1663 1615 *
1622 1740 1868 1844 c
321 2314 1013 2378 Otto Ernst, geb. 7. Oktober 1862
470 2373 846 2440 (Phot. A. Matzdorff, Berlin)
220 2453 1072 2573 Der fünfzigste Geburtstag
1179 2502 2142 2574 Gerhart Hauptmann, geb. 15. November 1862
1416 2557 1911 2630 (Phot. Aura Hertwig, Charlottenburg)
216 2580 1139 2652 Jas Jahr 1862 hat der deutschen Literatur
164 2611 1141 2695 T eine Reihe von Schriftsteliern geschenkt, denen
1147 2625 2158 2694 daß die Dichter durch ihre Werke geehrt werden
164 2683 1139 2729 es vergönnt war, ihre Namen durch mannig¬
1151 2686 2160 2740 sollen. Die Jubilare sind — mit Ausnahme Jo¬
158 2726 1139 2778 fache Strömungen und künstlerische Umwälzungen
1151 2725 2157 2786 hannes Schlafs, der seit längerer Zeit vorwiegend
148 2762 1143 2818 hnit starkem und gutem Klang hindurchzutragen.
1165 2777 2114 2838 den Roman, die Novelle und den Essay pflegt —
154 2814 1140 2861 In diesem Jahre, in dem die bekannten sieben ihr
1163 2817 2149 2867 sämtlich Dramatiker. So sollen denn die deut¬
155 2858 1139 2909 ffünfzigstes Lebensjahr vollenden, soll die Nation sich
1151 2857 2153 2911 schen Bühnen dem deutschen Publikum ihre Schöp¬
146 2904 1137 2962 dieses Besitzes lebhafter bewußt werden als sonst.
1156 2906 2160 2963 fungen in mustergültigen Aufführungen gegen
149 2945 1147 3004 Der Lyriker Stephan Zweig hat zuerst auf dieses
1152 2949 2165 2990 mäßiges Eintrittsgeld spielen. Und die Nation
153 2990 1148 3042 Jubeljahr deutschen Schrifttums hingewiesen und
1160 2994 2157 3049 soll im Schauen und Genießen dankbar fühlen,
164 3034 1141 3098 gefordert, daß der Stolz und die Freude an ihrem
1152 3034 2161 3110 daß ihm ein Jahr eine Auswahl solcher tüchtiger
1148 3088 1802 3138 Kerle auf einmal beschert hat.
162 3082 1141 3127 Schaffen nicht in Jubiläumsartikeln unsrer reich¬
1221 3117 2161 3176 Es wäre gut, wenn dieser seltsame Zufall überall
155 3125 1138 3178 ich 4000 Zeitungen kümmerlich versickern, sondern
1155 3167 2159 3221 noch zu einer andern Einsicht bekehrte. Wenn wir
1152 3219 2163 3268 die Geburtstagskinder heute gleichzeitig beglück¬
1157 3253 1454 3312 wünschen —
1444 3252 2163 3318 den gemütlich=humorvollen Otto
1158 3297 2171 3358 Ernst den geistreichen, maliziösen und form¬
1153 3354 2166 3406 gewandten Ludwig Fulda, den grüblerischen,
1159 3390 2174 3437 weichen Wiener Arthur Schnitzler, den
1163 3430 2153 3479 tiefsinnigen, Menschenschicksale formenden Ger¬
1155 3473 2177 3535 hart Hauptmann, den empfindsamen
1152 3525 2160 3570 Bildner unmerkbarer Stimmungen, Johannes
1166 3571 2164 3620 Schlaf, den derben, mutigen Kämpfer Mar
1152 3604 2166 3660 Dreyer und Wilhelm Meyer=Förster,
1154 3634 2172 3711 den Verfasser des erfolgreichsten Theaterstücks der
1931 3693 2175 3752 wenn wir
1151 3695 1890 3754 letzten Jahrzehnte, „Alt=Heidelberg“
1157 3739 2165 3798 sie so nebeneinander sehen, manch einen abgrund¬
1158 3780 2178 3841 tief getrennt vom andern durch sein Menschentum
388 3732 499 3884 6
2331 2319 3053 2386 Ludwig Fulda, geb. 15. Juli 1862
2513 2375 2875 2453 (Phot. A. Matzdorff, Berlin)
2172 2476 3183 2537 und seine künstlerische Art, so wird uns klar, wie
2178 2537 3189 2587 gleichgültig gegenüber der großen Allmutter Kunst,
2178 2569 3185 2615 die im Strome der Zeit immer die gleiche bleibt
2175 2612 3179 2659 und trüben Augen doch immer eine wechselnde
2173 2661 3187 2715 scheint, die „künstlerischen Theorien“, die große Mehr¬
2177 2703 3188 2746 zahl der „literarischen Revolutionen" sind. Wie nach
2165 2748 3180 2783 der Bibel in des Herrgotts Hause, so sind in des
2176 2792 3187 2843 Okeanos tönenden Gärten viele Wohnungen. Der
2179 2831 3174 2901 Inhalt dieser Welt bleibt immer der gleiche. Ihn
2175 2871 3181 2931 stärker, tiefer, größer im eigenartigen Ich zu fühlen,
2170 2923 3181 2965 heißt Künstler sein. Und immer wird es sich wieder¬
2172 2962 3178 3014 holen, daß die Jugend, die selbst die Welt umzu¬
2183 3009 3180 3062 stülpen meint, alt wird und dann eben diese Welt,
2179 3056 3196 3095 weil sie durch andre Jugend wieder ein bißchen
2176 3095 3182 3150 anders geworden ist, wie Hebbels Meister Anton
2177 3135 2597 3207 nicht mehr versteht.
2665 3143 3147 3214 Karlernst Knatz
3086 902 3164 991 455
