3344 4384
2061 195 2185 273 —
243 251 2060 359 Soth and 55th Birthday box 39/2
562 948 2309 1088 dem seinen. Wie oft folgte ich Schnitzlers Blick, wenn er die schönen
560 1018 2299 1133 Mädchen der Josefstadt betrachtete, die Christinen und die Schlagermizzis.
564 1086 2309 1186 Sie begegneten ihrem Dichter, und es zog ein holdes Grüßen durch die
554 1142 2309 1263 Luft. Ich aber, im Schatten dieses Dichters, durfte schauen und atmen,
549 1202 2306 1302 wortlos fragen zum reinen Wiener Himmel empor. Wer will festhalten,
559 1258 2300 1348 was ein Maitag der Vergangenheit zu Wien ist? Beethoven im alten Schwarz¬
557 1332 2304 1399 spanierhof, Schubert in den Weingärten draußen, Brahms im Stadtpark.
554 1362 2291 1463 Vergangen, unverlierbar. Noch ziehen die Schwäne unter den grünen Weiden¬
553 1447 2302 1524 ruten des Stadtparks. Noch spielen sie zu Füßen des marmornen Grill¬
542 1494 2301 1588 parzer, die kleinen „Jordans“, wie Hofmannsthal mir einmal die Spielkinder
546 1551 2297 1651 im Volksgarten genannt. Aber wahre dich, Wien. Wahre Dich. Verlasse
539 1623 2295 1719 dich nicht auf die Maitage, die von den Bergen kommen — halte dich
550 1673 2295 1769 selbst auch ehrlich für sie bereit. Amerikanisiere dich nicht, kulturfeste,
551 1720 2302 1823 vielgeliebte — du brauchst nicht, was Berlin muß. Immer wieder höre ich
537 1793 2292 1868 die Sphärenklänge Schuberts über dich hinziehen, das Schreiten und abend¬
539 1838 2293 1953 liche Singen der Burschen in der C-Dur. Immer wieder fürchte ich, sie
544 1904 2293 1995 bei einer Rückkehr einmal verstummt zu finden. Du hast einen großen
539 1958 2299 2060 Dichter noch, der dein Erbe wahrt, dein unersetzliches Erbe. Dichter sind
543 2013 2301 2114 auch mahnende Propheten. Arthur Schnitzler ist es nicht wie Ludwig
532 2086 2297 2155 Anzengruber, der euch vor Jahrzehnten sein herrlich rauhes Drama vom
531 2140 2289 2218 „vierten Gebot“ an den Kopf warf. Das neue Gebot, das euch in feurigste
535 2207 2298 2258 Erinnerung kommen mag, ein elftes vielleicht, umfaßt die zehn gesamt und
543 2257 2288 2337 wird zu euch sprechen aus dem starken, hoheitsvollen, lieblichen Lebens¬
537 2303 1063 2389 werke eines Wieners.
995 2469 1813 2565 TERZINEN. VON OTTO KÖNIG.
668 2554 1585 2629 Lebendige Stunden danken wir Dir viel,
669 2614 1606 2691 Der Du wie keiner, Dichter dieser Stadt
674 2670 1671 2773 Und ihrer Menschen warst. Das bunte Spie!
667 2768 1543 2866 In ihren Gärten, Plätzen, Straßen hat
669 2839 1626 2933 Noch keiner so gefangen und bezwungen,
674 2906 1667 2996 Und keinem formte Schönheit sich zur Tat
663 3026 1655 3105 Wie Dir, der einst das hohe Lied gesungen
663 3071 1827 3166 Vom Mädel aus der Vorstadt, schlank und schlicht,
663 3137 1669 3239 Erschütternd wie es keinem noch gelungen.
662 3231 1726 3325 Ward dieser Ruhm, den Du erkämpftest, nicht
657 3325 1720 3397 Zur schweren Last? Und leidest Du nicht sehr
656 3362 1732 3452 Wenn man Dir heut vom süßen Mädel spricht?
1317 3466 1470 3542 340
