3344 4320
157 351 1980 461 5oth and 55th Birthday box 39/2
62 1634 1939 1727 chwohl in einzelnen Einaktern des „Reigen“=zu täuschen suchen). Im „Einsamen Weg“ ist der
893 1673 1934 1739 junge Anatol (er trägt natürlich nicht mehr diesen Namen)
62 1684 905 1746 kraf sie sein Auge, so wußte sie sein scharfer
900 1713 1934 1773 ein Greis geworden, dem das Dasein keine Blume mehr
67 1739 896 1790 u umfassen, und hinter dem leichten Schleier
918 1746 1937 1805 reicht, und der die grauenvolle Verlassenheit eines Herzens
76 1769 898 1821 n Ironie leben sie sich aus. (Ich verweise auf
909 1775 1948 1851 erntet, das ehedem sein Liebstes verließ . . In der Novelle
76 1808 902 1856 bllen Wiener Bürgertyven im Drama „Der
904 1816 1943 1870 1„Der Mörder“ endlich des neuen Novellenbandes
74 1839 910 1887 ärdus“.) Aber Fleisch und Blut von Schnitz¬
912 1851 1942 1905 „Masken und Wunder“ einem grausamen Meisterstück der
81 1871 905 1930 sind die feinbenervten melancholischen Naturen.
912 1884 1940 1937 Psychologie, wird der Mann, der ein Mädchen über alles
88 1910 914 1960 ohnie Antwort, die Untreuen, die die Treue
910 1913 1947 1978 liebte, nach erloschenem Flammentrieb zum Giftmörder an
81 1945 922 2002 vom Tod Geküßten, die das Leben allein lielen.
906 1963 1947 2008 der ahnungslos ihm Hingegebenen! Das Grausige ent¬
74 1976 912 2031 es Sein und Wesen hat Schnitzler in dem Ro¬
912 1983 1949 2044 wickelt sich mit furchtbarer Notwendigkeit. Unvergleichlich
79 2012 908 2062 reflektorischen Innenlebens gegeben, der „Der
913 2023 1957 2077 ist die Analyse des Doppelgefühls in den Stunden, die von
73 2055 907 2101 [Freie“ heißt — wohl gerade darum so heißt,
916 2056 1955 2112 Liebesrausch und Untreue beherrscht sind. Schnitzler quälte
82 2079 901 2137 solche Menschen einen solchen Weg nicht gibt ...
917 2091 1960 2148 hier seine Phantasie mit der realen Ausgestaltung von
86 2118 913 2177 alt von Heim= und Fremdsein, den der Dichter
917 2118 1963 2178 Empfindungserlebnissen, die er einst in dem Gedicht „An¬
87 2158 916 2213 eigenen Schicksal übernahm, wird in dieser
921 2170 1603 2235 fang vom Ende“ gebeichtet hat:
84 2189 712 2248 einem menschheitlichen Schicksal.
1023 2193 1786 2263 Doch, daß ich so einsam von Dir gegangen,
85 2221 917 2288 Der Weg ins Freie“ hat das unsichtbare Motto:
1004 2236 1569 2286 Wie käm's Dir denn zu Sinn,
1012 2267 1767 2323 Und daß ich, von Deinem Arm umfangen,
137 2273 914 2313 Auch hier stirbt an sich selbst eine Liebe,
94 2284 142 2326 14
1012 2299 1470 2350 So endlos fern Dir bin!
75 2321 920 2366 nz Ewigkeit gelogen hat. Dieses traurige
1009 2314 1637 2385 Ich wil! ja morgen wiederkommen
79 2336 926 2392 ese Unfähigkeit des treuesten Willens, sein
1002 2355 1458 2412 Mit läckelndem Gesicht:
84 2377 917 2430 halten, ist ein Leitmotiv fast aller Dramen und
1007 2380 1876 2441 Und daß ich längst Abschied von Dir genommen,
99 2404 922 2472 Schnitzlers. Und zumeist ist die natürliche
1001 2415 1783 2468 Mein Mädel, — Du weißt's ja nicht ...“
524 2443 922 2497 . In die leichtlebige
75 2457 531 2497 des Mannes furchtbar.
987 2439 1969 2515 Der Zusammenbruch der Illusion ist die
89 2484 913 2546 Lebeknaben „Anatol“ fallen nur erst matte
920 2474 1973 2553 Tragik in Schnitzlers Dichtungen. In dem so ergreifenden
411 2516 917 2567 jedoch, Schnitzlers povu¬
85 2519 409 2572 In „Liebelei“
931 2525 1960 2584 als knappen Drama „Die Gefährtin“ erfährt ber
70 2549 917 2609 auspiel, ist dieser Schatten schwarz wie der
931 2552 1965 2614 greise Gelehrte unmittelbar nach dem Tode seines geliebten
78 2581 907 2638 des Todes Schatten. Zwei Welten tun sich auf:
925 2586 1971 2647 Weibes, daß all' sein Glück Selbsttäuschung gewesen, daß
82 2619 913 2671 terscheiden sie sich als die Welt der müden
920 2629 1957 2693 die Frau ihn betrogen und nie geliebt hat. In einer dün¬
78 2646 917 2704 die der unverbrauchten Armen; im tieferen
921 2653 1979 2723 neren Luft der Skepsis, in der man verstörende Ueber=
84 2685 911 2737 ßen sie Selbstsucht und Hingebung, sehnsüchtige
930 2700 1969 2754 raschungen nicht mehr erlebt, vollziebt sich ein ähnlicher
78 2722 921 2779 d naive Treue. Sie käme also doch auf Erden
924 2733 1966 2794 Vorgang, in der Novelle „Der Tod des Jung¬
77 2759 915 2810 scherheit? Ja, aber unserem Dichter ist sie das
925 2768 1973 2828 gesellen“ („Masken und Wunder"). Aber wie! Ist
79 2790 917 2843 d, das sein Fuß nicht betritt. In seinen Dich¬
924 2807 1979 2861 nicht das Leben selbst nur eine Illusion, die der Tod
74 2823 915 2881 scht die Liebe, oder sie wird von des Mannes
928 2833 1978 2899 zerstört? Heiße Lebensgier atmen Schnitzlers Dichtungen:
84 2864 919 2921 nordet. Nur einmal, in dem großzügigen
933 2873 1979 2930 wie er aber, wenn er den Becher des Genusses trinkt, die
73 2897 916 2956 =Drama „Der Schleier der Beatrice",
931 2906 1977 2964 trübe Hefe schon vorausschmeckt, so ist seine Lebenslust
80 2915 925 2982 as Herz des Mannes an der Untreue der Ge¬
934 2947 1984 2996 krank an Todesbewußtsein und Todesfurcht. Diese stärksten
76 2965 916 3020 h was Beatrice in die wilden Abenteuer treibt,
926 2965 1977 3031 Wideriacher in des Dichters Brust kämpfen sich aus in der
72 3001 927 3058 entlich innere Unbeständigkeit, ist die Peitsche
923 3009 1976 3068 erschütternden Novelle „Sterben“, in der schönheits¬
76 3035 924 3098 efahr und die Brunst nach dem Leben. Die Ge¬
929 3040 1968 3102 trunkenen Tragödie „Der Schleier der Beatrice",
90 3071 916 3131 geopferten Christine (nebenbei: ein wunder¬
928 3073 1971 3137 in der, auch als gesellschaftliche Satire bedeutsamen Er¬
78 3112 923 3159 schengedicht aus dem Volke!) und des Anatol¬
937 3125 1971 3171 zählung „Gustl“, in dem (verunglückten) Schauspiel „Der
99 3141 925 3194 in vielen Dichtungen Schnitzlers wieder, ver¬
927 3140 1985 3213 [Ruf des Lebens“ und in den genial pointierten Ein¬
124 3175 920 3230 äußere Verhältnisse, Schicksale, Standes¬
926 3206 1622 3242 altern „Lebendige Stunden.
74 3213 924 3261 ltersunterschied. Mit ironischer Herbe wird
1001 3205 2000 3287 Kein Herold, kein Zarathustra, der zu lichten Höhen]
87 3238 934 3296 hema variiert in der Tragikomödie „Das
936 3260 1982 3314 führt, kein gläubiger Prophet ist Arthur Schnitzler. Er hatf
79 3275 920 3329 nd.“ und mit humoristischer Ueberlegenheit in
931 3288 1989 3347 sich auch nicht eigentlich unter die Kämpfer der sozialen
75 3319 927 3363 Wurf der „Komtese Mizzi“ Auch im
82 3361 1987 3398 uspiel“ stirbt die Liebe, aber hier in zwei Dichtung gestellt, obwohl er soziale Fragen wiederholt be¬
95 3357 2007 3452 sich veraebens über den naturgemäßen Prozeßl bandelte. Sein Amt ist: die Seele ausborchen, die Welt!
1949 1596 2998 1678 sinnend betrachten, das Leid: de bedenken, Schönbeit
1945 1659 2993 1721 suchen und an ihrem Grabe klag 1. Er ist mitleidig, aber
1945 1682 2984 1758 gewiß nicht wehleidig: denn er ei pfängt den Schmerz mit
1952 1724 2993 1786 offener Brust. In den Dämmer ingen des Herzens, wo
1945 1750 2986 1816 Leid und Schuld sich bilden und haotisch ballen, sieht er
1953 1778 3003 1852 klarer, als die Menschen mit heller. Augen. Das Leise, das
1948 1817 3023 1890 Halbbewußte ist sein Element. In diesem Element ist er
1943 1861 2539 1942 ein reicher und großer Dichter.
