3344 4384
225 209 2049 319 5oth and 55th Birthdag box 39/2
2364 845 2578 920 Gelte 10.
1527 948 2605 1031 junge Medardus“ und „Das weite Land“ hatten im
1517 1011 2604 1072 Burgtheater durchschlagenden Erfolg und zeigen ihn auf
1517 1060 2611 1125 der Höhe seines Könnens. In voller Schaffenskraft
1527 1114 2623 1167 stehend, ist von ihm noch manche reife Edelfrucht seines
1533 1156 2615 1219 Talentes zu erwarten, die dann ein abschließendes Urteil
1527 1206 1851 1284 gestatten wird.
785 1211 1494 1374 Interessantes Bialt, Aien
626 1359 831 1444 111912
1544 1642 1592 1676 3100
818 1607 1469 1702 Arihur Schu##e feiert
719 1678 1465 1757 am 15. Mai seinen 50. Geburtstag.
732 1726 1462 1797 Als geborener Wiener hat er das
729 1779 1473 1842 Wiener Leben in den sprühendsten
730 1824 1474 1886 Farben, die seine Palette je aufwies,
735 1872 1486 1934 gemalt. Ein Wiener, der das moderne
731 1931 1477 1983 Wien erfaßt und mit starker Gestal¬
731 1973 1484 2035 tungskraft wiedergab und doch im
730 2014 1485 2084 Auslande mehr 'gelesen und gefeiert
730 2074 1479 2135 wird, als im heimischen Wien. Es
730 2104 1479 2174 mag die Wahrheit sein, die das durch
720 2159 1478 2235 die ewige Schmeichelei verwöhnte
730 2207 1476 2280 Wienertum bei Schnitzler findet
736 2250 1485 2320 und sich in seiner ungeschminkten
737 2318 1481 2366 Darstellung nicht erkennen will. Viel¬
737 2361 1481 2418 leicht hat auch die starke Erotik, die
731 2397 1487 2471 aus vielen seiner Werte spricht,
746 2442 1470 2518 „Freiwild“ „Schleier der Veatrice“
749 2496 1482 2560 „Reigen“, ihm die unbedingte Auer¬
740 2543 1486 2607 lennung seines Schaffens versagt.
748 2593 1485 2649 Die Stärke seines Könnens liegt in
737 2632 1485 2698 der wunderbar feinen Gesprächsfüh¬
745 2687 1487 2747 rung, im Dialog, in der plastischen
742 2744 1490 2803 Glätte seiner Verssprache. Seine
735 2774 1493 2849 Schwäche in der oft gewaltsamen
746 2830 1495 2897 Führung der Handlung, die nicht
747 2872 1488 2939 aus den Charaktern der Gestalten
751 2924 1491 2983 organisch sich bildet, sondern ihnen
750 2975 1492 3041 wie ein ornamentiertes Kostüm um¬
754 3024 1491 3082 getan wird. Ein böser Berliner
752 3066 1498 3143 Kritiker hat einmal das blutige
745 3110 1492 3185 Wort geprägt: „Schnitzler käme aus
744 3162 1488 3228 Liebelei und Sterbelei nicht heraus“.
749 3208 1484 3279 Dieses Urteil, mehr witzig als richtig,
749 3254 1495 3331 erscheint nicht ganz ungerechtfertigt.
753 3314 1495 3373 Als Mediziner mit dem Tode ver¬
742 3363 1491 3421 trant, erscheint dieser oft als Deus
466 3404 1497 3470 ex machma und wirkt die Lösung des Konfliktes durch
1849 3428 2247 3517 Arthur Schnitzler.
471 3452 1494 3509 ihn manchmal peinlich. Dies mag bis jetzt die volle
1776 3507 2317 3566 Zu seinem 50. Geburtstage.
473 3505 1492 3567 Würdigung dieses bedeutendsten Dichters der Gegen¬
1567 3533 2541 3600 Nach einer photographischen Aufnahme aus dem Alelier d'Ora.
425 3537 1506 3613 wart verhindert haben. Seine letzten Werke aber, „Der
1143 3592 1637 3661 —HL
