3436 4320
1600 356 2072 444 box 39/2
240 350 1584 458 5oth and 55th Birthdar
2004 1459 2105 1541 —.—
2492 1508 3345 1572 zu beweisen, daß ihr Herz zum so= und sovic
1359 1519 2505 1578 mehr übers Feld springen in lichter Frühe,“ heißt es einmal,
2494 1554 3324 1609 ist. Neben die Wiener Schlichtheit neben
1361 1573 2499 1626 „den Himmel überm Haupt — nie mehr an blühenden Liv¬
2492 1578 3349 1651 Grazic des Dreivierteltaktes hat Schnitzler a
1364 1597 2503 1658 pen hängen, vom Dufte zitternder Brüste umweht, — kein
288 1468 1323 1766 240— Feuilleton.
2493 1621 3350 1694 mus gesetzt, der sogar zu allerhand widern
1355 1628 2501 1709 Laut lebendiger Stimmen mehr für uns, kein Schimmer mehr
2491 1672 3348 1724 mitteln greift als wie zu Suggestion oder
1367 1671 2494 1742 von Sonne und Sternen ... hinsinken, bluten, verenden,
284 1660 1058 1769 #7 arthur Schnitzler.
2489 1705 3327 1773 Er hat die süßen Szenen „Anatol“, die
1366 1714 2505 1779 eingegraben werden für alle Zeit — wenn dir davor nicht
2501 1740 3335 1805 „Reigen“ und die allerergreifendste Skizz
321 1745 1258 1817 Zum 50. Geburtstag am 15. Mai.
1369 1740 2386 1831 graut, Freund, verstehst du weder Tod noch Leben.“
2506 1789 3320 1843 Gust!“ geschrieben — vielleicht um zu s
304 1802 1377 1870 Zuerst und vor allem: Wien lebt in seinem Werke. Nicht
2500 1820 3337 1875 mit all der schlichten Herzlichkeit vor der
229 1842 1371 1911 vie Harptmann und Schlaf, die demselben guten Jahrgang
2502 1869 3340 1919 Endes nicht weiter kommt, daß die Natürlich
223 1894 1376 1955 1862 entstammen, kommt er vom Naturalismus, sondern
2499 1889 3351 1950 liegt und daß es nötig ist, sich in ein künsth
230 1931 1376 1988 er schöpft aus der überreichen Kultur der Donau=Stadt;
2503 1926 3348 2013 sein hineinzuarbeiten und hier wenigstens den
222 1966 1387 2026 ja vielleicht sind die treuherzigen, bald lustigen, bald senti¬
2500 1971 2972 2050 nur diesen zu genießen.
224 2007 1385 2069 mentalen Wiener Lokaldichter in einem gewissen Sinne auch
2574 2001 3351 2080 Deshalb scheint in Schnitzlers Welt auch
232 2049 1382 2119 seine literarischen Ahnen. Seine Gefährten und Erzieher
2507 2043 3340 2105 Er bevorzugt die Andeutungen und er läßt
236 2081 833 2153 aber bleiben die Naturalisten.
2506 2084 3347 2147 Liebesspiele wickeln sich nie in der Oeffentlich
1813 2086 2147 2197 20
2507 2134 3345 2190 folgt dabei oft den Franzosen, welche durch
316 2132 1370 2189 Wien lebt in seinem Werke — das bedeutet eine Ein¬
1674 2138 2150 2242 W. Sehisch
2509 2162 3351 2223 eines „gewissen Etwas“ die Konturen ver
230 2176 1387 2234 schränkung. Er ist nicht groß, er bleibt in seinem Kreise und
1900 2204 2012 2261 . 34
2507 2202 3341 2264 Wahrheiten verschleiern. Viele zwar werden
222 2209 1379 2263 er wird erst in der Beschränkung ein unübertrefflicher Meister
1758 2233 1999 2320 E
2507 2236 3349 2305 sind Mittel, die Vollkommene nicht anwend
275 2237 1387 2310 — derart, daß er immer mehr nach innen geht immer leiser
1888 2258 2093 2336 S
2505 2282 3354 2344 das Atemnachlassen des Autors hinweghel
232 2295 1374 2352 und versonnener wird. Er, der vor allem Dramatiker ist,
1807 2305 1964 2393 0
2504 2328 3350 2394 niemand vermag zu behaupten, daß Schn#
226 2333 1391 2397 packt nicht das großartige Leben der Helden, sondern das
2506 2364 3352 2422 Dramatiker ist, wie die meisten Franzosen.
236 2373 1385 2431 kleine ziemlich nutzlose der sehr vielen; das Leben der La¬
2576 2409 3342 2455 Nein, obwohl er ein Träumer, — ein
223 2397 1388 2467 denmädel etwa, die sich verlieben, und der jungen Herren,
2506 2430 3340 2488 ein scharf auslugender Naturalistenfreund,
219 2440 1365 2522 die sie verlassen. Der Wiener Ladenmädel und der Wie¬
1982 2438 2203 2529 SMMT!
2505 2470 3347 2531 Psycholog, ein unfehlbarer Zielgewinner (wi
231 2498 1381 2545 ner Herren, die ohne frohe Laune und Musik undenkbar
1722 2496 2100 2601 Tewruf Kifng!
2509 2512 3339 2570 oft auf weichen Ibsensohlen) muß er immer
233 2513 1383 2586 sind. Er packt das Leben von anmutigen Träumern, wie sie
2516 2561 3358 2618 der genannt werden: er träumt niemals
233 2563 1382 2621 in Schuberts und Grillparzers Tagen schon ihr Wesen trieben
2508 2576 3331 2651 Kunst! Das macht wohl, weil er nebenher
1740 2589 2159 2677 Artur Schnitzler.
218 2610 1383 2678 und wie sie fast vorbildlich oder doch wenigstens unvergeßlich
2505 2621 3350 2697 wachen Beruf übte, weil er als Arzt verp
230 2640 1380 2690 geworden sind. Aber wenn Schnitzler Wien schildert, so
1458 2657 2517 2727 Der Ruf nach dem Leben schlägt bei Schnitzler immer
2510 2671 3347 2729 Augen offen zu halten, Diagnosen zu stellen
223 2674 1392 2747 schildert er es wie eine Legende. Die Musik und das Lachen
1367 2696 2513 2760 wieder am Tode an; und so wie er die schönsten Worte über
2502 2718 3351 2773 zu forschen. Der Arzt schuf hier den Psycht
304 2709 1385 2761 das alles klingt so fern; und wenn er von der ver¬
1369 2736 2508 2802 die Liebe gegeben, so sprach er die tiefsten über das Sterben
2504 2748 3350 2825 niemals irrt, der sicherer geht, als die m
228 2747 1378 2815 liebten Ladnerin, dem „süßen Mädel“ erzählt, dann vergißt
2520 2793 3327 2842 neben ihm, und der sich vor allem auf
1375 2772 2509 2851 aus. Oder wenn er sie nicht aussprach, so breitete er wenig¬
236 2794 1374 2852 er nicht, ihr einen kleinen Heiligenschein anzuheften und
2508 2815 3346 2890 steht, wie kompliziert ihre Psyche sich auch
1370 2815 2520 2884 stens das samtene Dunkel von Stuben, in denen bis zur
233 2834 1379 2898 sie so rührend schlicht und ergreifend darzustellen, daß man an
2586 2852 3355 2934 Daß Schnitzler ein Forscher ist, merkt m
1382 2867 2520 2921 Abschiedsstunde Särge warten, als Himmel über die Liebe
235 2866 1385 2926 Aschenbrödel denkt, die am Herdfeuer sitzt und sich nach dem
1381 2903 2508 2965 seiner süßen Mädel und seiner schwächlichen kränklichen
2512 2895 3342 2960 Dialogen an. Diese sind regelmäßig wund
243 2901 1393 2966 Prinzen sehnt. Vielleicht hat Schnißler überhaupt nur
1377 2945 2515 3002 jungen Herrn. Da erhält der erotische Reiz, der bei
2510 2933 3340 3005 und diese übertreffen die photographischen
240 2940 1379 3005 Legenden erzählt, Legenden vom Lieben und Sterben von
3150 2976 3357 3035 dabei v#
1387 2980 2514 3041 Schnitzler Ewigkeitswerte birgt, etwas Bedeutenderes, Fas¬
2514 2978 3176 3043 an echtester Poesie Allerdinas —
233 2973 1387 3043 heimlichsten Gedanken und Gefühlen, über denen das Leben
1374 3010 2513 3082 zinierenderes; und nicht selten denkt man bei seinen Men¬
2516 3009 3354 3079 ter bisweilen auch auf das Widernatürlich
242 3034 1388 3093 verrinnt und der Tod anhebt, wie eine schwere süße Melodie.
1385 3064 2505 3113 schen, die lieben, an Marionetten, die doch nur an Drähten
2517 3050 3351 3117 auf das Kitschige und Wienerische im schleck
231 3059 1389 3136 Aber auch diese verrinnt, weil sie im Getriebe des Welt¬
2512 3107 3350 3159 wir da oben zitierten vom „Nie mehr au
1378 3090 2512 3152 hängen, was sich übrigens am besten bei jenen Stücken er¬
240 3112 1261 3180 geschehens so garnichts besonderes zu bedeuten hat.
1372 3128 2522 3203 kennen läßt, die ihm mißlungen sind: am „Schleier der
2517 3141 3347 3206 pen hängen, vom Dufte zitternder Brüst
330 3138 1378 3213 Also geht Schnitzler weit über die alten Wiener Lokal¬
1391 3175 2522 3233 Beatrice“, am „Einsamen Weg“, am „Ruf des
2515 3170 3341 3233 das mag als Beispiel hierfür gelten; aber
235 3181 1388 3268 dichter hinaus und am Ende läßt er seine Leutchen doch
2517 3210 3351 3276 gleisungen sind selten, ja man weiß nicht ein
1375 3211 2514 3281 Lebens“. Ja, ausgesprochene Marionettenstücke, wie „Der
235 3226 1381 3295 an das Morgen denken. Er läßt sie die tiefsten Ent¬
1385 3254 2517 3311 tapfere Cassian“ und „Der Schleier der Pie¬
2520 3246 3350 3316 von auf die Rechnung der Zeit zu setzen
230 3266 1384 3344 täuschungen der Liebe erfahren und treibt sie so weit, daß
1377 3286 2520 3360 rette“, scheinen beinahe symbolischer für Schnitzlers Kunst,
2516 3289 3346 3349 meinen übt Schnitzler die Kunst der Ko
237 3291 1391 3374 sie das Ganze für Spiel nehmen. Damit freilich erwacht
1381 3337 2512 3399 als der Anatol“ und die „Liebelei“. Das Wollen
2509 3319 3346 3399 eisernen Selbstbeherrschung, wie es äußerlich
234 3342 1391 3404 durchaus keine Gleichgültigkeit dem Leben gegenüber, denn
2515 3355 3360 3445 Snobisten ist, wenn sie auch innerlich schw
1383 3363 2069 3438 kommt allemal hinter dem Gefühl.
240 3391 1379 3446 da Schnitzlers Menschen der Gedanke an den Tod als etwas
2502 3405 2827 3483 rohr gleichen.
1452 3403 2530 3484 Wiener Mädel und junge Herren... Diese Herren
242 3416 1399 3489 Entsetzliches erscheint, so klammern sie sich geradezu krampf¬
1382 3455 2532 3513 sind blasiert, müde, dekadent. Sie lieben die Paradoxe, die
233 3461 1394 3525 haft an dieses Leben, ohne viel nach seinen Fehlern zu
2589 3466 3347 3555 Es sind eigentlich bloß drei Themen
1385 3484 2527 3552 vornehmen Lässigkeiten; sie lieben das Flanieren, um die
245 3494 1387 3568 fragen; ja, der Ruf nach dem Leben durchhallt das ganze
2514 3529 3352 3580 kennt: Liebe, Tod und Theater. Mit dem let
1397 3525 2520 3597 Frauen zu reizen und doch achtlos an ihnen vorüber¬
250 3547 1388 3606 Werk wild und ununterbrochen. So wird die Elegie seiner Ge¬
248 3581 3331 3663 stalten zerstört, wenn es ums Sterben geht... „Nie 1 zugehen, aber sie lieben auch die Blumen im Knopfloch, um # etwas ganz besonderes. Das Theater,
