3344 4320
1434 124 2588 187 Preneunsenneeecheneece eue Aal Mr
1429 171 2521 224 & Co., 7. Bezirk, Mariahilferstraße 76, 1. Stock, erhältlich sind.
1501 212 2583 254 [Gute Uhren als Firmungsgeschenke) kaust
1412 246 2583 287 man am vorleilhaftesten zu Fabrikspreisen, dabei aufmerisam
1418 287 2574 338 repassiert und mit drei Jahren reeller Garantie bei Wilhelm
1423 328 2583 366 Köllmer, Wien, 9. Bezirk, Servitengasse 1. Der anerkannt gute
1419 368 2578 400 Ruf und 38jährige Bestand dieser Firma bürgt für reelle Be¬
1415 409 2579 461 dienung. Uhrenkataloge über alle Gattungen Uhren, Gold= und
1430 440 2259 500 Silberwaren sind auf Verlangen gratis erhältlich.
1504 487 2582 536 [Kunstgewerbliches Etablissement S. Weiß.]
1415 517 2582 580 Das renommierte Etablissement für Kunstgewerbe S. Weiß, dessen
1415 556 2567 620 Verkaufslokalitäten sich bisher 1. Bezirk, Rotenturmstrafe 19 be¬
1430 602 2579 647 sanden, hat wegen Verringerung der Regien auch den Detailverkauf
1416 644 2578 692 anschließend an die Werkstätten, 9. Bezirk, Elisabethpromenade 23 a
1419 679 1878 737 verlegt. Telephon 22283.
1507 722 2582 782 [Radiumbehandlung] bei Gicht, Rheuma, Arlerio¬
1420 761 2576 812 sklerose, Blutarmut 2c. ist durchaus nicht an Joachimsthal gebunden.
1419 808 2576 841 Das Sanatorium Wällischhof in Brunn=Maria=Enzersdorf (Süd¬
1417 837 2580 906 bahn) ist für Radiumtherapie vorzüglich eingerichtet. Prospekte ver¬
1407 876 1798 930 sendet die Direktion.
1513 921 2454 978 [Echte Ecuador=Herren=Panamahüte
2462 916 2570 981 zu
1411 965 2572 1020 Sensationspreisen.] Die Firma Gerngroß het die ganze
1404 1006 2572 1038 Ernte an Arbeiten von Heimarbeitern in echten Panamahülen von
1418 1040 2570 1093 einem der bedeutendsten überseeischen Exporteure in Bausch und
1407 1083 2575 1129 Vogen zu einem fabelhaft billigen Preis erworben. Der ganze,
1418 1115 2570 1160 viele tausen: Stück umfassende Vorrat an echten Herren=Panama¬
1413 1155 2584 1202 hüten, adjustiert mit Leder und Band, wird nunmehr ausschließlich
1421 1199 2564 1239 zum Detailverkaufe, insolange der Vorrat reicht, angeboten.
1421 1236 2574 1294 Serie 1 kostet nur K. 7.75, Serie II nur K. 12.50. Engrosverkäufe
1411 1273 1759 1328 sind ausgeschlossen.
1498 1301 2565 1364 [Den Haushalt verbilligen] kann man durch Ver¬
1411 1352 2569 1397 wendung der allgemein verbreiteten und beliebten Karna=Pflanzen¬
1410 1396 2569 1446 fleisch=Produkte. Man verlange bei seinem Kaufmann oder mittelst
1404 1436 2579 1498 Karte (Karna=Werle, Wien, 20. Bezirk, Marchfeldstraße 18) die
1397 1470 2092 1529 Broschüre „Was ist Karna=Fleischersatz?“
1703 1517 2414 1607 #musik ihr Sonntag den 12. Mai.
1829 1580 2575 1645 #katholischen Pfarrkirche zur
1601 1582 1780 1658 Bure:
1391 1613 1594 1675 heilig
1776 1632 2566 1667 a um 10 Uhr: Liturgie des heiligen Johannes
1416 1669 2592 1714 Chrysosthomus in C-dur von Hreczanynow und Konzert Nr. 16
1411 1705 1612 1774 den Lyzyn.
1582 1762 2362 1849 Das Wien Artur Schnitzlers.
1644 1830 2324 1884 Zu seinem fünfzigsten Geburtstag.
1461 1879 2570 1938 Das junge Wien wird jetzt also fünfzig Jahre alt.
1378 1916 2562 1988 Denn sein Geburtstag und der Artur Schnitzlers fallen
1391 1979 2562 2031 wohl ungejähr auf den gleichen Tag. Es sind zwei Begriffe,
1383 2019 2567 2086 die seit zwanzig Jahren zusammen genannt werden und die
1392 2133 2561 2194 teilen müssen. Sie sind doch merkwürdig rasch in dieses
1383 2168 2571 2245 gesetzte und reife Alter getreten. Wie lange ist es denn
1390 2226 2559 2282 gar her, daß das junge Wien wirklich jung war, 4#
1384 2260 2571 2322 gründlich und unsinnig jung, wie es nur literarische
1398 2314 2552 2377 Jugend zu sein vermag. Es bestand aus einem Kaffee¬
1395 2353 2551 2406 haustisch, um den eine Handvoll junger Leute saß, die
1392 2405 2560 2464 sich Ibsen, Nietzsche, den Naturalismus und die Pariser
1387 2451 2561 2505 Moderne zu Herzen genommen hatten und diese neuen
1392 2500 2556 2550 Begriffe und Ideen ins Wienerische übertragen wollten.
1392 2549 2561 2609 Und ehe man sich's versieht, haben alle diese heftigen und
1386 2596 2565 2652 unklaren jungen Leute die Vierzig überschritten, und der
1380 2643 2547 2695 fünfzigste Geburtstag des Besten unter ihnen ist heute
1377 2692 2558 2765 mehr als ein wienerisches Ereignis. Die literarische Jugend.
1388 2744 2546 2798 vergeht und verändert sich, wie es scheint, noch rascher als
1387 2787 2545 2847 die gewöhnliche. Der Kaffeehaustisch des jungen Wien be¬
1382 2832 2539 2890 steht längst nicht mehr. Sogar das Haus hat man nieder¬
1388 2878 2544 2932 gerissen, wie so viele gestrige Dinge, und was neu aufgebaut
1383 2926 2355 2977 wird und nachwächst, ist ein ganz anderes Wien.
1455 2975 2546 3029 Aber der Begriff ist geblieben. Das Schlagwort vom
1372 3025 2536 3090 jungen Wien kennt und gebraucht man auch draußen und
1376 3074 2538 3136 es ist durch alle Abhandlungen und Literaturgeschichten,
1371 3117 2536 3169 alle neueren Betrachtungen über Wien gegangen. Gewöhn¬
1376 3169 2542 3218 lich versteht man darunter ein unbestimmies Gemenge von
1383 3210 2536 3268 Liebenswürdigkeit, Leichtsinn, tändelnder Erotik und
1375 3259 2545 3319 Sentimentalität. So ungefähr hat man sich auch jahre¬
1377 3317 2564 3367 lang draußen Artur Schnitzler vorgestellt, den man von¬
1369 3370 2550 3420 allen Wienern am meisten kennt und liest. Sogar seine
1369 3405 2541 3463 persönliche Erscheinung ist bald populär geworden: die
1377 3442 2537 3514 etwas stilisierte Eleganz der Toilette, die breite schwarze
1366 3493 2534 3549 Plastronkrawatte, von der sich der blonde Vollbart ab¬
1382 3549 2540 3607 hebt, und vor allem die bis zum linken Auge
1376 3590 2535 3642 reichende blonde Locke, die berühmte Schnitzler=Locke.
1374 3640 2520 3694 Die Erscheinung des jüngeren Schnitzler hat da¬
1385 3686 2532 3739 mals namentlich draußen als die typische Gestalt des
1380 3736 2527 3794 Jung=Wiener Dichters gegolten, und es haben ihn ja auch
1375 3781 2532 3837 manche Genossen vom Kaffeehaustisch äußerlich kopiert.
1377 3829 2532 3885 Aber die breite schwarze Plastronkrawatte und die Stirn¬
1369 3872 2521 3923 locke allein machen's eben nicht aus. Sogar die Karikatur,
1359 3911 2524 3993 diese unfreiwillige Helferin des Ruhmes, hat sich der
1373 3970 2539 4032 äußeren Merkmale bemächtigt, und in den Witzblättern
1361 4035 2535 4094 der Neunzigerjahre ist die Gestalt des koketten und ele¬
1360 4059 2538 4147 ganten Anatol=Dichters immer wiedergekehrt. u
