3392 4384
1833 94 2432 179 ——
768 175 839 249 5
1066 178 1153 246 B
1645 182 2100 273 box 39/2
311 185 352 250 P
285 183 1510 284 Sothand esthJirthday
1201 767 2660 963 Ansa dg (atr
1677 925 1865 1019 Ce-
1172 1000 2442 1081 Daß das Verhältnis des heutigen Juden zu Gott ein un¬
1067 1053 2461 1112 moralisches ist, wird jeder zugeben, der mit tiefer Scham einem
1055 1107 2460 1159 israelitischen Gottesdienste beigewohnt hat. Die folgende Unter¬
1060 1155 2462 1227 süchung wird sich aber darauf beschränken, das religiöse Leben
1063 1191 2460 1276 des Juden zu untersuchen in denjenigen Verhältnissen zur
1046 1264 2448 1319 Außenwelt, in denen es nach Georg Simmel („Die Religion=)
1051 1304 2464 1385 sich als bestimmter Faktor äußert: in dem Verhältnis zur Natur,
1054 1348 1998 1413 zum Schicksal und zu den Mitmenschen.
2164 1360 2425 1436 Hans Kohn.
1455 1496 2033 1603 Artbur Schnitzler.
1502 1595 1992 1663 Zu seinem 50. Geburtstag.
1160 1640 2448 1711 Der Tag, an dem die ganze Welt unseres Kulturkreises
1053 1706 2439 1769 einen der größten jüdischen Dichter unserer Zeit feiert, darf
1042 1760 2439 1823 von uns nicht unvermerkt bleiben. Doch kann es sich im
1043 1813 2434 1881 Rahmen dieses Heftes nicht darum handeln, ein Bild der dich¬
1049 1862 2443 1920 terischen Persönlichkeit Arthur Schnitzlers zu geben; dies ist
1052 1897 2438 1969 in fast allen deutschen Zeitschriften am heutigen Tage mehr
1045 1944 2441 2016 oder minder erschöpfend versucht worden. Arthur Schnitzler,
1047 1999 2442 2055 der als der Führer der =Jungwienere angesprochen werden
1049 2052 2420 2103 kann, — jener Schule, die fast ausschließlich Juden umfaßt —
1051 2105 2436 2152 hat gerade für uns eine besondere Bedeutung, und diese möchte
1043 2150 1731 2212 ich hier ganz kurz andeuten.
1164 2194 2445 2254 Wenn wir uns oft mühen, das Wesen der jüdischen
1037 2246 2446 2300 Eigenaft zu erfassen, so erkennen wir immer die Schwierigkeit,
1027 2301 2430 2363 jene Besonderheit der seelischen Reaktion, die wir zjüdische
1039 2355 2432 2416 nennen und deren Vorhandensein wir (und auch die Nicht¬
1028 2399 2424 2449 juden) unzweifelhaft feststellen, in Worten irgendwie zu cha¬
1037 2456 2437 2511 rakterisieren. Es ist wiederholt versucht worden, von Juden
1036 2495 2427 2561 und Nichtjuden, oft in wenig gründlicher Weise. Zuletzt, am
1034 2538 2433 2615 bedeutungsvollsten, von Martin Buber, der sich der Schwierig¬
1037 2594 2432 2661 keit selbst bewußt ist und nur ganz Allgemeines hervorzuheben
1032 2648 2427 2700 gewagt hat. Es ist eben fast unmöglich, die innersten und
1036 2694 2435 2751 subtilsten Mächte unseres Szelenlebens durch Mittel der Sprache
1024 2745 2423 2805 entsprechend wiederzugeben. Wir können sie nur gefühlsmäßig.
1023 2790 2426 2850 oder intuitiv, seinfühlends erfassen; wir Juden erfühlen die
1030 2837 2426 2892 Zusammenhänge, die uns mit andern verbinden. Wir fühlen
1025 2899 2429 2952 bei den Außerungen einer jüdischen Seele eine Saite in uns
1029 2937 2419 3001 mitschwingen, wir fühlen die Verwandtschaft. Wir beobachten
1028 2989 2424 3034 dies im täglichen Leben, wir beobachten es vor allem, wenn
1021 3041 2411 3095 wir die Schöpfungen der feinst organisierten jüdischen Seelen
1024 3084 2420 3140 empfangen. Man hat sich gewöhnt, bei Dichtern und Künstlern
1021 3128 2411 3190 von einer „jüdischen Notes zu sprechen: diese jüdische Note
1028 3187 2423 3254 ist etwas, was wir uns vergeblich zu analysieren bemühen
1024 3245 2413 3310 und dessen Dasein wir doch ganz sicher und unmittelbar wahr¬
1027 3281 1440 3345 nehmen, erleben.
1139 3319 2411 3385 Arthur Schnitzler ist einer von jenen schöpferischen Men¬
1022 3390 2420 3465 schen, in dessen Schaffen wir die jüdische Note stärker als
