3344 4384
2049 172 2202 225 —
703 235 771 308 5
1592 230 2055 326 box 39/2
236 243 1512 331 tntBirthdar
676 666 1364 822 Au 12
1246 824 1361 890 77
645 876 968 967 B
1200 897 1349 958 —
1960 870 2312 967 Rundschau
669 1037 1494 1123 von einhelliger Herzlichkeit. Worin
1494 1027 2315 1099 blimer Werkireue arbeitet, bleibt er
1507 1096 2317 1157 uns nimmer dunkel noch fern. Eine
659 1106 1487 1167 liegt nun eigentlich das Geheimnie
1487 1147 2310 1216 Werktreue, aus der man seine Persönlich¬
667 1155 1493 1218 dieses bewunderten Erfolges? Nach
671 1198 2316 1251 meinem Empfinden zumeist in der keit am sichersten kennen, seinen Künstler
1506 1246 2316 1312 am höchsten schätzen lernt. Eine Werk¬
664 1256 1489 1316 tiefinnigen Verschmelzung einer von
1507 1292 2316 1365 treue, die seine Kunst ihm selbst nicht
672 1303 1482 1372 außen viel empfangenden Persönlichkeit
1503 1340 2309 1416 einen Augenblick zur bloßen Bedute
676 1347 1494 1420 mit einer wohlberatenen Kunst und
1507 1396 2316 1458 macht, vielmehr seine ganze Kraft an die
666 1402 1487 1469 einer Kunstübung von hingebender
1504 1444 2329 1506 Lösung jeder Aufgabe, auch der kleinsten,
667 1450 1492 1513 Treue. Ferner darin: daß dieser Dichter
1515 1498 2315 1558 ruft. Schnitzler hat arbeitend ein
663 1496 1494 1565 der blutjung=treibenden Liebe und des
1506 1553 2314 1620 wichtiges Kunstdogma begriffen. Und
680 1546 1490 1623 erlösenden Sterbens niemals ein
1508 1587 2320 1652 das gibt ihm Wirkung und Macht von
676 1588 1488 1663 „Apostel“ sein will — selbst in seinem
1509 1649 2310 1713 Dauer. Das Dogma: die Dichtung, vor
676 1648 1472 1705 Tendenz=Roman „Der Weg ins Freie“
1500 1687 2327 1760 allem das Drama, soll befähigt sein,
678 1707 1484 1756 vermeidet er den Apostelton geflissent¬
1496 1739 2316 1802 unsere Seele weit zu erschließen; soll
679 1743 1501 1811 lich — sondern immer nur ein schlichter
1501 1798 2323 1857 in uns wecken, was unbewußt in uns
681 1803 1491 1854 Herzdeuter, ein gütiger Schuldversteher, ein
1506 1835 2329 1901 gelegen; soll gemacht und geeignet
676 1850 1489 1907 Fehltilgender, wie vornehmlich in seinen
1505 1884 2310 1950 sein: zum starken Miterleben in uns aufzu¬
671 1899 1489 1954 Wiener Dramen „Liebelei", „Freiwild“.
1506 1946 2314 2001 rufen, was als Schicksal, Bestimmung oder
683 1941 1487 1998 „Comtesse Mizzi“ u. A. Endlich darin:
1505 1983 2309 2046 Verhängnis Anderer vor unserer Im¬
674 1989 1495 2050 daß er in alledem unverändert von
1504 2035 2327 2096 pression sich vollzieht. Darum hat
675 2038 1493 2097 Anbeginn bis zur Stunde so bezaubernd
1511 2088 2326 2152 immer das unmittelbar Wirkliche als
671 2089 1494 2135 jungfühlig und voll Altersklugheit ge¬
1506 2127 2321 2199 Gegenstand seiner lebendigen Dar¬
679 2129 1494 2198 blieben. In allem Wollen und Wesen
1504 2183 2310 2234 stellungen ihn am tiefsten angeregt.
674 2187 1491 2251 der klar Erfaßliche! Und daß er — neben
1502 2225 2323 2294 Damit hat er die nachhaltigsten und
673 2237 1486 2302 seiner Neigung zur Tragik der ver¬
1506 2282 2335 2350 innerlichsten Eindrücke sich zu sichern
671 2278 1490 2353 borgenen Schicksalsbeziehungen — heut,
1510 2330 1700 2403 gewußt.
666 2331 1493 2398 wie von Anbeainn, voll herzlichem
1601 2363 2328 2436 Ich denke an seinen ersten Wurf
676 2391 1491 2446 Humor, überlegener Ironie und psycho¬
1511 2420 2317 2491 „Liebelei". Den Premierenabend wird
675 2444 1486 2493 logischer Nachsicht in der Beurteilung
1506 2473 2329 2547 niemand vergessen, der ihn erleben
670 2493 1493 2540 menschlicher Irrungen geblieben. Und
1511 2518 2322 2572 durfte: Das war gar kein „Spiel",
677 2532 1490 2590 was ihn in alledem auszeichnet: die
1507 2572 2321 2634 das war ein Stück wirkliche Jugend
671 2576 1489 2643 konsequente Charakteristik seiner Gestalten,
1511 2615 2322 2677 in Glück und Fehl, in Seligkeit, Ver¬
680 2624 1489 2691 für die er die knappsten Dialog=Finessen
1507 2668 2330 2731 trauen und Sterben. Alles äußere
673 2675 1490 2739 von blendender Beredsamkeit, Schlag¬
1509 2720 2321 2777 Vollziehen beinahe kunstgegensätzlich;
682 2726 1283 2788 fertigkeit, Lebensfülle findet.
1505 2780 2326 2826 aber alles Erleben so pulswarm jung
756 2770 1485 2839 Nicht in allen seinen Werken be¬
1504 2813 2321 2871 und wirklich; und der Dichter in seiner
679 2810 1494 2894 tätigt Schnitzler diese Vollsumme seiner
1510 2876 2327 2924 Greisenweisheit so kindhaft unwillkür¬
668 2873 1493 2942 Begabung und in dem Einzelnen nicht
1506 2911 2317 2981 lich. Es war für ihn schon damals
680 2921 1489 2975 immer gleich stark und wirkungsicher.
1508 2962 2315 3026 sehr charakteristisch, daß er der blut¬
676 2971 1505 3034 Aber überall ist seine Kunst in hohem
1504 3021 2329 3071 jungen Heldin, dem Kind Christine,
672 3018 1494 3084 Grade mitteilsam. Immer weiß er,
1503 3051 2316 3124 als letzten Aufschrei vor ihrem ver¬
685 3075 1491 3128 auch in Symbolischem und „den Dingen
1503 3103 2320 3163 zweifelten Sterben die Worte in den
684 3114 1490 3184 zwischen Himmel und Erde“ — wie
1504 3150 2314 3218 Mund legt: „Vater, verstehst du die
685 3155 1409 3225 in den Novellen „Dämmerseelen“
1503 3198 2323 3269 Welt noch?“ die Hebbels Meister Anton
680 3214 1472 3283 sich uns verständlich zu
1518 3259 2322 3327 als letzten Seufzer seiner Sorgen aus¬
681 3259 1457 3323 machen. Und was wir verstehen —
1506 3300 2327 3372 stößt, „ich verstehe die Welt nicht mehr“.
679 3320 1498 3385 besitzen wir. Was wir besitzen — lieben
1513 3349 2324 3403 Übrigens: die äußere Wirkung
669 3354 1490 3421 und hätscheln wir gern. Dank seiner
1518 3397 2337 3480 Schnitzlers wurde sicherlich dadurch ver¬
670 3417 1489 3486 durchseelten Wortbelebung, die mit su¬
2186 3488 2330 3560 397
1912 3528 2255 3617 # RnmamR MA
