<?xml version="1.0" encoding="UTF-8" standalone="yes"?>
<PcGts xmlns="http://schema.primaresearch.org/PAGE/gts/pagecontent/2013-07-15" xmlns:xsi="http://www.w3.org/2001/XMLSchema-instance" xsi:schemaLocation="http://schema.primaresearch.org/PAGE/gts/pagecontent/2013-07-15 http://schema.primaresearch.org/PAGE/gts/pagecontent/2013-07-15/pagecontent.xsd">
    <Metadata>
        <Creator>prov=University of Rostock/Institute of Mathematics/CITlab/Gundram Leifert/gundram.leifert@uni-rostock.de:name=ONB_Newseye_GT_M1+(htr_id=10810)::::v=2.4.2
prov=University of Rostock/Institute of Mathematics/CITlab/Tobias Gruening/tobias.gruening@uni-rostock.de:name=de.uros.citlab.module.baseline2polygon.B2PSeamMultiOriented:v=2.4.2
prov=University of Rostock/Institute of Mathematics/CITlab/Tobias Gruening/tobias.gruening@uni-rostock.de:name=/mnt/transkribus/LA/DEA/URO/LA_news_onb_att.pb:de.uros.citlab.segmentation.CITlab_LA_ML:v=2.4.2
Transkribus</Creator>
        <Created>2019-10-07T20:31:40.987+02:00</Created>
        <LastChange>2019-10-09T07:17:51.517+02:00</LastChange>
        <TranskribusMetadata docId="224437" pageId="9575195" pageNr="100" tsid="16625986" status="IN_PROGRESS" userId="40391" imgUrl="https://files.transkribus.eu/Get?id=RFFESSWMJGCXIJMDRGFONSQK&amp;fileType=view" xmlUrl="https://files.transkribus.eu/Get?id=QUPLQPSVDKTMCVVCTIBXLJQZ" imageId="6206962"/>
    </Metadata>
    <Page imageFilename="224437_0100.jpeg" imageWidth="3392" imageHeight="4384">
        <ReadingOrder>
            <OrderedGroup id="ro_1711442827274" caption="Regions reading order">
                <RegionRefIndexed index="0" regionRef="r1"/>
            </OrderedGroup>
        </ReadingOrder>
        <TextRegion orientation="0.0" id="r1" custom="readingOrder {index:0;}">
            <Coords points="150,231 150,3150 2884,3150 2884,231"/>
            <TextLine id="r1l1" custom="readingOrder {index:0;}">
                <Coords points="1608,264 1663,275 1689,255 1768,276 1819,251 2008,267 2055,248 2055,167 1963,169 1895,204 1853,191 1804,225 1729,191 1699,206 1608,202"/>
                <Baseline points="1619,255 1644,254 1669,254 1694,253 1719,253 1744,253 1769,253 1794,253 1819,254 1844,254 1869,254 1894,254 1919,254 1944,254 1969,253 1994,253 2019,252 2045,251"/>
                <TextEquiv>
                    <Unicode>box 39/2</Unicode>
                </TextEquiv>
            </TextLine>
            <TextLine id="r1l2" custom="readingOrder {index:1;}">
                <Coords points="249,305 1268,301 1462,276 1462,234 1408,204 1036,206 979,249 908,207 542,212 500,248 453,210 248,228"/>
                <Baseline points="260,278 319,278 379,277 438,277 498,277 558,276 617,276 677,276 736,276 796,275 856,275 915,275 975,274 1034,274 1094,273 1154,273 1213,273 1273,272 1332,271 1392,271 1452,270"/>
                <TextEquiv>
                    <Unicode>Sothand55t—Birthdar</Unicode>
                </TextEquiv>
            </TextLine>
            <TextLine id="r1l3" custom="readingOrder {index:2;}">
                <Coords points="2525,1141 2661,1144 2725,1127 2817,1141 2840,1124 2866,1130 2866,1060 2792,1060 2706,1095 2687,1085 2664,1091 2626,1063 2577,1086 2526,1077"/>
                <Baseline points="2535,1129 2561,1129 2588,1128 2615,1128 2641,1129 2668,1130 2695,1130 2721,1131 2748,1131 2775,1131 2801,1131 2828,1129 2855,1127"/>
                <TextEquiv>
                    <Unicode>SPGEIRTTTEE</Unicode>
                </TextEquiv>
            </TextLine>
            <TextLine id="r1l4" custom="readingOrder {index:3;}">
                <Coords points="1847,1184 2805,1190 2861,1164 2860,1123 2458,1152 2379,1116 2152,1152 2094,1114 1847,1116"/>
                <Baseline points="1858,1179 1907,1178 1957,1178 2006,1177 2056,1177 2105,1176 2155,1176 2204,1176 2254,1176 2303,1175 2353,1175 2403,1175 2452,1175 2502,1174 2551,1174 2601,1174 2650,1173 2700,1173 2749,1172 2799,1171 2849,1171"/>
                <TextEquiv>
                    <Unicode>Couimsje.— Fn alertenläufe Vorfuhren, während</Unicode>
                </TextEquiv>
            </TextLine>
            <TextLine id="r1l5" custom="readingOrder {index:4;}">
                <Coords points="1831,1227 2860,1227 2860,1191 2681,1173 1831,1187"/>
                <Baseline points="1843,1222 1893,1222 1943,1221 1994,1221 2044,1220 2094,1220 2145,1220 2195,1219 2245,1219 2296,1219 2346,1218 2396,1218 2447,1218 2497,1218 2547,1218 2598,1218 2648,1218 2698,1218 2749,1218 2799,1218 2850,1218"/>
                <TextEquiv>
                    <Unicode>einzelne Jugendturner den Gewehrsprung vor¬</Unicode>
                </TextEquiv>
            </TextLine>
            <TextLine id="r1l6" custom="readingOrder {index:5;}">
                <Coords points="846,1235 1808,1229 1808,1184 1729,1165 1583,1198 1485,1158 1159,1196 846,1167"/>
                <Baseline points="856,1228 903,1227 950,1227 997,1226 1044,1226 1091,1226 1138,1226 1185,1226 1232,1226 1279,1226 1326,1226 1373,1226 1420,1226 1467,1226 1514,1226 1561,1225 1608,1225 1655,1224 1702,1223 1749,1222 1797,1221"/>
                <TextEquiv>
                    <Unicode>Reterat des Verbandsturnwarts Herrn Turnlehrer</Unicode>
                </TextEquiv>
            </TextLine>
            <TextLine id="r1l7" custom="readingOrder {index:6;}">
                <Coords points="146,1258 410,1267 429,1252 576,1250 608,1262 667,1244 666,1202 620,1211 577,1188 549,1201 479,1179 219,1200 145,1188"/>
                <Baseline points="157,1250 183,1251 209,1252 235,1252 262,1252 288,1252 314,1251 340,1251 367,1250 393,1250 419,1249 445,1248 472,1247 498,1247 524,1246 550,1246 577,1246 603,1246 629,1247 656,1248"/>
                <TextEquiv>
                    <Unicode>attowitz, Ersatzdelegierte.</Unicode>
                </TextEquiv>
            </TextLine>
            <TextLine id="r1l8" custom="readingOrder {index:7;}">
                <Coords points="1827,1267 2866,1281 2866,1228 2758,1220 1827,1225"/>
                <Baseline points="1839,1263 1889,1263 1940,1263 1991,1263 2042,1263 2093,1263 2144,1264 2194,1264 2245,1264 2296,1265 2347,1265 2398,1265 2449,1265 2500,1265 2550,1265 2601,1264 2652,1264 2703,1263 2754,1262 2805,1261 2856,1259"/>
                <TextEquiv>
                    <Unicode>führen werden, eine neuartige Uebung, die durchaus</Unicode>
                </TextEquiv>
            </TextLine>
            <TextLine id="r1l9" custom="readingOrder {index:8;}">
                <Coords points="848,1263 1212,1292 1802,1272 1802,1232 1753,1226 1389,1229 1352,1253 848,1229"/>
                <Baseline points="859,1269 905,1269 952,1269 998,1270 1045,1270 1092,1270 1138,1270 1185,1270 1232,1270 1278,1270 1325,1270 1372,1270 1418,1269 1465,1269 1512,1269 1558,1268 1605,1268 1652,1267 1698,1266 1745,1266 1792,1265"/>
                <TextEquiv>
                    <Unicode>Erich Burin, Berlin: „Turnen und Sport.“</Unicode>
                </TextEquiv>
            </TextLine>
            <TextLine id="r1l10" custom="readingOrder {index:9;}">
                <Coords points="155,1314 227,1294 321,1318 348,1294 408,1291 557,1322 646,1297 717,1309 759,1296 758,1223 694,1220 607,1259 154,1258"/>
                <Baseline points="165,1291 194,1291 223,1291 252,1291 281,1291 311,1291 340,1291 369,1291 398,1291 427,1291 457,1290 486,1290 515,1290 544,1289 573,1289 603,1288 632,1287 661,1286 690,1285 719,1284 749,1283"/>
                <TextEquiv>
                    <Unicode>inczower-Kattowitz, Dele¬</Unicode>
                </TextEquiv>
            </TextLine>
            <TextLine id="r1l11" custom="readingOrder {index:10;}">
                <Coords points="1832,1319 2867,1302 2788,1266 1832,1277"/>
                <Baseline points="1843,1307 1893,1307 1944,1307 1994,1308 2045,1308 2096,1308 2146,1308 2197,1308 2247,1308 2298,1308 2349,1308 2399,1308 2450,1308 2500,1308 2551,1308 2602,1307 2652,1307 2703,1306 2753,1305 2804,1304 2855,1303"/>
                <TextEquiv>
                    <Unicode>nicht so halsbrecherisch ist, wie sie dem Uneinge¬</Unicode>
                </TextEquiv>
            </TextLine>
            <TextLine id="r1l12" custom="readingOrder {index:11;}">
                <Coords points="864,1326 1665,1325 1722,1317 1722,1272 864,1281"/>
                <Baseline points="874,1309 915,1311 957,1311 999,1313 1041,1314 1083,1314 1125,1315 1167,1315 1209,1315 1251,1316 1293,1315 1334,1315 1376,1315 1418,1314 1460,1313 1502,1313 1544,1312 1586,1311 1628,1310 1670,1308 1712,1307"/>
                <TextEquiv>
                    <Unicode>Neuwahlen. Ort: Marinchaus, Ruhmessaal.</Unicode>
                </TextEquiv>
            </TextLine>
            <TextLine id="r1l13" custom="readingOrder {index:12;}">
                <Coords points="1833,1356 2791,1364 2866,1340 2866,1312 1833,1318"/>
                <Baseline points="1843,1349 1893,1350 1944,1350 1994,1350 2045,1350 2096,1350 2146,1350 2197,1349 2248,1349 2298,1349 2349,1349 2400,1349 2450,1349 2501,1348 2552,1348 2602,1348 2653,1348 2704,1347 2754,1347 2805,1347 2856,1347"/>
                <TextEquiv>
                    <Unicode>weihten erscheinen mag. Ferner werden die Jugend¬</Unicode>
                </TextEquiv>
            </TextLine>
            <TextLine id="r1l14" custom="readingOrder {index:13;}">
                <Coords points="813,1351 1080,1378 1818,1363 1818,1312 813,1321"/>
                <Baseline points="825,1353 874,1355 923,1357 972,1357 1021,1358 1070,1359 1119,1359 1168,1359 1217,1359 1266,1359 1316,1359 1365,1358 1414,1358 1463,1357 1512,1356 1561,1356 1610,1355 1659,1355 1708,1354 1757,1353 1807,1353"/>
                <TextEquiv>
                    <Unicode>Von 4 Uhr ab: Sportmeeting auf dem Spiel- und</Unicode>
                </TextEquiv>
            </TextLine>
            <TextLine id="r1l15" custom="readingOrder {index:14;}">
                <Coords points="161,1369 238,1389 323,1371 462,1402 519,1382 577,1396 621,1372 762,1377 761,1332 684,1312 629,1334 544,1311 495,1329 269,1306 244,1319 222,1300 161,1312"/>
                <Baseline points="172,1369 201,1369 230,1370 259,1370 288,1370 317,1369 346,1369 375,1368 404,1368 433,1366 462,1366 491,1365 520,1364 549,1364 578,1363 607,1363 636,1363 665,1364 694,1365 723,1366 752,1367"/>
                <TextEquiv>
                    <Unicode>Nothmann-Groß-Strehlitz,</Unicode>
                </TextEquiv>
            </TextLine>
            <TextLine id="r1l16" custom="readingOrder {index:15;}">
                <Coords points="1824,1400 2867,1403 2823,1352 1824,1361"/>
                <Baseline points="1835,1397 1886,1397 1937,1397 1988,1397 2039,1397 2090,1397 2141,1396 2192,1396 2243,1396 2294,1395 2345,1395 2396,1395 2447,1394 2498,1394 2549,1394 2600,1394 2651,1394 2702,1394 2753,1395 2804,1396 2856,1396"/>
                <TextEquiv>
                    <Unicode>abteilungen des Berliner Bar Kochba ein Barlauf¬</Unicode>
                </TextEquiv>
            </TextLine>
            <TextLine id="r1l17" custom="readingOrder {index:16;}">
                <Coords points="853,1420 1039,1420 1077,1394 1213,1420 1415,1414 1447,1388 1490,1415 1807,1401 1807,1365 1719,1355 853,1360"/>
                <Baseline points="864,1402 910,1403 957,1403 1003,1404 1050,1404 1097,1404 1143,1404 1190,1403 1237,1403 1283,1403 1330,1402 1377,1401 1423,1401 1470,1399 1517,1399 1563,1398 1610,1397 1657,1397 1703,1396 1750,1395 1797,1395"/>
                <TextEquiv>
                    <Unicode>Sportplatz des „Bar Kochba“ in Schulzendorf.</Unicode>
                </TextEquiv>
            </TextLine>
            <TextLine id="r1l18" custom="readingOrder {index:17;}">
                <Coords points="1832,1503 2867,1499 2834,1440 2653,1467 2445,1441 1832,1461"/>
                <Baseline points="1843,1500 1893,1500 1944,1500 1994,1499 2045,1499 2096,1499 2146,1498 2197,1498 2248,1497 2298,1497 2349,1497 2400,1496 2450,1496 2501,1495 2552,1495 2602,1494 2653,1494 2704,1494 2754,1493 2805,1493 2856,1493"/>
                <TextEquiv>
                    <Unicode>seele, die der seichte, schmutzige Sand des Zeit¬</Unicode>
                </TextEquiv>
            </TextLine>
            <TextLine id="r1l19" custom="readingOrder {index:18;}">
                <Coords points="777,1514 1806,1508 1805,1461 1756,1451 1684,1477 1616,1450 777,1470"/>
                <Baseline points="789,1507 839,1508 889,1508 939,1508 990,1507 1040,1507 1090,1506 1141,1506 1191,1505 1241,1504 1292,1503 1342,1503 1392,1502 1442,1501 1493,1501 1543,1500 1593,1500 1644,1500 1694,1500 1744,1500 1795,1501"/>
                <TextEquiv>
                    <Unicode>die seine Novellen und Erzählungen malen. Und</Unicode>
                </TextEquiv>
            </TextLine>
            <TextLine id="r1l20" custom="readingOrder {index:19;}">
                <Coords points="151,1510 258,1534 290,1519 331,1535 450,1528 486,1506 535,1525 750,1520 749,1467 726,1456 700,1478 672,1459 432,1477 353,1458 296,1480 213,1466 151,1484"/>
                <Baseline points="163,1514 191,1514 220,1514 249,1513 278,1513 307,1513 335,1513 364,1513 393,1513 422,1513 451,1513 479,1512 508,1512 537,1512 566,1511 595,1511 623,1510 652,1509 681,1508 710,1507 739,1506"/>
                <TextEquiv>
                    <Unicode>fehlt, der Ernst der Liebe,</Unicode>
                </TextEquiv>
            </TextLine>
            <TextLine id="r1l21" custom="readingOrder {index:20;}">
                <Coords points="1834,1566 2820,1554 2875,1545 2875,1490 2185,1525 1834,1506"/>
                <Baseline points="1845,1548 1896,1547 1947,1546 1998,1545 2049,1544 2100,1543 2151,1543 2202,1542 2253,1542 2304,1541 2355,1541 2406,1541 2457,1541 2508,1540 2559,1540 2610,1540 2661,1540 2712,1540 2763,1540 2814,1539 2865,1539"/>
                <TextEquiv>
                    <Unicode>gerinnsels um sie nicht trüben kann. Er zeugt aber</Unicode>
                </TextEquiv>
            </TextLine>
            <TextLine id="r1l22" custom="readingOrder {index:21;}">
                <Coords points="784,1558 1742,1560 1812,1547 1812,1511 784,1520"/>
                <Baseline points="795,1550 845,1550 895,1551 945,1551 996,1551 1046,1551 1096,1551 1147,1550 1197,1550 1247,1549 1298,1549 1348,1548 1398,1548 1448,1547 1499,1546 1549,1546 1599,1545 1650,1545 1700,1544 1750,1543 1801,1543"/>
                <TextEquiv>
                    <Unicode>doch hat Schnitzler ein Drama geschrieben, das stark</Unicode>
                </TextEquiv>
            </TextLine>
            <TextLine id="r1l23" custom="readingOrder {index:22;}">
                <Coords points="151,1563 267,1576 330,1556 433,1576 765,1557 764,1515 534,1524 487,1503 451,1527 332,1535 151,1520"/>
                <Baseline points="162,1559 191,1559 221,1559 250,1559 280,1559 310,1559 339,1559 369,1559 398,1558 428,1558 458,1557 487,1557 517,1556 546,1556 576,1555 606,1555 635,1554 665,1554 694,1553 724,1553 754,1553"/>
                <TextEquiv>
                    <Unicode>n einem so modern sensitiven</Unicode>
                </TextEquiv>
            </TextLine>
            <TextLine id="r1l24" custom="readingOrder {index:23;}">
                <Coords points="1836,1589 2756,1598 2875,1586 2875,1546 1836,1562"/>
                <Baseline points="1847,1590 1897,1589 1948,1588 1999,1587 2050,1586 2101,1586 2152,1585 2202,1585 2253,1585 2304,1584 2355,1584 2406,1584 2457,1584 2508,1584 2558,1583 2609,1583 2660,1583 2711,1582 2762,1582 2813,1581 2864,1580"/>
                <TextEquiv>
                    <Unicode>auch von. dem Fluch des Schaffenden, der aus seiner</Unicode>
                </TextEquiv>
            </TextLine>
            <TextLine id="r1l25" custom="readingOrder {index:24;}">
                <Coords points="780,1609 1808,1605 1807,1560 1769,1550 779,1558"/>
                <Baseline points="791,1594 841,1594 891,1594 941,1594 992,1594 1042,1594 1092,1594 1143,1593 1193,1593 1243,1593 1294,1592 1344,1592 1394,1591 1444,1591 1495,1590 1545,1590 1595,1589 1646,1588 1696,1587 1746,1587 1797,1586"/>
                <TextEquiv>
                    <Unicode>ist in seinem Wesen, anders ist als das Wesen ringsum.</Unicode>
                </TextEquiv>
            </TextLine>
            <TextLine id="r1l26" custom="readingOrder {index:25;}">
                <Coords points="424,1604 490,1616 500,1605 615,1611 662,1600 694,1612 720,1601 733,1614 769,1614 768,1563 751,1561 690,1568 664,1557 634,1577 598,1558 551,1567 536,1558 424,1574"/>
                <Baseline points="434,1600 459,1599 484,1599 509,1598 534,1598 559,1598 584,1597 609,1597 634,1597 659,1597 684,1597 709,1597 734,1597 759,1597"/>
                <TextEquiv>
                    <Unicode>—, wurde durch</Unicode>
                </TextEquiv>
            </TextLine>
            <TextLine id="r1l27" custom="readingOrder {index:26;}">
                <Coords points="140,1611 162,1620 176,1609 198,1615 268,1601 285,1613 325,1606 338,1617 368,1605 387,1616 406,1609 405,1567 386,1563 335,1574 295,1562 265,1575 252,1567 212,1572 182,1560 167,1568 139,1562"/>
                <Baseline points="150,1606 177,1604 204,1603 231,1603 258,1603 286,1603 313,1603 340,1602 367,1601 395,1599"/>
                <TextEquiv>
                    <Unicode>eben kann</Unicode>
                </TextEquiv>
            </TextLine>
            <TextLine id="r1l28" custom="readingOrder {index:27;}">
                <Coords points="1845,1641 2377,1649 2424,1623 2575,1652 2602,1624 2747,1625 2877,1650 2877,1588 1844,1594"/>
                <Baseline points="1856,1632 1906,1632 1957,1631 2007,1630 2058,1629 2108,1629 2159,1629 2209,1629 2260,1629 2310,1629 2361,1629 2411,1629 2462,1629 2512,1629 2563,1628 2613,1628 2664,1627 2714,1627 2765,1626 2815,1624 2866,1623"/>
                <TextEquiv>
                    <Unicode>Zeit entstand und aus dem Stamme, dessen Ent¬</Unicode>
                </TextEquiv>
            </TextLine>
            <TextLine id="r1l29" custom="readingOrder {index:28;}">
                <Coords points="776,1655 1815,1637 1814,1590 776,1621"/>
                <Baseline points="787,1645 837,1641 888,1639 939,1637 990,1635 1041,1635 1092,1634 1143,1634 1194,1633 1245,1634 1296,1634 1346,1634 1397,1634 1448,1634 1499,1634 1550,1633 1601,1633 1652,1632 1703,1631 1754,1628 1805,1626"/>
                <TextEquiv>
                    <Unicode>„Der Ruf des Lebens“ entstand aus der Ein¬</Unicode>
                </TextEquiv>
            </TextLine>
            <TextLine id="r1l30" custom="readingOrder {index:29;}">
                <Coords points="149,1660 766,1652 765,1612 708,1604 148,1616"/>
                <Baseline points="160,1648 189,1648 219,1647 249,1646 279,1646 308,1645 338,1644 368,1643 398,1643 427,1643 457,1642 487,1641 517,1641 546,1641 576,1640 606,1640 636,1640 665,1639 695,1639 725,1639 755,1639"/>
                <TextEquiv>
                    <Unicode>nglich reine Wien seiner Sinne</Unicode>
                </TextEquiv>
            </TextLine>
            <TextLine id="r1l31" custom="readingOrder {index:30;}">
                <Coords points="1842,1685 2768,1663 2830,1686 2866,1679 2866,1639 1842,1649"/>
                <Baseline points="1852,1676 1902,1674 1952,1673 2002,1673 2052,1672 2103,1672 2153,1672 2203,1672 2253,1672 2303,1672 2354,1672 2404,1672 2454,1672 2504,1672 2554,1672 2605,1672 2655,1672 2705,1671 2755,1671 2805,1670 2856,1669"/>
                <TextEquiv>
                    <Unicode>wurzelte ihre Helfer sind. Sich von ihr ganz los¬</Unicode>
                </TextEquiv>
            </TextLine>
            <TextLine id="r1l32" custom="readingOrder {index:31;}">
                <Coords points="794,1691 1465,1696 1520,1668 1818,1704 1818,1634 794,1652"/>
                <Baseline points="804,1684 854,1682 904,1681 954,1680 1004,1679 1054,1679 1104,1678 1155,1678 1205,1677 1255,1677 1305,1677 1355,1677 1405,1677 1455,1676 1506,1676 1556,1676 1606,1676 1656,1675 1706,1675 1756,1674 1807,1673"/>
                <TextEquiv>
                    <Unicode>samkeit, welche dem Dichter seine Sphäre schuf.</Unicode>
                </TextEquiv>
            </TextLine>
            <TextLine id="r1l33" custom="readingOrder {index:32;}">
                <Coords points="145,1702 347,1706 458,1686 734,1700 758,1698 757,1651 144,1661"/>
                <Baseline points="155,1688 184,1689 214,1689 243,1690 273,1690 303,1690 332,1690 362,1689 391,1689 421,1689 451,1688 480,1688 510,1687 539,1686 569,1686 599,1686 628,1685 658,1685 687,1685 717,1685 747,1685"/>
                <TextEquiv>
                    <Unicode>gezwungen, und er zwang sich,</Unicode>
                </TextEquiv>
            </TextLine>
            <TextLine id="r1l34" custom="readingOrder {index:33;}">
                <Coords points="1843,1726 2876,1714 2875,1684 2801,1674 1843,1686"/>
                <Baseline points="1854,1720 1904,1719 1955,1717 2005,1717 2056,1716 2106,1715 2157,1715 2207,1714 2258,1714 2308,1714 2359,1714 2409,1714 2460,1714 2510,1714 2561,1714 2611,1714 2662,1714 2712,1714 2763,1715 2813,1715 2864,1715"/>
                <TextEquiv>
                    <Unicode>sagen kann der Dichter nicht, er, dem der Segen des</Unicode>
                </TextEquiv>
            </TextLine>
            <TextLine id="r1l35" custom="readingOrder {index:34;}">
                <Coords points="775,1739 1823,1715 1822,1689 1660,1678 775,1698"/>
                <Baseline points="785,1727 836,1726 887,1726 938,1726 990,1726 1041,1726 1092,1725 1144,1725 1195,1725 1246,1725 1298,1724 1349,1724 1400,1723 1451,1723 1503,1722 1554,1721 1605,1721 1657,1720 1708,1719 1759,1718 1811,1716"/>
                <TextEquiv>
                    <Unicode>Es geriet bizarr, gewagt, aber voll der gewaltig¬</Unicode>
                </TextEquiv>
            </TextLine>
            <TextLine id="r1l36" custom="readingOrder {index:35;}">
                <Coords points="159,1743 760,1736 759,1698 678,1686 636,1702 373,1685 348,1706 159,1703"/>
                <Baseline points="169,1731 198,1732 227,1733 256,1733 285,1734 314,1734 343,1733 372,1733 401,1733 430,1732 459,1731 488,1730 517,1730 546,1728 575,1728 604,1727 633,1727 662,1726 691,1726 720,1726 749,1726"/>
                <TextEquiv>
                    <Unicode>in seinem Geiste zu schaffen.</Unicode>
                </TextEquiv>
            </TextLine>
            <TextLine id="r1l37" custom="readingOrder {index:36;}">
                <Coords points="1843,1765 2876,1776 2858,1712 1843,1727"/>
                <Baseline points="1853,1761 1903,1762 1954,1762 2004,1762 2055,1761 2105,1761 2156,1760 2206,1759 2257,1759 2307,1758 2358,1757 2409,1757 2459,1756 2510,1756 2560,1756 2611,1756 2661,1756 2712,1757 2762,1757 2813,1759 2864,1760"/>
                <TextEquiv>
                    <Unicode>Schaffens nicht im Pingen um den Sinn stetig</Unicode>
                </TextEquiv>
            </TextLine>
            <TextLine id="r1l38" custom="readingOrder {index:37;}">
                <Coords points="776,1778 1815,1778 1814,1721 776,1746"/>
                <Baseline points="787,1770 837,1770 888,1769 939,1769 990,1769 1041,1768 1091,1768 1142,1768 1193,1767 1244,1767 1295,1767 1345,1767 1396,1766 1447,1766 1498,1765 1549,1765 1599,1764 1650,1764 1701,1763 1752,1762 1803,1761"/>
                <TextEquiv>
                    <Unicode>drängenden Sehnsüchte der Befreiung zu einem an¬</Unicode>
                </TextEquiv>
            </TextLine>
            <TextLine id="r1l39" custom="readingOrder {index:38;}">
                <Coords points="145,1799 223,1773 300,1791 511,1773 551,1790 634,1780 662,1799 700,1777 760,1785 759,1753 725,1738 493,1731 361,1750 216,1732 195,1750 144,1731"/>
                <Baseline points="155,1777 184,1777 214,1777 244,1777 274,1777 303,1777 333,1776 363,1776 393,1775 422,1775 452,1774 482,1774 512,1773 541,1773 571,1772 601,1772 631,1771 660,1771 690,1771 720,1771 750,1772"/>
                <TextEquiv>
                    <Unicode>Ies Marktes. Eine Verfehlung.</Unicode>
                </TextEquiv>
            </TextLine>
            <TextLine id="r1l40" custom="readingOrder {index:39;}">
                <Coords points="1838,1812 2871,1816 2870,1770 2745,1755 1983,1786 1838,1763"/>
                <Baseline points="1849,1807 1899,1807 1950,1806 2000,1805 2051,1804 2101,1804 2152,1803 2202,1803 2253,1802 2303,1802 2354,1801 2404,1801 2455,1801 2505,1801 2556,1801 2606,1800 2657,1800 2707,1800 2758,1801 2808,1801 2859,1801"/>
                <TextEquiv>
                    <Unicode>wird, sondern für immer gegeben ward in dem</Unicode>
                </TextEquiv>
            </TextLine>
            <TextLine id="r1l41" custom="readingOrder {index:40;}">
                <Coords points="779,1814 1354,1815 1397,1843 1820,1824 1820,1775 1777,1769 779,1780"/>
                <Baseline points="790,1812 843,1812 897,1812 950,1812 1004,1812 1058,1812 1111,1811 1165,1811 1219,1811 1272,1810 1326,1809 1379,1809 1433,1808 1487,1808 1540,1807 1594,1806 1648,1806 1701,1806 1755,1805 1809,1805"/>
                <TextEquiv>
                    <Unicode>deren, das anders ist als alles umher. Das Stück</Unicode>
                </TextEquiv>
            </TextLine>
            <TextLine id="r1l42" custom="readingOrder {index:41;}">
                <Coords points="146,1822 219,1840 297,1824 359,1838 405,1811 519,1837 557,1817 727,1829 765,1816 765,1786 145,1782"/>
                <Baseline points="157,1821 186,1821 216,1821 246,1820 276,1820 306,1820 336,1820 366,1819 396,1819 426,1818 456,1817 485,1817 515,1817 545,1816 575,1815 605,1815 635,1814 665,1813 695,1813 725,1812 755,1811"/>
                <TextEquiv>
                    <Unicode>ammenhänge aufzudecken. Er</Unicode>
                </TextEquiv>
            </TextLine>
            <TextLine id="r1l43" custom="readingOrder {index:42;}">
                <Coords points="1846,1858 2881,1846 2880,1812 2799,1804 1846,1809"/>
                <Baseline points="1856,1852 1906,1852 1957,1851 2007,1850 2058,1849 2109,1848 2159,1848 2210,1847 2261,1847 2311,1846 2362,1846 2413,1845 2463,1845 2514,1844 2565,1844 2615,1844 2666,1844 2717,1843 2767,1843 2818,1843 2869,1843"/>
                <TextEquiv>
                    <Unicode>Schauen der Sinne. Dieses Glück des Schaffenden</Unicode>
                </TextEquiv>
            </TextLine>
            <TextLine id="r1l44" custom="readingOrder {index:43;}">
                <Coords points="786,1856 847,1879 932,1858 947,1873 1043,1855 1107,1872 1271,1862 1271,1832 1229,1813 1156,1810 1105,1827 1005,1816 962,1831 937,1816 916,1829 786,1824"/>
                <Baseline points="797,1854 822,1854 848,1853 874,1853 899,1853 925,1854 951,1854 977,1854 1002,1854 1028,1854 1054,1854 1079,1855 1105,1855 1131,1855 1157,1855 1182,1855 1208,1855 1234,1855 1260,1855"/>
                <TextEquiv>
                    <Unicode>wurde sanft abgelehnt.</Unicode>
                </TextEquiv>
            </TextLine>
            <TextLine id="r1l45" custom="readingOrder {index:44;}">
                <Coords points="150,1884 376,1861 538,1878 603,1864 634,1883 769,1855 769,1815 688,1833 556,1818 520,1838 149,1824"/>
                <Baseline points="161,1863 190,1864 220,1864 250,1864 280,1865 310,1865 340,1864 370,1864 400,1864 430,1864 460,1863 489,1863 519,1862 549,1861 579,1860 609,1860 639,1858 669,1858 699,1857 729,1856 759,1855"/>
                <TextEquiv>
                    <Unicode>Blang sein Drama „Der junge</Unicode>
                </TextEquiv>
            </TextLine>
            <TextLine id="r1l46" custom="readingOrder {index:45;}">
                <Coords points="1841,1889 2790,1905 2875,1902 2875,1853 1840,1862"/>
                <Baseline points="1851,1893 1901,1893 1952,1893 2003,1893 2053,1893 2104,1893 2155,1892 2205,1892 2256,1891 2307,1891 2358,1890 2408,1890 2459,1889 2510,1889 2560,1888 2611,1888 2662,1888 2712,1888 2763,1888 2814,1889 2865,1889"/>
                <TextEquiv>
                    <Unicode>verknüpft sich in diesem Falle mit dem Unvermögen,</Unicode>
                </TextEquiv>
            </TextLine>
            <TextLine id="r1l47" custom="readingOrder {index:46;}">
                <Coords points="864,1901 1523,1897 1549,1920 1809,1879 1808,1854 1712,1842 1427,1866 1304,1829 1249,1872 863,1865"/>
                <Baseline points="875,1898 921,1899 967,1900 1013,1900 1059,1900 1106,1900 1152,1899 1198,1899 1244,1899 1290,1898 1337,1898 1383,1897 1429,1896 1475,1895 1521,1895 1568,1894 1614,1894 1660,1893 1706,1893 1752,1892 1799,1892"/>
                <TextEquiv>
                    <Unicode>Aehnlich entstand wohl „Der Weg ins Freie“.</Unicode>
                </TextEquiv>
            </TextLine>
            <TextLine id="r1l48" custom="readingOrder {index:47;}">
                <Coords points="149,1913 418,1922 452,1906 524,1927 613,1907 667,1928 762,1906 762,1868 426,1879 377,1860 149,1885"/>
                <Baseline points="159,1905 188,1905 218,1905 247,1906 277,1906 307,1906 336,1906 366,1906 395,1906 425,1906 455,1906 484,1906 514,1906 543,1905 573,1905 603,1904 632,1904 662,1903 691,1902 721,1901 751,1900"/>
                <TextEquiv>
                    <Unicode>von einer Lüge aus. Sie heißt</Unicode>
                </TextEquiv>
            </TextLine>
            <TextLine id="r1l49" custom="readingOrder {index:48;}">
                <Coords points="1844,1948 2550,1955 2831,1943 2878,1904 1843,1904"/>
                <Baseline points="1855,1938 1905,1937 1956,1937 2006,1936 2057,1935 2108,1934 2158,1934 2209,1933 2260,1933 2310,1933 2361,1932 2412,1932 2462,1932 2513,1932 2564,1932 2614,1932 2665,1932 2716,1932 2766,1932 2817,1932 2868,1932"/>
                <TextEquiv>
                    <Unicode>die wahren Zusammenhänge jenseits der Zeit zu</Unicode>
                </TextEquiv>
            </TextLine>
            <TextLine id="r1l50" custom="readingOrder {index:49;}">
                <Coords points="780,1960 1817,1956 1817,1907 1785,1897 902,1929 780,1889"/>
                <Baseline points="792,1944 842,1945 893,1945 944,1945 995,1945 1045,1944 1096,1944 1147,1944 1198,1943 1248,1942 1299,1942 1350,1941 1401,1940 1451,1940 1502,1939 1553,1939 1604,1938 1654,1938 1705,1938 1756,1937 1807,1937"/>
                <TextEquiv>
                    <Unicode>Der „graziöse Sänger Wiens“ hätte dieses Werk</Unicode>
                </TextEquiv>
            </TextLine>
            <TextLine id="r1l51" custom="readingOrder {index:50;}">
                <Coords points="159,1959 773,1960 772,1906 753,1902 627,1921 451,1905 159,1921"/>
                <Baseline points="171,1950 200,1950 230,1951 259,1951 289,1951 318,1951 348,1951 377,1951 407,1950 436,1950 466,1949 495,1949 525,1948 554,1948 584,1947 613,1947 643,1947 672,1946 702,1946 731,1947 761,1947"/>
                <TextEquiv>
                    <Unicode>vohl keine Notlüge, derer, die</Unicode>
                </TextEquiv>
            </TextLine>
            <TextLine id="r1l52" custom="readingOrder {index:51;}">
                <Coords points="1837,1987 2831,1984 2874,1973 2874,1930 1837,1945"/>
                <Baseline points="1848,1983 1898,1982 1949,1981 2000,1980 2051,1979 2102,1979 2152,1978 2203,1978 2254,1977 2305,1977 2356,1977 2406,1976 2457,1976 2508,1976 2559,1976 2610,1976 2660,1975 2711,1975 2762,1975 2813,1974 2864,1974"/>
                <TextEquiv>
                    <Unicode>suchen und in den stillen Stunden zu erleben, als</Unicode>
                </TextEquiv>
            </TextLine>
            <TextLine id="r1l53" custom="readingOrder {index:52;}">
                <Coords points="781,1992 1809,2003 1828,1935 781,1961"/>
                <Baseline points="791,1991 842,1990 893,1989 944,1988 996,1988 1047,1988 1098,1987 1150,1987 1201,1987 1252,1987 1304,1987 1355,1986 1406,1986 1457,1986 1509,1985 1560,1985 1611,1984 1663,1983 1714,1982 1765,1981 1817,1979"/>
                <TextEquiv>
                    <Unicode>nie geschrieben, wenn er nicht fühlte, wie einsam</Unicode>
                </TextEquiv>
            </TextLine>
            <TextLine id="r1l54" custom="readingOrder {index:53;}">
                <Coords points="156,2006 215,2020 443,1995 728,2009 766,1998 766,1968 691,1950 649,1967 155,1959"/>
                <Baseline points="167,1992 196,1993 225,1994 255,1995 284,1995 314,1995 343,1995 372,1995 402,1994 431,1994 461,1993 490,1993 519,1992 549,1992 578,1991 608,1990 637,1990 666,1990 696,1990 725,1990 755,1990"/>
                <TextEquiv>
                    <Unicode>reis eingewurzelt sein wollen,</Unicode>
                </TextEquiv>
            </TextLine>
            <TextLine id="r1l55" custom="readingOrder {index:54;}">
                <Coords points="1845,2028 2788,2031 2888,2024 2888,1971 1845,1990"/>
                <Baseline points="1856,2026 1907,2025 1958,2024 2009,2023 2060,2022 2111,2022 2162,2021 2213,2021 2264,2020 2315,2020 2366,2020 2417,2019 2468,2019 2519,2019 2570,2019 2621,2019 2672,2019 2723,2019 2774,2019 2825,2019 2877,2019"/>
                <TextEquiv>
                    <Unicode>Wunder zu erleben, das der Zeitlichkeit ihre Maske</Unicode>
                </TextEquiv>
            </TextLine>
            <TextLine id="r1l56" custom="readingOrder {index:55;}">
                <Coords points="791,2048 1802,2044 1819,1988 791,1999"/>
                <Baseline points="801,2033 851,2032 901,2031 952,2030 1002,2029 1053,2029 1103,2029 1153,2029 1204,2029 1254,2029 1305,2029 1355,2029 1405,2029 1456,2029 1506,2028 1557,2028 1607,2028 1657,2027 1708,2026 1758,2024 1809,2023"/>
                <TextEquiv>
                    <Unicode>er inmitten des rauschenden Getriebes dastehe, ohne</Unicode>
                </TextEquiv>
            </TextLine>
            <TextLine id="r1l57" custom="readingOrder {index:56;}">
                <Coords points="226,2032 254,2047 330,2037 364,2056 460,2040 509,2054 539,2037 692,2054 764,2041 764,2006 225,2005"/>
                <Baseline points="236,2035 261,2036 287,2038 313,2039 339,2039 365,2039 391,2039 417,2039 443,2038 469,2038 495,2037 520,2036 546,2036 572,2035 598,2034 624,2033 650,2033 676,2033 702,2033 728,2033 754,2034"/>
                <TextEquiv>
                    <Unicode>wie entwurzelt sie selbst</Unicode>
                </TextEquiv>
            </TextLine>
            <TextLine id="r1l58" custom="readingOrder {index:57;}">
                <Coords points="145,2046 160,2044 164,2048 166,2046 170,2048 175,2044 185,2046 192,2044 198,2050 204,2050 213,2041 226,2041 226,2012 196,2016 187,2007 179,2010 172,2003 162,2007 155,2003 145,2003"/>
                <Baseline points="156,2038 186,2038 216,2038"/>
                <TextEquiv>
                    <Unicode>en,</Unicode>
                </TextEquiv>
            </TextLine>
            <TextLine id="r1l59" custom="readingOrder {index:58;}">
                <Coords points="1843,2076 2776,2077 2886,2059 2886,2025 1843,2031"/>
                <Baseline points="1854,2072 1905,2070 1956,2069 2007,2068 2058,2067 2109,2066 2160,2066 2211,2065 2262,2065 2313,2064 2365,2064 2416,2064 2467,2063 2518,2063 2569,2063 2620,2063 2671,2063 2722,2063 2773,2062 2824,2062 2876,2062"/>
                <TextEquiv>
                    <Unicode>vom Gesicht reißt und mit dem Glanz der Dauer</Unicode>
                </TextEquiv>
            </TextLine>
            <TextLine id="r1l60" custom="readingOrder {index:59;}">
                <Coords points="794,2075 1825,2070 1824,2036 1784,2030 794,2043"/>
                <Baseline points="805,2076 855,2076 905,2076 956,2076 1006,2076 1057,2075 1107,2075 1158,2075 1208,2075 1259,2075 1309,2074 1359,2074 1410,2074 1460,2074 1511,2073 1561,2073 1612,2072 1662,2071 1713,2071 1763,2070 1814,2069"/>
                <TextEquiv>
                    <Unicode>Volk für seine Kunst, nur mit einer Masse von Epi¬</Unicode>
                </TextEquiv>
            </TextLine>
            <TextLine id="r1l61" custom="readingOrder {index:60;}">
                <Coords points="146,2091 208,2095 250,2071 355,2097 689,2076 744,2092 774,2077 774,2047 145,2042"/>
                <Baseline points="157,2079 187,2081 217,2082 247,2083 278,2084 308,2084 338,2084 369,2083 399,2083 429,2082 460,2082 490,2081 520,2080 550,2079 581,2079 611,2078 641,2077 672,2077 702,2077 732,2077 763,2077"/>
                <TextEquiv>
                    <Unicode>iff Wien, die Musikstadt“ ist</Unicode>
                </TextEquiv>
            </TextLine>
            <TextLine id="r1l62" custom="readingOrder {index:61;}">
                <Coords points="2569,2111 2595,2118 2606,2109 2622,2122 2640,2109 2742,2110 2752,2121 2784,2110 2844,2113 2861,2098 2882,2103 2883,2056 2797,2074 2719,2065 2678,2076 2653,2065 2570,2071"/>
                <Baseline points="2579,2102 2605,2104 2632,2104 2658,2106 2685,2106 2711,2107 2738,2107 2764,2107 2791,2107 2817,2107 2844,2105 2871,2103"/>
                <TextEquiv>
                    <Unicode>Vielleicht wird</Unicode>
                </TextEquiv>
            </TextLine>
            <TextLine id="r1l63" custom="readingOrder {index:62;}">
                <Coords points="1840,2124 2021,2128 2063,2106 2248,2129 2310,2099 2342,2122 2561,2117 2576,2076 2488,2092 2403,2059 2350,2081 1839,2079"/>
                <Baseline points="1851,2114 1886,2114 1922,2113 1958,2113 1994,2113 2029,2112 2065,2111 2101,2111 2137,2110 2172,2109 2208,2108 2244,2108 2280,2107 2315,2107 2351,2106 2387,2106 2423,2106 2458,2106 2494,2106 2530,2107 2566,2107"/>
                <TextEquiv>
                    <Unicode>das Leben klärt und — verklärt.</Unicode>
                </TextEquiv>
            </TextLine>
            <TextLine id="r1l64" custom="readingOrder {index:63;}">
                <Coords points="789,2118 1818,2118 1817,2080 1698,2074 789,2094"/>
                <Baseline points="800,2123 850,2121 900,2119 950,2118 1001,2117 1051,2117 1101,2116 1152,2116 1202,2116 1252,2116 1303,2116 1353,2116 1403,2116 1453,2116 1504,2116 1554,2116 1604,2116 1655,2115 1705,2114 1755,2113 1806,2112"/>
                <TextEquiv>
                    <Unicode>sodenmenschen zweitester Ordnung, die selbst ihr</Unicode>
                </TextEquiv>
            </TextLine>
            <TextLine id="r1l65" custom="readingOrder {index:64;}">
                <Coords points="154,2129 702,2139 763,2127 763,2097 688,2077 610,2095 320,2097 292,2080 244,2102 154,2099"/>
                <Baseline points="165,2125 194,2125 223,2126 253,2126 282,2126 312,2126 341,2126 370,2126 400,2126 429,2126 459,2126 488,2125 517,2124 547,2124 576,2123 606,2122 635,2121 664,2120 694,2120 723,2118 753,2117"/>
                <TextEquiv>
                    <Unicode>der Tatsachen aus dem Schick¬</Unicode>
                </TextEquiv>
            </TextLine>
            <TextLine id="r1l66" custom="readingOrder {index:65;}">
                <Coords points="2302,2155 2379,2168 2430,2142 2451,2161 2852,2160 2888,2145 2888,2096 2762,2122 2302,2117"/>
                <Baseline points="2312,2150 2340,2150 2368,2150 2396,2150 2424,2150 2453,2150 2481,2151 2509,2151 2537,2151 2565,2151 2594,2151 2622,2151 2650,2151 2678,2151 2706,2150 2735,2150 2763,2150 2791,2149 2819,2149 2847,2148 2876,2148"/>
                <TextEquiv>
                    <Unicode>nein, so darf man's nicht</Unicode>
                </TextEquiv>
            </TextLine>
            <TextLine id="r1l67" custom="readingOrder {index:66;}">
                <Coords points="1841,2165 1924,2167 1942,2152 2007,2165 2047,2149 2073,2168 2238,2152 2269,2167 2306,2151 2306,2129 2063,2106 2018,2129 1986,2117 1957,2130 1927,2116 1839,2123"/>
                <Baseline points="1851,2158 1877,2158 1903,2158 1929,2158 1955,2157 1981,2157 2007,2156 2033,2156 2059,2155 2086,2154 2112,2153 2138,2152 2164,2152 2190,2150 2216,2150 2242,2149 2268,2148 2295,2147"/>
                <TextEquiv>
                    <Unicode>ihm das Wunder; —</Unicode>
                </TextEquiv>
            </TextLine>
            <TextLine id="r1l68" custom="readingOrder {index:67;}">
                <Coords points="789,2183 1289,2157 1826,2181 1825,2115 789,2129"/>
                <Baseline points="799,2165 849,2164 900,2163 951,2163 1002,2162 1053,2161 1103,2161 1154,2160 1205,2160 1256,2159 1307,2159 1357,2159 1408,2158 1459,2158 1510,2158 1561,2158 1611,2158 1662,2157 1713,2157 1764,2157 1815,2157"/>
                <TextEquiv>
                    <Unicode>Episodenleben nicht voll leben und sich darum in</Unicode>
                </TextEquiv>
            </TextLine>
            <TextLine id="r1l69" custom="readingOrder {index:68;}">
                <Coords points="156,2182 771,2182 770,2125 155,2146"/>
                <Baseline points="166,2172 195,2173 225,2173 254,2173 284,2173 314,2173 343,2173 373,2172 403,2172 432,2172 462,2171 492,2171 521,2170 551,2170 581,2169 610,2169 640,2168 670,2167 699,2166 729,2166 759,2165"/>
                <TextEquiv>
                    <Unicode>er, ja sogar der kleineren wie</Unicode>
                </TextEquiv>
            </TextLine>
            <TextLine id="r1l70" custom="readingOrder {index:69;}">
                <Coords points="1842,2205 2862,2208 2885,2152 1842,2164"/>
                <Baseline points="1853,2201 1904,2201 1955,2201 2006,2200 2057,2200 2108,2199 2159,2198 2210,2198 2261,2197 2312,2196 2363,2195 2414,2195 2465,2194 2516,2193 2567,2193 2618,2192 2669,2192 2720,2191 2771,2191 2822,2191 2874,2191"/>
                <TextEquiv>
                    <Unicode>sagen, denn Schnitzler ist Arzt — vielleicht wird</Unicode>
                </TextEquiv>
            </TextLine>
            <TextLine id="r1l71" custom="readingOrder {index:70;}">
                <Coords points="790,2226 1143,2198 1707,2219 1820,2211 1820,2177 789,2182"/>
                <Baseline points="801,2209 851,2208 901,2208 952,2208 1002,2207 1053,2207 1103,2207 1153,2207 1204,2206 1254,2206 1305,2206 1355,2206 1405,2205 1456,2205 1506,2204 1557,2203 1607,2203 1657,2202 1708,2201 1758,2200 1809,2198"/>
                <TextEquiv>
                    <Unicode>ihm nie befreien können, solange sie so sind, wie</Unicode>
                </TextEquiv>
            </TextLine>
            <TextLine id="r1l72" custom="readingOrder {index:71;}">
                <Coords points="165,2232 661,2214 720,2227 769,2216 769,2182 164,2178"/>
                <Baseline points="175,2211 204,2212 233,2213 262,2214 291,2215 321,2215 350,2215 379,2215 408,2215 437,2215 467,2214 496,2213 525,2213 554,2212 583,2212 613,2211 642,2210 671,2210 700,2209 729,2209 759,2209"/>
                <TextEquiv>
                    <Unicode>Unglück hatten, zeitlebens oder</Unicode>
                </TextEquiv>
            </TextLine>
            <TextLine id="r1l73" custom="readingOrder {index:72;}">
                <Coords points="1850,2251 2880,2249 2880,2202 1849,2202"/>
                <Baseline points="1861,2241 1911,2241 1961,2242 2012,2242 2062,2242 2113,2242 2163,2242 2214,2242 2264,2241 2315,2241 2365,2241 2415,2240 2466,2240 2516,2239 2567,2239 2617,2239 2668,2238 2718,2238 2769,2237 2819,2237 2870,2237"/>
                <TextEquiv>
                    <Unicode>ihm die Kraft. Sie ist vorhanden in denen, deren</Unicode>
                </TextEquiv>
            </TextLine>
            <TextLine id="r1l74" custom="readingOrder {index:73;}">
                <Coords points="796,2260 1767,2261 1826,2257 1826,2218 796,2221"/>
                <Baseline points="807,2253 857,2252 907,2252 958,2251 1008,2251 1059,2250 1109,2250 1159,2250 1210,2250 1260,2249 1311,2249 1361,2249 1411,2248 1462,2248 1512,2247 1563,2247 1613,2246 1663,2245 1714,2244 1764,2243 1815,2241"/>
                <TextEquiv>
                    <Unicode>die Gestalten, — nein, Figuren des Romans, Und</Unicode>
                </TextEquiv>
            </TextLine>
            <TextLine id="r1l75" custom="readingOrder {index:74;}">
                <Coords points="172,2258 783,2267 782,2218 171,2224"/>
                <Baseline points="183,2260 212,2260 241,2261 271,2261 300,2261 330,2260 359,2260 388,2259 418,2259 447,2257 477,2257 506,2256 535,2255 565,2255 594,2254 624,2253 653,2253 682,2253 712,2253 741,2254 771,2255"/>
                <TextEquiv>
                    <Unicode>zu weilen.) Und diese Lüge</Unicode>
                </TextEquiv>
            </TextLine>
            <TextLine id="r1l76" custom="readingOrder {index:75;}">
                <Coords points="1846,2301 2638,2276 2755,2306 2874,2294 2874,2241 1846,2249"/>
                <Baseline points="1857,2287 1907,2286 1957,2285 2008,2285 2058,2284 2108,2284 2159,2284 2209,2284 2259,2284 2310,2284 2360,2284 2410,2284 2461,2284 2511,2284 2561,2284 2612,2283 2662,2283 2712,2283 2763,2282 2813,2281 2864,2280"/>
                <TextEquiv>
                    <Unicode>Blut in Schnitzler wogt., Daß es reine Schaffende</Unicode>
                </TextEquiv>
            </TextLine>
            <TextLine id="r1l77" custom="readingOrder {index:76;}">
                <Coords points="789,2318 1713,2303 1827,2287 1827,2255 788,2260"/>
                <Baseline points="799,2296 849,2296 900,2295 951,2295 1002,2294 1053,2294 1104,2294 1155,2294 1206,2293 1257,2293 1308,2293 1358,2292 1409,2292 1460,2291 1511,2291 1562,2290 1613,2289 1664,2287 1715,2286 1766,2283 1817,2281"/>
                <TextEquiv>
                    <Unicode>inmitten steht in einsamer Zerrissenheit Heinrich Ber¬</Unicode>
                </TextEquiv>
            </TextLine>
            <TextLine id="r1l78" custom="readingOrder {index:77;}">
                <Coords points="151,2311 771,2310 770,2268 747,2262 151,2264"/>
                <Baseline points="161,2301 192,2301 224,2301 255,2301 287,2301 318,2301 350,2301 381,2301 413,2301 444,2301 476,2301 507,2301 539,2300 570,2300 602,2300 633,2300 665,2299 696,2299 728,2298 760,2298"/>
                <TextEquiv>
                    <Unicode>Geschöpf eines Künstlers, der</Unicode>
                </TextEquiv>
            </TextLine>
            <TextLine id="r1l79" custom="readingOrder {index:78;}">
                <Coords points="1840,2355 1963,2328 2661,2345 2884,2304 2639,2277 1839,2302"/>
                <Baseline points="1849,2338 1900,2336 1951,2334 2002,2333 2054,2331 2105,2330 2156,2329 2207,2329 2259,2328 2310,2328 2361,2327 2412,2327 2464,2327 2515,2327 2566,2327 2617,2326 2669,2326 2720,2326 2771,2326 2822,2325 2874,2325"/>
                <TextEquiv>
                    <Unicode>gibt, wie Schnitzler es ist, das ist der Beweis, daß</Unicode>
                </TextEquiv>
            </TextLine>
            <TextLine id="r1l80" custom="readingOrder {index:79;}">
                <Coords points="801,2344 1836,2342 1835,2272 1206,2321 801,2302"/>
                <Baseline points="811,2339 861,2339 912,2340 963,2340 1014,2339 1064,2339 1115,2338 1166,2338 1217,2337 1267,2336 1318,2336 1369,2335 1420,2334 1470,2333 1521,2333 1572,2332 1623,2332 1673,2331 1724,2331 1775,2332 1826,2332"/>
                <TextEquiv>
                    <Unicode>mann, der da weiß, „daß mittelmäßige Künstler und</Unicode>
                </TextEquiv>
            </TextLine>
            <TextLine id="r1l81" custom="readingOrder {index:80;}">
                <Coords points="148,2356 755,2356 778,2348 778,2309 148,2313"/>
                <Baseline points="159,2344 189,2344 219,2345 250,2345 280,2345 311,2345 341,2345 371,2345 402,2345 432,2345 463,2345 493,2344 523,2344 554,2344 584,2343 615,2343 645,2343 675,2342 706,2342 736,2341 767,2341"/>
                <TextEquiv>
                    <Unicode>ill und ihm einen großen Sinn</Unicode>
                </TextEquiv>
            </TextLine>
            <TextLine id="r1l82" custom="readingOrder {index:81;}">
                <Coords points="1851,2391 2807,2384 2886,2356 2885,2322 1851,2346"/>
                <Baseline points="1861,2373 1911,2373 1962,2373 2012,2373 2063,2373 2114,2373 2164,2373 2215,2373 2266,2373 2316,2372 2367,2372 2418,2371 2468,2371 2519,2370 2570,2370 2620,2369 2671,2369 2722,2368 2772,2368 2823,2367 2874,2367"/>
                <TextEquiv>
                    <Unicode>diese Kraft lebendig ist, gebunden nur an Beziehun¬</Unicode>
                </TextEquiv>
            </TextLine>
            <TextLine id="r1l83" custom="readingOrder {index:82;}">
                <Coords points="795,2392 1824,2386 1798,2337 795,2354"/>
                <Baseline points="805,2386 855,2385 905,2384 956,2383 1006,2382 1057,2382 1107,2381 1157,2381 1208,2381 1258,2381 1309,2380 1359,2380 1409,2380 1460,2380 1510,2380 1561,2379 1611,2378 1661,2378 1712,2377 1762,2375 1813,2374"/>
                <TextEquiv>
                    <Unicode>besonders Literaten nie eine reine Seele haben</Unicode>
                </TextEquiv>
            </TextLine>
            <TextLine id="r1l84" custom="readingOrder {index:83;}">
                <Coords points="142,2410 229,2388 279,2405 745,2399 774,2388 774,2352 142,2355"/>
                <Baseline points="153,2390 183,2390 214,2390 244,2391 275,2391 305,2391 336,2390 366,2390 397,2390 427,2390 458,2389 488,2389 519,2388 549,2388 580,2387 610,2387 641,2386 671,2386 702,2385 732,2384 763,2384"/>
                <TextEquiv>
                    <Unicode>ne Unmittelbarkeit. Und dann</Unicode>
                </TextEquiv>
            </TextLine>
            <TextLine id="r1l85" custom="readingOrder {index:84;}">
                <Coords points="1842,2435 2879,2423 2878,2365 1842,2392"/>
                <Baseline points="1853,2422 1903,2420 1954,2418 2005,2417 2056,2416 2107,2415 2157,2414 2208,2413 2259,2413 2310,2412 2361,2412 2411,2412 2462,2411 2513,2411 2564,2412 2615,2412 2665,2412 2716,2412 2767,2412 2818,2413 2869,2413"/>
                <TextEquiv>
                    <Unicode>gen. Diesmal ist die Beziehung „Wien“, jenes Wien,</Unicode>
                </TextEquiv>
            </TextLine>
            <TextLine id="r1l86" custom="readingOrder {index:85;}">
                <Coords points="801,2437 1781,2436 1834,2429 1834,2390 801,2395"/>
                <Baseline points="811,2427 861,2427 912,2426 962,2426 1013,2425 1064,2425 1114,2425 1165,2424 1215,2424 1266,2424 1317,2423 1367,2423 1418,2423 1468,2422 1519,2422 1570,2421 1620,2421 1671,2420 1721,2419 1772,2419 1823,2418"/>
                <TextEquiv>
                    <Unicode>können. Könner und Literaten, das ist das HTöchste</Unicode>
                </TextEquiv>
            </TextLine>
            <TextLine id="r1l87" custom="readingOrder {index:86;}">
                <Coords points="186,2439 772,2434 771,2389 186,2403"/>
                <Baseline points="197,2437 225,2437 253,2436 281,2436 309,2435 338,2435 366,2435 394,2434 422,2434 450,2433 479,2433 507,2432 535,2432 563,2432 591,2431 620,2430 648,2430 676,2429 704,2429 732,2429 761,2428"/>
                <TextEquiv>
                    <Unicode>Schnitzlers Sache. Nur die</Unicode>
                </TextEquiv>
            </TextLine>
            <TextLine id="r1l88" custom="readingOrder {index:87;}">
                <Coords points="1850,2469 2786,2476 2884,2422 1849,2432"/>
                <Baseline points="1861,2461 1911,2461 1962,2461 2012,2461 2063,2460 2114,2460 2164,2460 2215,2459 2266,2459 2316,2458 2367,2458 2418,2457 2468,2457 2519,2456 2570,2456 2620,2455 2671,2455 2722,2454 2772,2454 2823,2454 2874,2454"/>
                <TextEquiv>
                    <Unicode>das den Dichter groß machte und doch einsam, die</Unicode>
                </TextEquiv>
            </TextLine>
            <TextLine id="r1l89" custom="readingOrder {index:88;}">
                <Coords points="789,2471 979,2497 1104,2468 1786,2478 1826,2474 1826,2425 789,2430"/>
                <Baseline points="801,2471 851,2471 902,2470 953,2470 1004,2469 1054,2469 1105,2468 1156,2468 1207,2467 1257,2467 1308,2466 1359,2466 1410,2465 1460,2465 1511,2464 1562,2464 1613,2464 1663,2463 1714,2463 1765,2462 1816,2462"/>
                <TextEquiv>
                    <Unicode>in der Sphäre des „Volkes“ unseres Dichters und</Unicode>
                </TextEquiv>
            </TextLine>
            <TextLine id="r1l90" custom="readingOrder {index:89;}">
                <Coords points="143,2485 477,2490 504,2469 573,2497 630,2477 773,2492 772,2435 657,2445 561,2427 325,2450 142,2433"/>
                <Baseline points="153,2479 183,2479 213,2479 244,2479 274,2479 305,2479 335,2479 365,2478 396,2478 426,2478 457,2478 487,2477 517,2477 548,2476 578,2475 609,2475 639,2474 669,2473 700,2472 730,2471 761,2469"/>
                <TextEquiv>
                    <Unicode>Egenblickssituation erfaßt seine</Unicode>
                </TextEquiv>
            </TextLine>
            <TextLine id="r1l91" custom="readingOrder {index:90;}">
                <Coords points="2224,2496 2269,2517 2826,2501 2863,2516 2890,2503 2890,2462 2223,2469"/>
                <Baseline points="2235,2501 2267,2502 2299,2502 2331,2503 2363,2503 2396,2503 2428,2503 2460,2503 2492,2503 2524,2503 2557,2503 2589,2502 2621,2502 2653,2502 2685,2501 2718,2500 2750,2499 2782,2498 2814,2497 2846,2496 2879,2495"/>
                <TextEquiv>
                    <Unicode>Schnitzler ist fünfzig Jahre alt.</Unicode>
                </TextEquiv>
            </TextLine>
            <TextLine id="r1l92" custom="readingOrder {index:91;}">
                <Coords points="1847,2520 1918,2509 1994,2524 2018,2502 2060,2521 2079,2509 2128,2521 2194,2506 2233,2518 2232,2478 2154,2487 2083,2466 2039,2466 2015,2481 1975,2464 1911,2478 1847,2469"/>
                <Baseline points="1858,2508 1884,2506 1910,2505 1936,2504 1962,2503 1988,2502 2014,2502 2040,2502 2066,2502 2092,2502 2118,2502 2144,2503 2170,2504 2196,2504 2222,2505"/>
                <TextEquiv>
                    <Unicode>Episode Wien</Unicode>
                </TextEquiv>
            </TextLine>
            <TextLine id="r1l93" custom="readingOrder {index:92;}">
                <Coords points="794,2525 1827,2522 1826,2473 1732,2465 1198,2495 793,2474"/>
                <Baseline points="805,2519 855,2518 906,2516 956,2515 1007,2514 1057,2513 1108,2513 1158,2512 1209,2512 1259,2512 1310,2511 1360,2511 1411,2511 1461,2510 1512,2510 1562,2509 1613,2509 1663,2508 1714,2507 1764,2506 1815,2505"/>
                <TextEquiv>
                    <Unicode>jenseits, im Freien, ist die Welt für das einfache,</Unicode>
                </TextEquiv>
            </TextLine>
            <TextLine id="r1l94" custom="readingOrder {index:93;}">
                <Coords points="150,2542 330,2523 739,2530 786,2514 785,2467 754,2487 149,2491"/>
                <Baseline points="159,2522 189,2522 220,2522 251,2522 282,2522 313,2521 343,2521 374,2521 405,2520 436,2520 467,2520 497,2519 528,2519 559,2518 590,2518 621,2517 651,2516 682,2516 713,2515 744,2515 775,2514"/>
                <TextEquiv>
                    <Unicode>schehen fehlt ihm der Sinn</Unicode>
                </TextEquiv>
            </TextLine>
            <TextLine id="r1l95" custom="readingOrder {index:94;}">
                <Coords points="1848,2563 2887,2544 2859,2499 1848,2521"/>
                <Baseline points="1859,2547 1909,2548 1960,2548 2011,2548 2062,2548 2113,2548 2164,2548 2214,2548 2265,2548 2316,2548 2367,2547 2418,2547 2469,2547 2520,2546 2570,2546 2621,2545 2672,2544 2723,2543 2774,2543 2825,2541 2876,2540"/>
                <TextEquiv>
                    <Unicode>Glückwunschumjubelt. Dieser Glückwunsch hier ist</Unicode>
                </TextEquiv>
            </TextLine>
            <TextLine id="r1l96" custom="readingOrder {index:95;}">
                <Coords points="800,2574 1830,2566 1829,2521 1763,2511 799,2531"/>
                <Baseline points="811,2566 861,2564 911,2562 962,2560 1012,2558 1063,2557 1113,2556 1163,2556 1214,2555 1264,2555 1315,2555 1365,2555 1415,2554 1466,2554 1516,2554 1567,2553 1617,2552 1667,2551 1718,2550 1768,2549 1819,2546"/>
                <TextEquiv>
                    <Unicode>gute, reine Erleben des Christen Georg oder für</Unicode>
                </TextEquiv>
            </TextLine>
            <TextLine id="r1l97" custom="readingOrder {index:96;}">
                <Coords points="176,2570 783,2567 782,2516 176,2538"/>
                <Baseline points="187,2563 216,2564 245,2564 274,2564 304,2565 333,2565 362,2565 392,2565 421,2564 450,2564 480,2564 509,2564 538,2563 567,2563 597,2562 626,2561 655,2561 685,2559 714,2559 743,2558 773,2557"/>
                <TextEquiv>
                    <Unicode>Das Erfühlen des Momentes</Unicode>
                </TextEquiv>
            </TextLine>
            <TextLine id="r1l98" custom="readingOrder {index:97;}">
                <Coords points="1847,2593 2895,2594 2894,2549 2801,2537 1847,2563"/>
                <Baseline points="1858,2592 1909,2591 1960,2591 2011,2590 2063,2590 2114,2590 2165,2590 2217,2590 2268,2590 2319,2590 2371,2590 2422,2590 2473,2590 2524,2590 2576,2590 2627,2589 2678,2588 2730,2587 2781,2586 2832,2584 2884,2582"/>
                <TextEquiv>
                    <Unicode>nicht laut wie die Menge, er spricht bloß mit einer</Unicode>
                </TextEquiv>
            </TextLine>
            <TextLine id="r1l99" custom="readingOrder {index:98;}">
                <Coords points="1619,2602 1679,2598 1722,2605 1738,2596 1769,2610 1783,2599 1830,2604 1829,2557 1805,2562 1799,2556 1771,2561 1705,2555 1688,2564 1673,2556 1659,2567 1618,2568"/>
                <Baseline points="1630,2598 1657,2593 1684,2591 1711,2590 1738,2590 1765,2590 1792,2590 1819,2589"/>
                <TextEquiv>
                    <Unicode>..Dieser</Unicode>
                </TextEquiv>
            </TextLine>
            <TextLine id="r1l100" custom="readingOrder {index:99;}">
                <Coords points="791,2595 881,2619 1574,2610 1625,2565 791,2574"/>
                <Baseline points="801,2605 841,2605 882,2604 923,2603 963,2603 1004,2602 1045,2601 1085,2600 1126,2599 1167,2599 1208,2598 1248,2597 1289,2596 1330,2596 1370,2595 1411,2595 1452,2595 1492,2595 1533,2596 1574,2596 1615,2597"/>
                <TextEquiv>
                    <Unicode>die Anfänge eines Golowski zum Ende zu</Unicode>
                </TextEquiv>
            </TextLine>
            <TextLine id="r1l101" custom="readingOrder {index:100;}">
                <Coords points="180,2616 776,2617 775,2562 716,2578 558,2558 535,2576 469,2562 179,2576"/>
                <Baseline points="191,2609 219,2609 248,2609 277,2609 306,2608 334,2608 363,2607 392,2607 421,2607 449,2606 478,2605 507,2605 536,2604 564,2604 593,2604 622,2603 651,2603 679,2603 708,2603 737,2604 766,2604"/>
                <TextEquiv>
                    <Unicode>: ist seine Meisterschaft, weil</Unicode>
                </TextEquiv>
            </TextLine>
            <TextLine id="r1l102" custom="readingOrder {index:101;}">
                <Coords points="1847,2638 2839,2646 2881,2641 2881,2598 1846,2591"/>
                <Baseline points="1857,2635 1907,2635 1958,2635 2009,2635 2059,2636 2110,2636 2161,2636 2211,2636 2262,2636 2313,2636 2364,2636 2414,2635 2465,2635 2516,2634 2566,2634 2617,2633 2668,2632 2718,2630 2769,2629 2820,2627 2871,2625"/>
                <TextEquiv>
                    <Unicode>Stimme des Blutes, Sie spricht ein Gleichnis für</Unicode>
                </TextEquiv>
            </TextLine>
            <TextLine id="r1l103" custom="readingOrder {index:102;}">
                <Coords points="802,2656 1786,2655 1832,2607 802,2609"/>
                <Baseline points="812,2652 862,2649 912,2647 963,2645 1013,2643 1064,2643 1114,2642 1165,2641 1215,2640 1266,2640 1316,2640 1366,2639 1417,2639 1467,2639 1518,2639 1568,2639 1619,2638 1669,2638 1720,2637 1770,2636 1821,2635"/>
                <TextEquiv>
                    <Unicode>Roman ist der Versuch einer Absage, allerdings</Unicode>
                </TextEquiv>
            </TextLine>
            <TextLine id="r1l104" custom="readingOrder {index:103;}">
                <Coords points="203,2661 364,2651 471,2674 522,2650 601,2670 692,2644 767,2666 786,2662 785,2615 679,2603 651,2619 441,2625 377,2608 202,2627"/>
                <Baseline points="214,2652 242,2652 270,2652 298,2653 326,2653 354,2653 382,2653 410,2653 438,2653 466,2653 494,2653 522,2652 550,2652 578,2652 606,2651 634,2650 662,2650 690,2649 718,2648 746,2647 775,2646"/>
                <TextEquiv>
                    <Unicode>Sinnen kommt. So ist im</Unicode>
                </TextEquiv>
            </TextLine>
            <TextLine id="r1l105" custom="readingOrder {index:104;}">
                <Coords points="172,2666 182,2668 187,2664 189,2667 191,2665 195,2668 208,2669 215,2619 200,2617 197,2612 180,2612"/>
                <Baseline points="185,2653 200,2655"/>
                <TextEquiv>
                    <Unicode>n</Unicode>
                </TextEquiv>
            </TextLine>
            <TextLine id="r1l106" custom="readingOrder {index:105;}">
                <Coords points="1856,2696 2763,2671 2893,2696 2893,2636 1856,2643"/>
                <Baseline points="1866,2680 1916,2680 1967,2679 2018,2679 2069,2679 2120,2679 2170,2679 2221,2678 2272,2678 2323,2678 2374,2678 2424,2678 2475,2678 2526,2677 2577,2677 2628,2676 2678,2676 2729,2675 2780,2674 2831,2673 2882,2672"/>
                <TextEquiv>
                    <Unicode>die Vergänglichen. Für die reinen Schaffenden aber</Unicode>
                </TextEquiv>
            </TextLine>
            <TextLine id="r1l107" custom="readingOrder {index:106;}">
                <Coords points="803,2694 1831,2678 1818,2637 802,2656"/>
                <Baseline points="813,2692 863,2691 913,2689 964,2688 1014,2687 1065,2687 1115,2686 1165,2686 1216,2686 1266,2685 1317,2685 1367,2685 1417,2685 1468,2685 1518,2684 1569,2684 1619,2683 1669,2682 1720,2681 1770,2680 1821,2679"/>
                <TextEquiv>
                    <Unicode>zart und weich, aus der weichen, vielleicht ver¬</Unicode>
                </TextEquiv>
            </TextLine>
            <TextLine id="r1l108" custom="readingOrder {index:107;}">
                <Coords points="141,2702 754,2705 779,2694 779,2666 687,2644 585,2667 140,2659"/>
                <Baseline points="152,2696 182,2696 213,2695 244,2695 275,2695 306,2695 337,2695 367,2695 398,2695 429,2695 460,2694 491,2694 522,2694 553,2693 583,2693 614,2692 645,2691 676,2690 707,2689 738,2688 769,2686"/>
                <TextEquiv>
                    <Unicode>Augenblick, wo das geplante</Unicode>
                </TextEquiv>
            </TextLine>
            <TextLine id="r1l109" custom="readingOrder {index:108;}">
                <Coords points="1859,2726 2638,2715 2889,2746 2889,2697 2818,2675 1859,2694"/>
                <Baseline points="1869,2722 1919,2722 1970,2722 2020,2722 2071,2722 2121,2722 2172,2722 2222,2721 2273,2721 2323,2720 2374,2720 2424,2719 2475,2719 2525,2718 2576,2718 2626,2717 2677,2716 2727,2715 2778,2714 2828,2714 2879,2713"/>
                <TextEquiv>
                    <Unicode>und die anssie glauben — eine Geschichte vom großen</Unicode>
                </TextEquiv>
            </TextLine>
            <TextLine id="r1l110" custom="readingOrder {index:109;}">
                <Coords points="801,2732 966,2756 1268,2723 1836,2731 1835,2675 801,2709"/>
                <Baseline points="813,2734 863,2733 914,2732 964,2732 1015,2731 1066,2731 1116,2731 1167,2730 1217,2730 1268,2730 1319,2730 1369,2729 1420,2729 1470,2729 1521,2728 1572,2727 1622,2726 1673,2725 1723,2725 1774,2723 1825,2721"/>
                <TextEquiv>
                    <Unicode>weichlichten Hand des Künstlers, der das Unglück</Unicode>
                </TextEquiv>
            </TextLine>
            <TextLine id="r1l111" custom="readingOrder {index:110;}">
                <Coords points="146,2746 769,2753 786,2750 785,2691 707,2711 319,2701 298,2720 145,2701"/>
                <Baseline points="156,2742 188,2742 221,2741 253,2741 286,2740 318,2740 351,2739 384,2739 416,2738 449,2738 481,2737 514,2736 546,2736 579,2735 612,2735 644,2734 677,2734 709,2733 742,2733 775,2732"/>
                <TextEquiv>
                    <Unicode>n die Erwartung des Kaisers</Unicode>
                </TextEquiv>
            </TextLine>
            <TextLine id="r1l112" custom="readingOrder {index:111;}">
                <Coords points="1863,2780 2748,2776 2884,2763 2884,2737 1862,2729"/>
                <Baseline points="1874,2766 1926,2765 1979,2765 2031,2764 2084,2764 2136,2764 2189,2764 2242,2764 2294,2764 2347,2764 2399,2764 2452,2764 2504,2764 2557,2764 2610,2763 2662,2763 2715,2762 2767,2761 2820,2760 2873,2757"/>
                <TextEquiv>
                    <Unicode>Wunder; zu Bethlehem oder sonst im Raume geschah</Unicode>
                </TextEquiv>
            </TextLine>
            <TextLine id="r1l113" custom="readingOrder {index:112;}">
                <Coords points="797,2785 1772,2794 1831,2741 796,2732"/>
                <Baseline points="808,2778 858,2777 909,2777 959,2777 1010,2776 1061,2776 1111,2776 1162,2775 1213,2775 1263,2774 1314,2773 1365,2773 1415,2772 1466,2771 1517,2770 1567,2770 1618,2769 1669,2768 1719,2767 1770,2766 1821,2765"/>
                <TextEquiv>
                    <Unicode>hat, ein Wien zu besitzen, keine Gemeinschaft, auch</Unicode>
                </TextEquiv>
            </TextLine>
            <TextLine id="r1l114" custom="readingOrder {index:113;}">
                <Coords points="141,2804 302,2783 549,2800 647,2778 728,2800 781,2778 781,2753 312,2745 291,2767 140,2738"/>
                <Baseline points="151,2784 182,2784 213,2784 244,2784 275,2784 306,2784 337,2783 368,2783 399,2783 430,2782 461,2782 492,2782 523,2781 554,2781 585,2781 616,2780 647,2780 678,2779 709,2779 740,2778 771,2778"/>
                <TextEquiv>
                    <Unicode>hlusse dieser Szene in seiner</Unicode>
                </TextEquiv>
            </TextLine>
            <TextLine id="r1l115" custom="readingOrder {index:114;}">
                <Coords points="1878,2819 2883,2811 2883,2781 2815,2765 1878,2777"/>
                <Baseline points="1888,2808 1937,2808 1986,2809 2035,2809 2084,2809 2134,2809 2183,2809 2232,2809 2281,2809 2330,2809 2380,2808 2429,2808 2478,2807 2527,2807 2576,2806 2626,2806 2675,2805 2724,2804 2773,2804 2822,2803 2872,2803"/>
                <TextEquiv>
                    <Unicode>esoft.. Und geschieht im Wandel stets: Das</Unicode>
                </TextEquiv>
            </TextLine>
            <TextLine id="r1l116" custom="readingOrder {index:115;}">
                <Coords points="808,2836 1347,2832 1389,2804 1487,2833 1800,2827 1823,2776 808,2785"/>
                <Baseline points="819,2818 868,2818 918,2818 968,2818 1017,2818 1067,2817 1117,2817 1166,2816 1216,2816 1266,2816 1316,2815 1365,2815 1415,2814 1465,2814 1514,2814 1564,2813 1614,2813 1663,2813 1713,2812 1763,2812 1813,2812"/>
                <TextEquiv>
                    <Unicode>keine Wenigen, sondern eine Gesellschaft, Viele.</Unicode>
                </TextEquiv>
            </TextLine>
            <TextLine id="r1l117" custom="readingOrder {index:116;}">
                <Coords points="158,2842 277,2832 302,2851 391,2822 428,2847 538,2828 641,2842 717,2828 717,2798 640,2782 321,2799 304,2782 157,2799"/>
                <Baseline points="167,2829 194,2829 221,2829 248,2829 275,2828 302,2828 329,2828 356,2827 383,2827 410,2827 437,2826 464,2825 491,2825 518,2825 545,2824 572,2824 599,2823 626,2823 653,2823 680,2823 707,2822"/>
                <TextEquiv>
                    <Unicode>in Erlebnis reinster Kunst.</Unicode>
                </TextEquiv>
            </TextLine>
            <TextLine id="r1l118" custom="readingOrder {index:117;}">
                <Coords points="1855,2867 2405,2868 2532,2837 2884,2862 2883,2811 2853,2807 1855,2811"/>
                <Baseline points="1865,2852 1915,2852 1965,2853 2016,2853 2066,2853 2116,2852 2167,2852 2217,2852 2267,2851 2318,2851 2368,2850 2418,2850 2469,2849 2519,2848 2569,2848 2620,2847 2670,2847 2720,2846 2771,2846 2821,2846 2872,2845"/>
                <TextEquiv>
                    <Unicode>Wunder des reinen Werdens Schaffen und</Unicode>
                </TextEquiv>
            </TextLine>
            <TextLine id="r1l119" custom="readingOrder {index:118;}">
                <Coords points="955,2864 1000,2883 1349,2858 1455,2881 1519,2854 1725,2874 1832,2849 1778,2818 954,2828"/>
                <Baseline points="965,2861 1007,2861 1050,2861 1093,2861 1136,2861 1178,2861 1221,2861 1264,2861 1307,2861 1349,2861 1392,2861 1435,2861 1478,2860 1520,2860 1563,2859 1606,2858 1649,2857 1691,2855 1734,2854 1777,2852 1820,2850"/>
                <TextEquiv>
                    <Unicode>Der Roman hatte Erfolg. Man schüttelte</Unicode>
                </TextEquiv>
            </TextLine>
            <TextLine id="r1l120" custom="readingOrder {index:119;}">
                <Coords points="148,2893 316,2874 450,2888 480,2868 787,2877 788,2819 750,2839 690,2825 484,2847 392,2823 301,2851 277,2832 147,2837"/>
                <Baseline points="159,2874 189,2875 220,2875 251,2876 282,2876 313,2876 344,2875 375,2875 406,2874 437,2873 468,2872 498,2872 529,2870 560,2869 591,2868 622,2867 653,2866 684,2866 715,2865 746,2865 777,2864"/>
                <TextEquiv>
                    <Unicode>eshalb, weil er den vollen</Unicode>
                </TextEquiv>
            </TextLine>
            <TextLine id="r1l121" custom="readingOrder {index:120;}">
                <Coords points="2337,2910 2559,2903 2663,2925 2703,2906 2822,2916 2891,2898 2891,2866 2855,2872 2766,2841 2708,2864 2570,2861 2540,2837 2468,2838 2435,2868 2338,2863"/>
                <Baseline points="2347,2890 2373,2891 2400,2891 2426,2891 2453,2892 2480,2892 2506,2892 2533,2892 2560,2893 2586,2893 2613,2893 2640,2893 2666,2894 2693,2894 2720,2894 2746,2894 2773,2894 2800,2895 2826,2895 2853,2895 2880,2895"/>
                <TextEquiv>
                    <Unicode>Und in ihm lebt ein Volk,</Unicode>
                </TextEquiv>
            </TextLine>
            <TextLine id="r1l122" custom="readingOrder {index:121;}">
                <Coords points="1863,2905 1976,2914 2071,2898 2108,2912 2150,2909 2165,2894 2206,2917 2293,2901 2292,2864 2277,2860 2131,2871 2118,2859 2073,2872 2043,2853 2031,2866 1950,2861 1933,2872 1862,2860"/>
                <Baseline points="1874,2902 1899,2901 1925,2901 1950,2901 1976,2900 2001,2900 2027,2900 2052,2899 2078,2899 2103,2898 2129,2898 2154,2897 2180,2897 2205,2897 2231,2896 2256,2896 2282,2896"/>
                <TextEquiv>
                    <Unicode>Glaube ist sein Teil</Unicode>
                </TextEquiv>
            </TextLine>
            <TextLine id="r1l123" custom="readingOrder {index:122;}">
                <Coords points="803,2929 1579,2899 1671,2923 1845,2895 1845,2861 802,2872"/>
                <Baseline points="812,2913 863,2911 914,2909 965,2907 1016,2906 1067,2906 1118,2906 1169,2905 1220,2905 1271,2906 1323,2906 1374,2906 1425,2906 1476,2905 1527,2904 1578,2903 1629,2902 1680,2900 1731,2897 1782,2893 1834,2889"/>
                <TextEquiv>
                    <Unicode>mehrfach die Köpfe und sagte: „Jetzt ist „unser“</Unicode>
                </TextEquiv>
            </TextLine>
            <TextLine id="r1l124" custom="readingOrder {index:123;}">
                <Coords points="145,2938 287,2910 379,2930 777,2919 757,2875 668,2887 627,2868 451,2888 180,2878 144,2897"/>
                <Baseline points="155,2919 185,2918 216,2917 246,2917 277,2916 308,2916 338,2915 369,2915 399,2914 430,2914 461,2914 491,2913 522,2912 552,2912 583,2912 614,2911 644,2910 675,2910 705,2910 736,2909 767,2908"/>
                <TextEquiv>
                    <Unicode>gblicks erfühlen kann, kein Dra¬</Unicode>
                </TextEquiv>
            </TextLine>
            <TextLine id="r1l125" custom="readingOrder {index:124;}">
                <Coords points="1854,2959 1973,2942 2088,2969 2152,2941 2358,2964 2441,2953 2441,2912 1853,2899"/>
                <Baseline points="1864,2939 1892,2940 1920,2942 1948,2943 1977,2943 2005,2944 2033,2944 2062,2944 2090,2944 2118,2943 2147,2943 2175,2942 2203,2942 2231,2941 2260,2941 2288,2941 2316,2940 2345,2940 2373,2941 2401,2941 2430,2942"/>
                <TextEquiv>
                    <Unicode>keine Menge, eine Einheit.</Unicode>
                </TextEquiv>
            </TextLine>
            <TextLine id="r1l126" custom="readingOrder {index:125;}">
                <Coords points="1672,2949 1693,2956 1699,2949 1746,2949 1763,2962 1785,2953 1834,2947 1833,2906 1816,2900 1799,2900 1787,2911 1774,2907 1740,2913 1731,2905 1706,2907 1691,2922 1684,2915 1672,2915"/>
                <Baseline points="1683,2945 1711,2942 1739,2942 1767,2943 1795,2944 1823,2941"/>
                <TextEquiv>
                    <Unicode>Er ist</Unicode>
                </TextEquiv>
            </TextLine>
            <TextLine id="r1l127" custom="readingOrder {index:126;}">
                <Coords points="807,2954 1509,2946 1567,2965 1631,2947 1630,2906 806,2924"/>
                <Baseline points="818,2952 858,2951 898,2950 938,2949 978,2948 1018,2948 1058,2948 1098,2948 1138,2948 1178,2948 1219,2948 1259,2948 1299,2948 1339,2947 1379,2947 1419,2946 1459,2945 1499,2944 1539,2942 1579,2940 1620,2937"/>
                <TextEquiv>
                    <Unicode>Schnitzler „unser“ Romancier geworden!“</Unicode>
                </TextEquiv>
            </TextLine>
            <TextLine id="r1l128" custom="readingOrder {index:127;}">
                <Coords points="164,2968 277,2958 366,2976 383,2958 424,2975 483,2955 664,2974 696,2952 786,2957 785,2929 723,2917 700,2935 640,2916 470,2934 289,2911 230,2933 163,2925"/>
                <Baseline points="174,2960 204,2960 234,2960 264,2960 294,2960 324,2960 354,2960 384,2960 414,2959 444,2959 474,2959 504,2958 534,2958 564,2957 594,2957 624,2956 654,2955 684,2954 714,2953 744,2953 774,2952"/>
                <TextEquiv>
                    <Unicode>t hat nicht das Bindende, das</Unicode>
                </TextEquiv>
            </TextLine>
            <TextLine id="r1l129" custom="readingOrder {index:128;}">
                <Coords points="1937,3004 2005,2994 2033,3009 2099,3015 2116,3001 2160,3018 2197,2994 2248,3018 2275,3001 2299,3020 2326,3020 2326,2952 2301,2945 2199,2954 2150,2943 2088,2969 2018,2945 1937,2949"/>
                <Baseline points="1948,2981 1974,2983 2000,2985 2026,2985 2053,2987 2079,2987 2105,2987 2132,2987 2158,2987 2184,2987 2210,2986 2237,2985 2263,2985 2289,2984 2316,2983"/>
                <TextEquiv>
                    <Unicode>Wien, Mai 1012.</Unicode>
                </TextEquiv>
            </TextLine>
            <TextLine id="r1l130" custom="readingOrder {index:129;}">
                <Coords points="801,2998 1828,3003 1840,2939 801,2962"/>
                <Baseline points="812,2996 862,2994 913,2994 964,2993 1015,2992 1066,2992 1117,2991 1167,2991 1218,2991 1269,2991 1320,2991 1371,2991 1422,2990 1473,2990 1523,2989 1574,2989 1625,2988 1676,2987 1727,2985 1778,2984 1829,2982"/>
                <TextEquiv>
                    <Unicode>es nicht geworden, Wird es nie werden. Dieser</Unicode>
                </TextEquiv>
            </TextLine>
            <TextLine id="r1l131" custom="readingOrder {index:130;}">
                <Coords points="169,3011 278,3027 309,3005 343,3020 480,3002 586,3014 601,2999 631,3020 667,3002 780,3006 782,2967 168,2973"/>
                <Baseline points="180,3003 209,3002 239,3001 268,3000 298,3000 327,2999 357,2999 386,2999 416,2998 445,2998 475,2998 505,2998 534,2998 564,2998 593,2998 623,2998 652,2997 682,2997 711,2997 741,2996 771,2996"/>
                <TextEquiv>
                    <Unicode>Maß des Geschehens, die Zeit</Unicode>
                </TextEquiv>
            </TextLine>
            <TextLine id="r1l132" custom="readingOrder {index:131;}">
                <Coords points="2327,3062 2418,3032 2576,3043 2601,3064 2774,3028 2842,3049 2861,3042 2861,2959 2697,2991 2618,2966 2580,2990 2503,2975 2456,2998 2327,2992"/>
                <Baseline points="2338,3027 2363,3028 2389,3029 2414,3030 2440,3031 2466,3032 2491,3032 2517,3033 2542,3033 2568,3033 2594,3033 2619,3033 2645,3033 2670,3032 2696,3032 2722,3031 2747,3030 2773,3030 2798,3028 2824,3028 2850,3027"/>
                <TextEquiv>
                    <Unicode>Siegfried Schmitz.</Unicode>
                </TextEquiv>
            </TextLine>
            <TextLine id="r1l133" custom="readingOrder {index:132;}">
                <Coords points="805,3046 1793,3048 1839,3000 804,3008"/>
                <Baseline points="816,3043 866,3041 917,3039 967,3038 1018,3037 1069,3036 1119,3035 1170,3034 1220,3034 1271,3033 1322,3033 1372,3033 1423,3033 1473,3032 1524,3032 1575,3032 1625,3031 1676,3031 1726,3030 1777,3029 1828,3028"/>
                <TextEquiv>
                    <Unicode>Roman ist als Kunstwerk mißlungen; er überzeugt</Unicode>
                </TextEquiv>
            </TextLine>
            <TextLine id="r1l134" custom="readingOrder {index:133;}">
                <Coords points="141,3050 509,3061 539,3040 588,3061 639,3044 745,3058 781,3041 781,3017 717,3001 628,3016 602,2999 338,3015 272,2996 198,3016 140,2992"/>
                <Baseline points="151,3048 182,3047 213,3045 244,3044 275,3043 306,3043 337,3043 368,3043 399,3043 430,3043 461,3043 492,3044 523,3044 554,3044 585,3044 616,3044 647,3044 678,3043 709,3043 740,3042 771,3040"/>
                <TextEquiv>
                    <Unicode>dafür die Vollheit und Ganze</Unicode>
                </TextEquiv>
            </TextLine>
            <TextLine id="r1l135" custom="readingOrder {index:134;}">
                <Coords points="804,3084 1856,3082 1855,3022 1504,3057 804,3048"/>
                <Baseline points="816,3089 867,3088 919,3087 970,3086 1022,3085 1073,3084 1125,3083 1176,3082 1228,3082 1279,3081 1331,3080 1382,3080 1434,3079 1485,3078 1537,3078 1588,3077 1640,3076 1691,3076 1743,3075 1794,3074 1846,3074"/>
                <TextEquiv>
                    <Unicode>nicht, weil er überzeugen will. Doch er zeugt</Unicode>
                </TextEquiv>
            </TextLine>
            <TextLine id="r1l136" custom="readingOrder {index:135;}">
                <Coords points="157,3106 313,3108 370,3088 796,3104 795,3046 776,3040 747,3058 642,3042 606,3064 538,3039 510,3061 157,3057"/>
                <Baseline points="167,3094 197,3093 228,3093 259,3092 290,3092 321,3091 352,3091 383,3090 414,3090 445,3089 476,3089 506,3088 537,3088 568,3088 599,3087 630,3087 661,3087 692,3086 723,3086 754,3086 785,3085"/>
                <TextEquiv>
                    <Unicode>shalb sind Schnitzlers Dramen</Unicode>
                </TextEquiv>
            </TextLine>
            <TextLine id="r1l137" custom="readingOrder {index:136;}">
                <Coords points="158,3172 1882,3121 1881,3074 157,3106"/>
                <Baseline points="168,3140 253,3140 338,3139 423,3139 508,3138 593,3138 678,3137 763,3136 848,3135 933,3134 1019,3133 1104,3132 1189,3131 1274,3129 1359,3128 1444,3127 1529,3126 1614,3125 1699,3124 1784,3123 1870,3122"/>
                <TextEquiv>
                    <Unicode>usdruck jener Sinnengegenwart, 1 von der wahrhaft tragischen Reinheit einer Dichter¬</Unicode>
                </TextEquiv>
            </TextLine>
            <TextEquiv>
                <Unicode>box 39/2
Sothand55t—Birthdar
SPGEIRTTTEE
Couimsje.— Fn alertenläufe Vorfuhren, während
einzelne Jugendturner den Gewehrsprung vor¬
Reterat des Verbandsturnwarts Herrn Turnlehrer
attowitz, Ersatzdelegierte.
führen werden, eine neuartige Uebung, die durchaus
Erich Burin, Berlin: „Turnen und Sport.“
inczower-Kattowitz, Dele¬
nicht so halsbrecherisch ist, wie sie dem Uneinge¬
Neuwahlen. Ort: Marinchaus, Ruhmessaal.
weihten erscheinen mag. Ferner werden die Jugend¬
Von 4 Uhr ab: Sportmeeting auf dem Spiel- und
Nothmann-Groß-Strehlitz,
abteilungen des Berliner Bar Kochba ein Barlauf¬
Sportplatz des „Bar Kochba“ in Schulzendorf.
seele, die der seichte, schmutzige Sand des Zeit¬
die seine Novellen und Erzählungen malen. Und
fehlt, der Ernst der Liebe,
gerinnsels um sie nicht trüben kann. Er zeugt aber
doch hat Schnitzler ein Drama geschrieben, das stark
n einem so modern sensitiven
auch von. dem Fluch des Schaffenden, der aus seiner
ist in seinem Wesen, anders ist als das Wesen ringsum.
—, wurde durch
eben kann
Zeit entstand und aus dem Stamme, dessen Ent¬
„Der Ruf des Lebens“ entstand aus der Ein¬
nglich reine Wien seiner Sinne
wurzelte ihre Helfer sind. Sich von ihr ganz los¬
samkeit, welche dem Dichter seine Sphäre schuf.
gezwungen, und er zwang sich,
sagen kann der Dichter nicht, er, dem der Segen des
Es geriet bizarr, gewagt, aber voll der gewaltig¬
in seinem Geiste zu schaffen.
Schaffens nicht im Pingen um den Sinn stetig
drängenden Sehnsüchte der Befreiung zu einem an¬
Ies Marktes. Eine Verfehlung.
wird, sondern für immer gegeben ward in dem
deren, das anders ist als alles umher. Das Stück
ammenhänge aufzudecken. Er
Schauen der Sinne. Dieses Glück des Schaffenden
wurde sanft abgelehnt.
Blang sein Drama „Der junge
verknüpft sich in diesem Falle mit dem Unvermögen,
Aehnlich entstand wohl „Der Weg ins Freie“.
von einer Lüge aus. Sie heißt
die wahren Zusammenhänge jenseits der Zeit zu
Der „graziöse Sänger Wiens“ hätte dieses Werk
vohl keine Notlüge, derer, die
suchen und in den stillen Stunden zu erleben, als
nie geschrieben, wenn er nicht fühlte, wie einsam
reis eingewurzelt sein wollen,
Wunder zu erleben, das der Zeitlichkeit ihre Maske
er inmitten des rauschenden Getriebes dastehe, ohne
wie entwurzelt sie selbst
en,
vom Gesicht reißt und mit dem Glanz der Dauer
Volk für seine Kunst, nur mit einer Masse von Epi¬
iff Wien, die Musikstadt“ ist
Vielleicht wird
das Leben klärt und — verklärt.
sodenmenschen zweitester Ordnung, die selbst ihr
der Tatsachen aus dem Schick¬
nein, so darf man's nicht
ihm das Wunder; —
Episodenleben nicht voll leben und sich darum in
er, ja sogar der kleineren wie
sagen, denn Schnitzler ist Arzt — vielleicht wird
ihm nie befreien können, solange sie so sind, wie
Unglück hatten, zeitlebens oder
ihm die Kraft. Sie ist vorhanden in denen, deren
die Gestalten, — nein, Figuren des Romans, Und
zu weilen.) Und diese Lüge
Blut in Schnitzler wogt., Daß es reine Schaffende
inmitten steht in einsamer Zerrissenheit Heinrich Ber¬
Geschöpf eines Künstlers, der
gibt, wie Schnitzler es ist, das ist der Beweis, daß
mann, der da weiß, „daß mittelmäßige Künstler und
ill und ihm einen großen Sinn
diese Kraft lebendig ist, gebunden nur an Beziehun¬
besonders Literaten nie eine reine Seele haben
ne Unmittelbarkeit. Und dann
gen. Diesmal ist die Beziehung „Wien“, jenes Wien,
können. Könner und Literaten, das ist das HTöchste
Schnitzlers Sache. Nur die
das den Dichter groß machte und doch einsam, die
in der Sphäre des „Volkes“ unseres Dichters und
Egenblickssituation erfaßt seine
Schnitzler ist fünfzig Jahre alt.
Episode Wien
jenseits, im Freien, ist die Welt für das einfache,
schehen fehlt ihm der Sinn
Glückwunschumjubelt. Dieser Glückwunsch hier ist
gute, reine Erleben des Christen Georg oder für
Das Erfühlen des Momentes
nicht laut wie die Menge, er spricht bloß mit einer
..Dieser
die Anfänge eines Golowski zum Ende zu
: ist seine Meisterschaft, weil
Stimme des Blutes, Sie spricht ein Gleichnis für
Roman ist der Versuch einer Absage, allerdings
Sinnen kommt. So ist im
n
die Vergänglichen. Für die reinen Schaffenden aber
zart und weich, aus der weichen, vielleicht ver¬
Augenblick, wo das geplante
und die anssie glauben — eine Geschichte vom großen
weichlichten Hand des Künstlers, der das Unglück
n die Erwartung des Kaisers
Wunder; zu Bethlehem oder sonst im Raume geschah
hat, ein Wien zu besitzen, keine Gemeinschaft, auch
hlusse dieser Szene in seiner
esoft.. Und geschieht im Wandel stets: Das
keine Wenigen, sondern eine Gesellschaft, Viele.
in Erlebnis reinster Kunst.
Wunder des reinen Werdens Schaffen und
Der Roman hatte Erfolg. Man schüttelte
eshalb, weil er den vollen
Und in ihm lebt ein Volk,
Glaube ist sein Teil
mehrfach die Köpfe und sagte: „Jetzt ist „unser“
gblicks erfühlen kann, kein Dra¬
keine Menge, eine Einheit.
Er ist
Schnitzler „unser“ Romancier geworden!“
t hat nicht das Bindende, das
Wien, Mai 1012.
es nicht geworden, Wird es nie werden. Dieser
Maß des Geschehens, die Zeit
Siegfried Schmitz.
Roman ist als Kunstwerk mißlungen; er überzeugt
dafür die Vollheit und Ganze
nicht, weil er überzeugen will. Doch er zeugt
shalb sind Schnitzlers Dramen
usdruck jener Sinnengegenwart, 1 von der wahrhaft tragischen Reinheit einer Dichter¬</Unicode>
            </TextEquiv>
        </TextRegion>
    </Page>
</PcGts>
