3344 4384
1646 172 2343 269 —
728 249 814 321 55
1615 241 2073 338 box 39/2
529 258 633 322 an
255 244 1515 353 Stst—Birthdar
1083 857 1891 952 Alexander v. Weilen, Arthur Schnitzler.
2189 894 2285 960 295
627 1015 2336 1112 hebt, mit welcher Etikette man ihn gelegentlich abzutun glaubte, ohne zu be¬
638 1097 2333 1171 achten, wie viel schroffe Eigenart oft auch in diesen so entzückenden Wiener
637 1147 2326 1228 Grisetten steckt. „Man nennt mich's süße Mädel, ob ich süß bin oder nicht“
631 1202 2332 1287 singt die Marionette in seinem Wurstelspiel. Man hörte zu gerne auf die
637 1257 2336 1347 Koseworte, die ins kleine Ohr Annies oder Mitzis geflüstert werden, man
639 1319 2332 1407 fühlte die weichen Lippen des dummen Mädels, das willig dem Lockrufe des
639 1377 2340 1428 Abenteuers folgt, mit Behagen auf dem eigenen Munde nehmen, die hinreißenden
637 1436 2333 1502 Szenen augenblicklicher Lust, wie sie noch kein Meister der deutschen Sprache
635 1491 2323 1582 auch nur annähernd so verwegen und zugleich mit so künstlerischem Maße
624 1554 2327 1637 dargestellt, wie Arthur Schnitzler im „Reigen“ ließen die tiefen Untertöne des
624 1629 2327 1699 Leides überhören, die aus solchen Momenten rascher Wallungen und lauter
629 1655 2324 1755 Betäubung klangen, und das Knochengerüste mit der Sense, das höhnisch auf
624 1723 2325 1806 die heiße Umarmung blickte, stand unbemerkt im Hintergrunde. Schnitzlers
639 1787 2315 1875 Erotik, es ist jene letzte Nacht, die der Herzog im „Schleier der Beatrice“
633 1843 2326 1923 feiert, sie soll alle Lüste und Gluten der wildesten Orgie entfesseln — und ihr
632 1917 2325 1991 Ende ist Enttäuschung und Überdruß. Es ist äußerst selten, daß der Dichter
632 1985 2318 2054 es vermag, sich ungehemmt dem schönen Augenblicke hinzugeben. Der Er¬
622 2023 2323 2113 füllung der heißen Gier folgt der Ekel und selbst im „Reigen“ klingen die
620 2079 2312 2173 kurzen Liebesstunden meist in eine physische und geistige Ernüchterung aus;
619 2147 2324 2233 im Anfange jedes Verhältnisses liegt schon das nahe Ende und wird im ersten
626 2199 2319 2281 Kusse vorausgesehen; selbst ein sich fest gestaltendes Bündnis wie das Annas
623 2259 2309 2347 und Georgs im „Weg ins Freie“, scheint dem scheidenden Liebhaber schon
622 2307 2317 2392 in der ersten Begegnung die ganze Katastrophe in sich getragen zu haben;
618 2385 2315 2452 und so spricht auch in einem seiner seltenen lyrischen Gedichte die Geliebte,
622 2431 2318 2503 die er vergeblich mit neuen Seligkeiten und ungekanntem Leid erfüllen möchte,
623 2494 2318 2588 mit stummen Lächeln: „Ich kenn' ja auch das Ende — wie's immer kommt
686 2557 1215 2624 mit Ekel und Betrug.“
720 2610 2305 2674 Auch dieser Gedanke an das Ende des Liebens steht im innigsten Zu¬
626 2677 2304 2759 sammenhange mit dem peinigenden Bewußtsein vom Ende des Lebens.
620 2748 2317 2804 „Gibt es einen anständigen Menschen, der in irgendeiner guten Stunde in
619 2796 2307 2859 tiefster Seele an etwas anderes denkt?“ fragt er einmal. Es ist die physische
617 2841 2311 2927 Tatsache des Aufhörens, die ihn so unablässig quält, das Jenseits kann ihn
625 2898 2303 2972 wenig kümmern: „Nichts kommt nach uns, alles stirbt mit uns.“ Der Augen¬
617 2958 2307 3038 blick mit seinem Scheiden, von denen niemand uns erzählt hat, dieses brutale
615 3020 2308 3107 Aufhören, das wir nicht verstehen und nie verstehen können, läßt einen seiner
612 3084 2312 3171 sterbenden Helden mit neiderfülltem Hasse auf das frische Leben an seiner
613 3145 2314 3233 Seite blicken, das „noch jung und lebendig sein wird, und lachen wird, wenn
609 3208 1509 3279 er nicht mehr lachen und weinen kann.“
721 3264 2312 3349 Sein Beruf als Arzt hat Schnitzler keine Antwort auf seine bangen Fragen
613 3331 2314 3386 gegeben, sondern ihn nur die tiefste Versenkung in die körperliche Zersetzung
611 3386 2314 3444 gelehrt, wie sie aus der meisterhaften analytischen Studie „Sterben“ spricht.
616 3444 2310 3508 Was hier ein Hauptmotiv bildet, kehrt in Drama und Novelle immer wieder,
613 3495 2308 3587 die scharfe Nebeneinanderstellung des lebenden und des toten Wesens, die Ge¬
606 3561 2315 3627 liebte neben der Leiche des Freundes, ja auch die Liebesfeier praesente cadavere.
604 3602 2312 3708 So umdröhnt ihn, wie seinen Medardus, „das Wort Tod wie dunkle Glocken“.
1403 4079 1711 4169 S
2666 173 2922 261 „EE
