3344 4320
189 350 1483 433 50th and 55th Birthdar
495 763 948 849 Artur Schnitzler.
244 809 1219 898 Unser Wiener Korrespondent schreibt uns:
245 857 1230 947 Artur Schnitzler wirklich schon Fünfzig?
194 897 1242 987 Wenn's nicht verbürgt wäre und die allergetreuesten
194 952 1240 1029 Biographen des liebenswürdigen Wiener Boeten es
184 987 1244 1051 nicht authentisch verzeichnet hatten, müßte man das
195 1031 1245 1109 für ein Märchen halten, denn nichts an Schnitzler,
192 1078 1231 1147 weder in seiner frischen Schaffenskraft, noch in seiner
191 1117 1226 1187 äußeren Erscheinung deutet darauf hin, daß er diesen
192 1152 1230 1212 Zenithpunkt erreicht hat. Und doch: Schnitzler erst
183 1193 1231 1271 Fünfzig? Zieht man die Bilanz seines bisherigen
177 1229 1229 1318 Schaffens, untersucht man namentlich seine Produktion
184 1269 1227 1355 in den letzten Jahren kritisch, so würde man glauben,
183 1312 1231 1373 daß die abgeklärte Weisheit eines viel längeren
182 1363 1228 1428 Lebens sich da kundgiebt. Artur Schnitzler ist seiner¬
185 1402 1229 1470 zeit der Begründer und durch eine geraume Epoche
180 1447 1219 1513 der Führer der sogenannten Jungwiener Schule ge¬
169 1471 1232 1555 wesen. Er ist aber dann seine eigenen Wege gegangen
184 1520 1223 1597 und mit der sogenannten Jungwiener Schule
171 1550 1225 1633 von heute hat er eigentlich nichts mehr gemein. Er
173 1599 1236 1674 ist einer von den wenigen Neidlosen, einer von denen,
179 1639 1222 1711 die, gleichwie Hermann Bahr, iungen Talenten nicht
166 1687 1223 1755 bloß mit freundlichem Zuspruch sich zuneigen, sondern
175 1721 1214 1792 ihnen auch die Wege ebnen helfen. Schnitzler ist,
167 1768 1216 1833 so wenig im engeren Sinne Lokales auch seine Werke
169 1817 1215 1875 an sich haben, doch ein echter Wiener Poet. Die
168 1840 1211 1918 Psyche seiner Gestalten ist von besonders fesselndem
164 1890 1218 1959 Reiz, und man wird kaum einen von unserer neueren
167 1941 1208 1997 großen deutschen Bühnendichtern zu nennen vermögen,
160 1969 1202 2036 der Schnitzler in der Psychologie seiner Figuren über¬
170 2005 1212 2077 legen wäre. Dies rührt vielleicht daher, daß Artur
170 2048 1209 2119 Schnitzler durch die harte Schule des Mediziners ge¬
174 2091 1223 2161 gangen ist. Er hat auf dem Seziertisch sozusagen das
168 2139 1216 2204 Innere des Menschen kennen gelernt, und nicht wenig
172 2174 1209 2250 zu seiner seelischen Erforschung mag die ärztliche Ab¬
162 2210 1207 2298 nahme der Beichten bei der großen Zahl seiner
168 2252 737 2312 Patienten beigetragen haben.
222 2299 1212 2362 Das Sterben hat keiner vor Schnitzler so ergreifend,
157 2332 1204 2396 so wahr, so menschlisch schön geschildert. Die Wiener,
156 2386 1210 2442 namentlich aber die Wienerinnen, schätzen Artur
164 2415 1205 2485 Schnitzler als den großen Sänger der Liebe,
163 2450 1205 2522 der Liebe mit all' ihren Abstufungen, mit ihren süßen
162 2493 1198 2562 Reizen und ihren herben Schmerzen. Mit leichter
161 2536 1191 2605 Aquarellfarbe hub er an, als er seine „Anatol“=
167 2578 1195 2645 Szenen schuf, und ganz realistisch, um nicht zu sagen
152 2610 1209 2699 naturalistisch war er im „Reigen“ — diesem Buch,
156 2661 1187 2725 das er allerdings nicht hätte der großen Oeffentlich¬
157 2701 1196 2768 keit übermitteln sollen, die nur das Sinnliche
151 2740 1188 2808 daraus nahm und nicht die Absicht des Dichters ver¬
151 2779 1195 2850 stand. Sein chef d’oeuvre aber ist „Liebelei“ ge¬
152 2822 1189 2889 blieben, diese packende Lebensschilderung, diese grandiose
155 2860 1199 2929 Wiedergestaltung eines Menschenschicksals. Die
145 2904 1191 2975 Christine der „Liebelei“ wird immerdar als eine der
155 2945 1197 3006 reinsten und tiefsten Schöpfungen der zeitgenössischen
143 2991 1193 3069 Literatur, speziell der Wiener Bühnendichtkunst an¬
152 3024 487 3086 gesehen werden.
206 3065 1195 3130 Ein Wahrheitssucher und ein Wahrheitsfinder, hat
149 3094 1189 3153 Artur Schnitzler niemals die feinen ästhetischen Grenz¬
144 3138 1181 3214 linien verlassen, in seinem Denken und Schaffen, in
142 3186 1188 3251 der Verfolgung seiner Ziele, ist er immer lauter und
151 3228 1181 3289 vornehm geblieben. Nicht das sexuelle Moment in
146 3262 1181 3328 der Ehe, sondern die geistige Zusammen¬
163 3306 1180 3366 gehörigkeit zwischen Mann und Frau, zwischen
148 3352 1190 3422 Ehemann und Eheweib beschäftigt ihn in seinen
150 3379 1185 3450 Werken: als Muster dieser Gattung können „Zwischen¬
130 3440 1167 3532 spiel“ und „Das weite Land“ gelten. Nicht so scharf¬
138 3490 1175 3569 gründig und nicht zu so schweren Konsequenzen ge¬
126 3528 1165 3601 langend wie Ibsen, hat Artur Schnitzler doch manches
133 3577 1175 3653 mit dem großen nordischen Geistesrecken gemein.
146 3612 1179 3686 An beste österreichische Ueberlieferung anknüpfend, er¬
136 3656 1178 3728 füllt von wahrer, aufrichtiger Liebe zur Menschheit,
140 3696 1176 3770 schafft Artur Schnitzler wirklich nur aus tiefem
146 3743 1163 3812 Empfinden und innerer Ueberzeugung heraus und hat
147 3777 1181 3850 niemals auch nur einen Satz sogenannter billiger
134 3833 609 3898 Marktware geschrieben.
196 3842 1175 3927 Der fünfzigjährige und doch so jugendfrische Dichter
149 3913 1182 3975 hat eine große andächtige, nicht bloß numerisch,
144 3947 1177 4008 sondern auch qualitativ überaus starke Gemeinde in
150 3982 1169 4059 Wien, die es sich angelegen sein lassen wird, das er¬
149 4018 1174 4103 reichte halbjahrhundertste Lebensjahr ihres Apostels
957 4064 1134 4123 S. L.
153 4086 540 4159 würdig zu begehen.
1566 340 2012 431 box 39/2
2465 1553 3259 1615 ch den damals erschienenen „Schleier
1520 1573 2426 1658 Persönliches über Artur Schnitzler
2447 1592 3290 1645 Beatrice“ bewundernd las und besond
2447 1638 3296 1684 schöne Stellen angestrichen hatte, nahm er mir
1687 1639 2258 1717 Zu seinem 50. Geburtstage
2444 1683 3275 1723 Band aus der Hand und blätterte in ihm.
2218 1649 2435 1737 Ahh
1756 1692 2219 1774 Von Hermine Hauel
2436 1713 3285 1765 lächelie er zustimmend und fortan plauderten
2432 1754 3290 1821 über seine Arbeiten, wie es ihm und mir belie
1531 1758 2435 1825 * Ich lernte Schnitzler in Ischl kennen, wo er
2473 1792 3287 1834 Die Familie Schnitzler ist eine Aerztedyna
1505 1807 2427 1853 früher gern den Sommer verbrachte, er war da¬
2440 1829 3283 1887 Der Vater war eine bekannte Kapazität, der äl
1502 1848 2432 1897 mals 35 Jahre alt und hatte sich vor allem durch
2434 1866 3286 1916 Sohn zählt zu den berühmtesten Chirurgen Wie
1501 1885 2419 1939 „Anatol“ und „Liebelei“ einen Namen ge¬
2433 1912 3254 1971 die einzige Schwester vermählte sich mit e
1509 1921 2429 1974 macht. Die Frauen interessierten sich sehr für
2445 1943 3264 2004 Arzt. Auch Artur Schnitzler wählte die n
1495 1957 2431 2023 den Schilderer der eleganten Liaisons, den Schöp¬
2429 1978 3285 2049 zinische Lapfbahn, doch ist er wohl immer m
1499 2002 2439 2045 fer des Süßen Mädels, sie meinten, er sei ein
2445 2032 3294 2081 Künstler gewesen, und das viele Traurige, H
1493 2044 2432 2093 Verführer und Lebemann voll geheimnissüßer
2443 2067 3290 2129 liche und Krankhafte, das er kennen lernte,
1497 2085 2445 2127 Erlebnisse. Ich glaube nicht, daß er jemals zu
2445 2095 3296 2153 ihn bedrückt. Er sagte, der Einblick in men
1497 2118 2441 2162 den Genießenden und Eroberernaturen zählte. Ihm
2438 2138 3295 2202 liches Elend habe ihm viel Lebensfreude ger
1503 2165 2431 2218 fehlte die Naivität und kritiklose Unbefangenheit,
2442 2189 3289 2236 und er müsse nun bei allen Leuten etwas Krat
1497 2202 2432 2248 er war stets ein Denker, ein Grübler, satirischer
2448 2229 3277 2275 suchen; anderseits hat gewiß sein Arztberuf sei
1498 2239 2436 2280 Melancholiker, und das Leben hat ihm gewiß mehr
2448 2262 3286 2322 Blick für die Tiefen geschärft. An seine Künst
1506 2280 2443 2345 wehmütig erkenntnisreiche, als übermütig frohe
2447 2300 3292 2354 mission glaubend, hat er schon vor dem Erfolg
1500 2326 1882 2368 Stunden gebracht.
2446 2350 3282 2398 Karriere vernachlässigt, nur einige Privatgra
1544 2348 2439 2412 Damals glaubte er nicht an die weibliche Treue
2443 2388 3292 2441 patienten behandelt und sich der Dichtkunst hit
1500 2403 2428 2447 und Verläßlichkeit, er war sehr mißtrauischer Na¬
2440 2430 2593 2485 geben.
1507 2442 2438 2492 tur und sah vor allem in der Frau das verant¬
2480 2445 3241 2514 Neben seiner täglichen, angestrengten,
1505 2478 2434 2535 wortungslose Triebwesen, das jedem Impulse der
2450 2505 3297 2560 stellerischen Arbeit bildet er sich weiter, liest
1507 2521 2431 2567 unruhigen Sinne und der schweifenden Phantasie
2455 2537 3267 2592 und lernt immer wieder an Goethe, Keller
1509 2550 2442 2615 gehorcht. Auch schilderte er mehr das Weibchen
2449 2576 3292 2637 anderen Meistern des Stils. Mit Vorliebe
1506 2600 2432 2644 als das Weib und er mag wohl gerade bei einem
2446 2620 3282 2671 trieb er damals in der Jahrhundertwende hi
1507 2640 2433 2686 Teil der Wienerianen mit ihrem südländischen
2453 2659 3291 2718 rische Studien, vertiefte sich in die Zeit der it
1503 2663 2436 2733 Temperament recht haben. Als wahren, uneigen¬
2448 2692 3298 2757 nischen Renaissance, als er den „Schleier
1514 2720 2440 2767 nützigen Liebesbeweis der Hingabe ließ er eigent¬
2456 2739 3296 2788 Beatrice“ schuf, und plante an einem großen
1508 2753 2445 2816 lich nur das Kind gelten und die freiwillige Dul¬
2459 2776 3299 2832 schichtlichen Werke, vielleicht unbewußt, schon
1501 2795 2140 2844 derschaft der unehelichen Mutter.
2454 2822 3288 2867 dem „Jungen Medardus“ der im I#
1543 2808 2443 2886 Er rühmte die Herzlichkeit und Wärme des Wie¬
2449 2859 3265 2907 1910 das Burgtheater, das die „Beatrice“
1506 2872 2446 2914 ner Vorstadtmädels, solch schlichter Naturen, wie
2446 2886 3296 2951 lehnt, erobern sollte. Er wollte nicht nur als
1508 2912 2452 2965 er sie in der „Liebelei“ geschildert, und war auf
2454 2932 3294 2985 Dichter der Liebe und des Süßen Mädels gel
1510 2957 2447 3007 die halbgebildeten Frauen der Gesellschaft schlecht
2451 2976 3290 3020 und, vierzig Jahre alt, sagte er: „Ich fühle m
1512 2985 2437 3047 zu sprechen. Eher schüchtern und zurückhaltend.
2454 3008 3279 3064 beste Zeit vor mir, ich wage mich jetzt auf we
1514 3036 2440 3084 fast ungesellig und durchaus nicht Salonheld, gab
2455 3049 3287 3111 historisches Gebiet!“ Der in der französi
1518 3064 2445 3115 er sich im Gespräch nicht unbefangen hin, sondern
2448 3085 3247 3139 Revolution spielende Einakter „Der g
1513 3111 2437 3158 beohachtete sich selbst und andere. Wie Lenbach
2448 3131 3293 3185 Kakadu“ gehört zu seinen Lieblingsschöpfun
1515 3149 2440 3203 während einer Unterhaltung ausrufen konnte:
2455 3168 3300 3227 ein genialer Einfall, in drei Tagn beinahe
1521 3178 2439 3243 „Bleiben Sie still da die Linie will ich festhalten,
2462 3203 3292 3264 Korrektur vollendet — wie schade, aß er so se
1519 3233 2447 3278 diesen Lichtreflex!“ so sucht der Dichter in den
2450 3239 3118 3301 mehr auf dem Spielplan erscheint!
1527 3266 2440 3330 Zügen des Charakters was der Maler in der
2494 3273 3288 3343 Schnitzler wäre kein Künstler. kein Sehn
1518 3304 1990 3365 äußeren Form erforscht.
2451 3321 3301 3376 tiger, Unbefriedigter, wenn er nicht das ersen
1547 3331 2454 3396 Nichts war ihm unangenehmer als die Ge¬
1516 3374 3300 3432 spräche der Modedamen über Literatur im all= was er nicht besitzt, und so sprach er oft davon,
2457 3405 3294 3456 er lieher ein eleganter, schneidiger Herrire
1520 3419 2444 3477 gemeinen und seine Werke im speziellen, da konnte
2463 3446 3292 3501 sein möchte, mit viel Muskelkraft und wenig D
1526 3462 2447 3516 der sonst Höfliche unnahbar werden und kurz ab¬
2460 3490 3287 3542 vermögen, der das Leben unbefangen genießt.
1521 3500 2449 3550 brechen. Ich hielt mich natürlich auch an sein
2452 3521 3295 3576 dem schöner Frauen Gunst holder lächelt, als
1512 3540 2450 3589 Gebot und sprach nicht über seine Arbeit, und
1515 3558 3295 3640 als er wir dann einige seiner Bücher schenkte und Dichter. Gewiß würde er nicht ernstlich tauf
