3392 4320
691 310 768 371 5
500 317 585 372 a I
219 313 1419 403 SotBirthdar
736 576 788 627 24
734 580 1273 673 Hier und dork.
769 653 1209 728 Sechs Fünfziger.
528 654 1245 769 00% Von Awrum Halbert.
805 749 1469 810 Arthur Schnitzler: 15. Mai 1912.
540 738 725 846 Gne
806 797 1456 849 Johannes Schlaf: 22. Juni 1912.
796 830 1299 884 Ludwig Fulda: 15. Juli.
806 858 1383 920 Max Dreyer: 25. September.
561 836 696 951 (n
790 903 1280 952 Otto Ernst: 7. Oktober.
795 929 1488 986 Gerhart Hauptmann. 15. November.
526 985 1489 1037 Man ist erstaunt, verblüfft, irritiert: Die Jugend
467 1032 1487 1081 der achtziger Jahre wird alt. Wahr und wahrhaftig,
471 1062 1492 1124 sie wird alt und ehrwürdig. Sie feiert Jubiläum.
478 1108 1490 1156 Das ist immer ein Zeichen von Stabilität. Sie
476 1143 1482 1200 schaut zurück. Das ist immer ein Symbol von Er¬
470 1197 679 1257 mattung.
530 1219 1492 1290 Die Kämpfer von einst reinigen die Waffen. Das
466 1270 937 1335 ist Altvater=Stimmung.
532 1303 1487 1363 Im Grunde genommen sind es nur zwei Kämpfer.
474 1356 1492 1414 Ein offener, wilder, loser Draufgänger: Johannes
474 1395 639 1457 Schlaf.
524 1418 1485 1491 Und einer, der zwar im Vordergrunde des Gefechts
473 1478 1488 1527 stand, dessen Kunst umstritten wurde, der aber selbst
478 1518 1488 1570 mehr auf dem Aussichtshügel stand und ins Gewimmel
471 1566 1494 1617 hineinschaute. Für ihn wurde gekämpft, um ihn. Er
473 1599 1064 1662 selbst blieb in kühler Reserve.
534 1635 1499 1691 Johannes Schlaf, der redlichste und ehrlichste
474 1680 1492 1725 Wortführer des Naturalismus, sah als erste und
466 1729 1352 1793 tiefste Aufgabe der Kunst und des Schaffens:
542 1753 1487 1813 „Etwas Ganzes, Rundes herauszuschaffen aus
480 1806 1482 1851 einem gesunden, kräftigen Empfinden, aus einer um¬
478 1837 1483 1892 fassenden, sicheren Stimmung heraus gestalten, die
474 1880 1489 1935 einen trägt von Beginn bis zu Ende. Die Welt
476 1921 1490 1975 wiederzugeben, wie sie Empfindung und treibendes
471 1971 1488 2017 quellendes Leben in einem geworden, ohne zu deuteln
466 2007 1383 2052 und zu urteilen, zu verdammen und zu preisen.
543 2044 1491 2102 Als ob Schlaf Gerhart Hauptmanns Kunstschaffen
475 2090 1490 2138 charakterisieren wollte, hört sich sein Programm¬
465 2134 701 2191 wort an:
550 2153 1501 2230 „Kein kluges, kaltes Beobachten: mit seinem
469 2212 1499 2274 Empfinden aufgehen im Leben, es selbst werden.
483 2256 1494 2312 Farbe sein, Ton, Licht, eigener und fremder Schmerz,
482 2299 1488 2344 eigene und fremde Lust, jede Leidenschaft, wie sie in
478 2331 1504 2392 schlichter, natürlicher Kraft sich äußert.“ So ist Gerhart
471 2380 1099 2433 Hauptmanns Kunst geworden:
532 2401 1493 2475 „Ganz selbst und doch seiner selbst entledigt“, wie
474 2439 1496 2507 Friedrich Nietzsche das Pathos der antimoralischen
472 2498 1494 2544 Moral bezeichnet — das Pathos, das dem Viertel¬
476 2534 1387 2587 jahrhundert dieser Fünfziger das Gepräge gab.
544 2583 1486 2633 Hat ein anderer Führer des Naturalismus das
485 2623 1504 2670 Wort gesprochen: „Suljektivität ist Wahrheit“ (Carl
474 2654 1510 2718 Bleibtreu), so hat die Entwickelung der modernen
480 2715 1513 2750 Literatur das Wort umgemodelt, umgebreht: Wahrheit
479 2749 1509 2804 ist Subjektivität. Oder auch: Wahrheit ist Wirklichkeit.
482 2780 1515 2831 Keinen Finger breit von der Wirklichkeit abweichen,
471 2818 1514 2874 nichts schön färben, nichts heucheln, was die Sonne
481 2869 1524 2918 nicht sieht — und doch wahr bleiben, doch Kunst
475 2906 1516 2957 schaffen, das ist es, was uns der Naturalismus lehrte.
545 2947 1524 2997 Kunst ist nicht ein Idyll, wo gute Kinder mit ihren
476 2986 1504 3039 Gefühlen tändeln und schlechte die Gefühlchen miß¬
480 3036 1524 3081 achten; Kunst nicht ein Spiel hinter verwachsenen
479 3067 1525 3120 Hecken, wo Liebe schmollt und Stolz heuchelt und
813 3109 1516 3154 — Kunst ist leidenschaftliches Leben.
487 3107 814 3168 Hoheit markiert.
481 3157 1511 3221 Wie Gerhard Hauptmann sagt: Läuternde Erschütte¬
472 3200 607 3249 rung.
524 3236 1511 3288 Durch Friedrich Nietzsche haben es die Jungen ge¬
481 3272 1513 3323 lernt, daß Liebe kein träger, verspielter Paradies¬
486 3308 1520 3361 Zustand ist, kein Paradies, das böse Tanten und harte
484 3357 1484 3404 Mütter mit dem Schwert in Händen bewachen —
477 3403 1514 3453 sondern daß Liebe ein Kampf der Geschlechter und des
484 3437 791 3495 Geschlechts ist.
535 3471 1508 3527 Man kann ruhig sagen: Der Writte, der ahnen¬
478 3505 1511 3590 stolze Vater, die verbohrte Mutter — sie wurden aus¬
480 3552 1513 3625 geschaltet. Die zwei Menschen blieben, die miteinander
485 3597 1516 3649 zu kämpfen, fertig zu werden hatten... so oder so...
489 3647 1514 3692 lachend oder weinend . .. lebend oder tot. Die starke
484 3689 1505 3737 Andacht des Lebens ist an Stelle der matten, lenden¬
479 3723 1018 3800 lahmen Sehnsucht getreten.
540 3751 1505 3807 Gewiß, sie verliebten sich in das Leben. Hoffmanns¬
487 3780 1521 3858 thal sagt einmal von Peter Altenberg: „Er ist allzu
492 3835 1515 3895 verliebt in das schöne Leben“ und will damit die
488 3876 1508 3934 Ueberschätzung des Lebens, das sich in dieser Epoche
495 3926 1493 3978 breit macht, charakterisien. Aber Hoffmannsthal ist
486 3970 1430 4021 bereits über den Naturalismus hinausgewachsen.
539 4001 1511 4061 Die Naturalisten wußten von Nietzsches Definition
493 4045 1496 4095 der Liebe: Schätzung und Ueberschätzung von etwas,
490 4097 1502 4147 dessen Besitz man begehrt.. oder fühlten sie voraus.
542 4117 1510 4177 Das Allzuverliebtsem in das schöne Leben kenn¬
492 4167 1500 4210 zeichnet das Lebenswerk von Arthur Schnitzlers,
1591 295 2024 383 box 39/2
1474 550 2528 624 verarbeiten, ihn beleuchten. Die gewohnheitsmäßige
1483 617 2534 672 Gedankenlosigkeit schafft Unglück. Das sehen wir am
1496 649 2534 696 besten bei unseren Kindern. Wir nehmen sie hin. Wir
1495 698 2535 757 erziehen sie sozusagen. Wir wollen ihnen unsere
1507 725 2537 785 eigenen bösen Erfahrungen ersparen. Sie sollen die
1505 768 2529 824 Dummheiten, die wir machten, an denen wir litten,
1491 812 2534 880 lassen. Sie sollen da anfangen, wo wir aufgehört
1497 861 1633 917 haben.
1559 895 2531 946 Leben kann aber nicht angelernt werden. Jeder
1507 933 2531 988 muß seine Dummheiten machen. Dann erst kann
1510 977 2532 1031 er seine Klugheiten vollbringen. Man ist nicht Mensch,
1510 1031 2531 1068 man wird es erst. Wie jeder es wird, das ist seine
1500 1054 2522 1112 Kunst. Otto Ernst hat sein Lieblingskind: Asmus
1506 1093 2531 1149 Semper. Gewiß, es ist immer noch viel zu viel
1504 1144 2526 1193 Gemüt in dem Jungen. Viel zu viel „Instinkt“. Die
1501 1188 2541 1230 Moral des Kopfes, wie der große Friedrich sie nennt,
1506 1223 2537 1274 fehlt. Aber die kleinen Konflikte und die großen
1497 1271 2534 1317 Heiterkeiten der Kindesseele hat Otto Ernst gefunden
1507 1303 2535 1355 und aufgedeckt. Und was von Max Dreyers
1501 1353 2542 1398 Kunst bleiben wird — ist die Seele der Siebzehn¬
1497 1390 2536 1442 jährigen, oder besser die Seelen. Die Seelen mit
1506 1422 2534 1480 Frühlingsfieber im Blut. Die da lachen, wenn sie
1515 1476 2533 1518 weinen müssen. Die da weinen, wenn ihnen große
1506 1503 2533 1559 Freude begegnet. Die Halbkinder, die Liebe zu
1510 1550 2534 1606 Menschen macht. Die Schmetterlinge, die trunken
1507 1589 1992 1655 werden vom vielen Licht.
1558 1632 2531 1692 Ludwig Fulda ist einer von den Fünfzigern, der
1510 1680 2531 1730 am wenigsten ins „Programm“ hineinpaßt. Er stand
1501 1711 2534 1762 zuviel im Vordergrund der Gesellschaft. Man möchte
1512 1760 2531 1809 sagen: er hat zuviel Vereine geleitet. Er war immer
1509 1793 2531 1852 da. Er hat oft charaktervoll protestiert. Er hat viel
1503 1831 2535 1883 geschrieben. Er hat viel und sehr schöne Reden ge¬
1506 1876 2538 1929 halten. Eine große Persönlichkeit war er nicht, aber
1513 1910 2528 1969 eine vielseitige und gewinnende. Er hat auch den
1505 1953 2523 2011 „Dummkopf“ geschrieben, etwas, das sich wie die
1495 2001 2535 2070 Tragödie einer Zeit ausnahm. Allzutief gings ihm
1507 2035 2535 2092 nicht. Er hat mit Geist und Geschick alle Fragen auf¬
1511 2071 2530 2134 gefaßt, die in der Luft lagen. Aber er hat es immer
1521 2115 2539 2170 fast vergessen, daß die Luft mitgenommen werden muß
1566 2152 2538 2213 mit dem Problem. „Die Sklavin“ die moderne
1511 2182 2532 2252 Frau hat ihn inieressiert. Aber ihre Umgebung, ihre
1521 2244 2537 2290 Existenzbedingungen, ihre gewordene Art, ihre inneren
1515 2292 2321 2339 Keime hat er nicht mit der Wurzel gefaßt.
1571 2299 2539 2371 Diese Zeilen sollen keine Wertung sein. Sonst
1501 2359 2531 2416 müßte man konstatieren, wo die Dichter angefangen
1508 2403 2530 2456 haben und wo sie jetzt stehen. Gerhart Hauptmann
1513 2446 2537 2502 schreibt Romane für Tageszeitungen — Johannes
1960 2483 2537 2543 nein, diese Betrachtung sollte
1513 2489 1864 2544 Schlaf ist religiös
1502 2526 2535 2576 nur eine knappe Entwickelung dieser sechs Funfziger
1518 2571 2546 2630 geben. Möge das sechste Jahrzehnt tiefere und
1515 2610 1961 2682 stärkere Kunst gebären.
