3392 4320
713 287 779 332 *
1192 285 1285 347 h
1023 288 1126 350 B 1
707 319 795 354 34
235 291 1447 396 Soth and
338 727 1576 801 Und im Schnitzlerichen Einakter 2 Paracelluse stehen
237 798 517 870 die Worte:
481 855 1309 910 „Es fließen ineinander Traum und Wachen.
467 901 1322 964 Wahrheit und Lüge Sicherheit ist nirgends.
477 949 1336 997 Wir willen nichts vom andern, nichts von uns.
476 995 1259 1062 Wir lpielen immer; wer es weil, ilt klug.“
330 1063 1575 1125 Damit ilt der philolophilche Grundgedanke Schnitzlers
236 1129 1570 1191 ausgelprochen, das Leitmotiv leiner bedeutungsvolllten
228 1174 1576 1252 Dichtungen. Ihnen gefellt lich noch das Grauen vor dem
245 1237 1571 1298 Tode, als die letzte Steigerung unleres Gefühls der
226 1307 1569 1360 Lebensunlicherheit. Folgerichtig ilt ihm die Illulion wert¬
246 1344 1570 1426 voller als die Wahrheit, aber ihn und leine tragilchen
246 1406 1570 1472 Menichen zwingt das eingeborene Welen, den Sturz aus
242 1484 1569 1540 der Illulion zu erleben. Dieler Sturz erschüttert uns in
245 1523 1571 1613 dem leilen Drama „Die Gefährting, wo der Gatte
243 1585 1574 1663 nach dem Tode leiner Frau erkennt, daß lie einen
248 1653 1586 1716 anderen und nie ihn geliebt hat. Im Einfamen Wege
247 1715 1573 1780 kolten wir den herben Lebensreit hoffnungsloler Menichen
324 1758 1574 1837 und das in einer Spätherbitltimmung, die unvergeßlich
1392 3862 1469 3955 910
1598 271 2055 365 box 39/2
1577 728 2909 782 ist. Im „Schleier der Beatricex, Schnitzlers farben¬
1585 774 2919 849 schönlter Dichtung, erfahren wir in wechleinden Ekitafen,
1576 837 2911 898 wie das Leben uns lebt, nicht wir das Leben. Die wach¬
1574 890 2915 957 träumende Beatrice ilt ein Spielball ihrer Lebensgier und
1589 961 2916 1020 Todesfurcht, und die Schritte, mit denen lie ins Leben
1597 1018 2919 1082 stürzt, führen lie zum Sterben. Im „Großen Wurstele
1586 1066 2905 1136 wird das Problem „Spiel oder Wirklichkeite falt pro¬
1596 1126 2925 1207 grammatisch aufgerollt. In den „Lebendigen Stundene
1601 1200 2916 1259 endlich deutet der Dichter, daß ein Leben nicht länger
1587 1266 2919 1313 leine Spur behalte, als die Erinnerung des letzten, der
1593 1326 2915 1378 mitlebte, währt. Der Künitler allein kann die Augen¬
1597 1352 2928 1439 blicke gelteigerten Daleins zur Dauer retten. Aber was
1592 1437 2915 1493 hat er lelblt davon? „Nachwelt gibt's nur für die Leben¬
1588 1477 2929 1544 digen. Was habe iche — lagt ein Sterbender — amit
1590 1535 2938 1621 denen zu schaffen, die miorgen noch auf der Welt lein
1597 1611 1847 1681 werden 7e
1683 1648 2921 1741 In der Fülle seiner Schaffenskraft mag Arthur Schnitzler
1596 1717 2930 1787 heute den Nachruhm vorausempfinden, der, wenn er
1600 1790 2925 1858 gereift ist, für keinen, der Iterben mußte, Sinn und Ge¬
1598 1830 2927 1899 winn bieten kann. Ein Kronenträger (im „Schleier der
1588 1886 2936 1951 Beatriceg) gelteht, daß alle weltliche Macht nur Vergäng¬
1601 1951 2932 2019 liches erringt, und daß, alle Taten in Gleichgültigkeit ver¬
1598 2022 2931 2085 linken. Filippo, der Dichter, aber werde bei den Nach¬
1597 2065 2936 2145 geborenen unfer Lächeln und unfere Tränen erwecken:
1837 2128 2569 2193 „Denn dieler war ein Bote, ausgelandt,
1835 2171 2602 2236 Dat Grüllen einer hingelchwundnen Welt
1828 2225 2482 2298 Lebendig jeder neuen zu bestellen
1827 2273 2505 2346 Und hinzuwandeln über allem Tod.“
1600 2303 2966 2386 ICNIGIICDIISIICGTI
1624 2385 2803 2495 Theatercafé  von Leopold Schmidl
1697 2454 2936 2549 Ein Theatercafé ist felten ein Lokal, das neben oder
1599 2553 2937 2608 in der Nähe eines Theaters liegt, und das Geheimnis,
1603 2600 2948 2660 wodurch in der Großitadt ein Café zum Theatercafé
1613 2646 2946 2738 wird, ilt noch nicht ergründet. „Theaterleute - Caféc ist
1608 2709 2934 2784 zutreffender, weil nämlich alle Leute hier zu treffen lind,
1614 2767 2944 2853 die mit dem Theater und leinen Leuten Beziehungen
1614 2825 2939 2913 haben. Solcher Leute gibt es mehr, als zu einer gewillen¬
1621 2887 2933 2972 haften Charakteriltik eines Theatercafés notwendig lind.
1604 2943 2947 3022 Da ist die würdige Dame aus Neukölln, die eigentlich
1609 3005 2944 3096 bloß aus Pietät hierher kommt und mit der Ablicht, die
1613 3065 2944 3141 maßgebenden Perlönlichkeiten kennen zu lernen, die ihre
1622 3117 2945 3197 Tochter fördern könnten. Die Tochter selblt ilt nicht da;
1620 3193 2940 3259 aber leit einem Jahre willen lämtliche „Oberg und jeder
1616 3247 2945 3316 Gast, der das Unglück hat, neben der Dame Platz nehmen
1623 3319 1888 3390 zu müllen:
1710 3365 2760 3439 MMein Töchterchen ist ooch bei die Bühne.
1701 3408 2946 3487 Das Töchterchen litzt inzwilchen in Bochum bei Herne,
1620 3503 2949 3551 weil kein Berliner oder Wiener Agent mehr Luft hat, lich
1620 3539 2939 3618 für das kelle Neuköllner Mädl unnötig zu Strapazieren.
1614 3594 2954 3682 Sie bleibt ja doch nicht länger als acht Wochen im
1610 3652 2951 3729 Engagement, und die Mutter ilt vollkommen überzeugt,
1616 3714 2948 3792 daß nur die Intriguen ihrer Kolleginnen an dem Unglücke
1613 3786 2290 3858 ihrer Tochter schuld tragen.
1718 3854 2944 3906 Dann ilt eine hüblche Anzahl von Leuten da, die
1617 3882 2943 3971 gleichfalls Beziehungen zum Theater haben. Keine künlt¬
1624 3947 2958 4034 lerilchen und keine geschäftlichen, aber weibliche, und die
1632 4018 2948 4112 Dame aus Neukölln kann lich nicht genug darüber ent¬
1625 4066 2960 4150 relten, daß der Kunitlinn dieler Herren lo unbeltändig ist.
1616 4119 2957 4186 la liebe Frau, Theatermutter werden, ist nicht ichwer,
