3392 4384
279 307 2096 411 5oth and 55th Birthday box 3972
765 1476 3108 1560 Anfang an eine gewisse Atmosphäre von Vertrauen, die auch in der Literatur beibehalten? Autoren sind oft nur
181 1485 720 1573 spricht nicht über Men¬
1923 1517 2164 1599 Patienten.
763 1515 1934 1592 sich jedem mitteilt, der in seine Nähe tritt. Selbst¬
175 1529 707 1601 un seinen Geist glänzen
764 1559 1935 1643 beherrschung, die ihn auch als Künstler adelt, ist seine
2009 1568 3104 1638 Es ist beliebt, auch eine andere Eigentümlichkeit des
162 1570 708 1644 Menschenkenntnis zu para¬
768 1612 1927 1700 hervortretendste Eigenschaft. Aus ihr und einer gewissen
1916 1621 3098 1696 Schnitzlerschen Wesens, jenes innige Vertrautsein mit dem
186 1623 709 1712 , weil es ihn interessiert,
765 1665 1923 1724 inneren Gutmütigkeit ergibt sich seine besondere Art von
153 1670 705 1749 deres interessiert, und er
1927 1677 3092 1740 Tode, der in allen seinen Werken einen Platz für sich in
754 1712 1922 1769 Vornehmheit, die sich niemals kalt abschließt, aber ihre
171 1719 720 1796 ftlich ernst und doch mit
1929 1723 3105 1790 Anspruch nimmt, mit dem früheren ärztlichen Beruf in
767 1766 1920 1821 Abgeschlossenheit auch in der Wärme behauptet. Seine
166 1766 712 1847 rkeit. Diese Methode be¬
1917 1758 3090 1845 Verbindung zu bringen. Jedoch ist anzunehmen, daß
762 1821 1924 1882 Maxime im Verkehr mit Menschen ist die Aufrichtigkeit,
1931 1817 3104 1883 Schnitzler, auch wenn er in seiner Jugend Ingenieur oder
166 1815 700 1882 nur daß ihm dann seine
764 1860 1920 1922 aber es ist die gedämpfte Aufrichtigkeit des Arztes, der,
160 1861 711 1933 mehr kombinatorisch als
1927 1865 3083 1920 Schullehrer gewesen wäre, in vielen Augenblicken seines
757 1897 1925 1963 was er zu sagen hat, auf eine schonende Art mitteilt.
168 1905 713 1972 bindet und Schicksale ver¬
1921 1903 3080 1963 Lebens an den Tod hätte denken müssen. Die Melan¬
762 1955 1924 2014 Schnitzler lügt nie (von wie wenigen Menschen kann man
161 1960 694 2022 ng ist Menschenkenntnis,
1920 1944 3088 2023 cholie ist die Krankheit der großen Männer, sagt ein altes
774 2001 1924 2060 das sagen!) und er weiß die Wahrheit fast immer in eine
165 1996 696 2071 innis seines Dialogs, der
1928 1994 3098 2086 Wort, und Hypochonder gibt es auch unter den Juristen,
762 2042 1927 2111 angenehme Form zu bringen. Ich erinnere mich in diesem
164 2050 687 2121 sihmt, in seinem eigent¬
1922 2057 3092 2106 nicht nur unter den Medizinern. Schnitzlers Grübeleien
763 2094 1911 2149 Zusammenhang eines kleinen, persönlich erlebten Zuges.
164 2088 697 2171 ird. Denn nicht die An¬
1922 2106 3078 2170 über den Tod sind nur ein Korrelat seiner Lebenslust,
779 2139 1914 2197 Es war bei der Generalprobe eines neuen Stückes von
182 2155 692 2212 auch der für Schnitzler
1924 2154 3083 2202 ein notwendiges, das sein Talent vor Leichtfertigkeit be¬
764 2169 1928 2247 Max Burckhard. Das Stück war schlecht, das wußten wir
190 2195 695 2261 eine seltene Wortkultur
1927 2200 3088 2267 hütet hat. In Wahrheit neigt seine Natur, trotz aller
765 2234 1915 2294 alle, die wir zuhörten, die Schauspieler wußten es, der
191 2236 698 2312 aus, sondern die tiefe
1928 2241 3089 2320 Grübelsucht und Selbstquälerei, eher zur Heiterkeit, das
771 2284 1915 2345 Direkior, vermutlich auch der allverehrte Antor selbst.
165 2278 699 2360 die liebenswürdigste Art
1930 2300 3100 2360 fühlt jeder, der ihn einmal lachen gesehen hat. Er lacht
776 2334 1917 2392 Nichtsdestoweniger wendete er sich nach dem letzten Akt,
157 2345 679 2411 t, in der ihm eigentüm¬
1932 2342 3079 2415 wie ein Kind, bezaubert und bezaubernd, herzhaft und
762 2370 1924 2436 der, wie es schon bei schlechten Stücken zu gehen pflegt,
159 2376 689 2466 kes, einen besseren Dialog
1929 2372 3091 2462 herzerquickend. Und auch in seinen Werken nimmt dieses
759 2437 1915 2491 der schlechteste war, an den neben ihm sitzenden Schnitzler,
162 2428 689 2505 Autor, weil er diese seine
1916 2438 3087 2508 Lachen, das zu seiner Natur gehört, immer mehr Platz
750 2486 1923 2532 der in ruhiger Haltung höflich zugehört hatte. „Wie ge¬
174 2474 681 2547 von ihnen weiß als
1930 2495 3080 2559 ein. Je mehr er sich über die Sphäre der Leidenschaft er¬
755 2512 1914 2586 fällt Ihnen der Akt?“ fragte Burckhard etwas ängstlich;
184 2520 679 2590 seine besondere Kunst,
1921 2536 3097 2595 hebt und zu einer freien Betrachtung aufsteigt, desto
764 2572 1911 2635 und Schnitzler, nach einer ganz kleinen Pause, sehr freund¬
164 2574 686 2650 ität ausgebildet hat, das
1915 2577 3085 2655 heitecer wid sein literarischer Gesichtsausdruck. Wer weiß,
768 2610 1919 2672 lich, sehr artig: „Er hat mich nicht überzeugt.“
201 2619 679 2696 das Gespräch einzu¬
1910 2633 3089 2706 vielleicht schenkt er der deutschen Bühne schließlich doch
766 2661 1913 2728 Ein anderer hätte vielleicht gesagt: „Sehr hübsch!“,
163 2655 682 2745 kenntnis, auf den ein¬
1920 2677 3093 2745 noch das Lustspiel, das viele seiner Freunde und Ver¬
886 2688 1920 2770 es hätte wie eine Beleidigung geklungen,
752 2707 885 2782 und
169 2723 680 2797 einheit angewandt, das
1926 2721 3090 2792 ehrer von ihm erwarten. Seine tiefe Menschenkenntnis,
748 2745 1918 2821 ein zweiter: „Interessant!“ und man hätte ihm die Lüge
1916 2777 3087 2835 ein virtuoses Charakterisierungsvermögen, Güle, Ver¬
763 2805 1904 2870 vom Gesicht abgelesen; ein dritter hätte grob: „Gar nicht!“
1916 2817 3078 2889 stand und das Produkt dieser beiden: Humor — über
161 2815 672 2888 ller Erfahrung und aller
757 2843 1910 2923 gesagt, und viele, die der Hofrat allerdings nicht fragte,
1913 2865 3081 2940 all das verfügt er in einem Maße, wie heute kein anderer
170 2880 686 2941 Dichten nie leicht gemacht
746 2893 1916 2965 hätten mit einer coulanten Verbeugung erwidert: „Ausge¬
1916 2919 3084 2976 in Deutschland, und er hat diese seine Fähigkeiten auch
180 2929 674 2992 er ist, wenn er nicht
751 2944 1910 3008 zeichnet, Herr Hofrat!“ Schnitzler neigte den Kopf und
1929 2954 3082 3041 schon wiederholt in heiteren Dialogen und kürzeren Stücken
170 2970 675 3050 Mensch lernt Menschen
746 2987 1916 3054 sagte: „Er hat mich nicht überzeugt.“ Das war die volle
1921 3029 3077 3091 spielen lassen. Daß er noch kein größeres geschrieben hat,
160 3025 671 3095 d es. Schnitzlers reifes
748 3050 1915 3105 Wahrheit, auf die liebenswürdigste Form gebracht. Wozu
1913 3057 3080 3136 würde nichts beweisen, denn das Lustspieltaient reift auch
160 3063 674 3142 hinen Schriften anspricht,
751 3096 1910 3151 verletzen? So antwortet ja auch der Arzt, wenn er es mit
1917 3111 3073 3170 bei den Berufenen spät und entwickelt sich langsam. Artur
163 3114 670 3188 haftig entgegen; wir
755 3130 1916 3206 einem unheilbaren Kranken zu tun hat, auf seine besorgte
1921 3160 3085 3241 Schnitzler, der Fünszigjährige, wäre gerade jung genug,
162 3164 667 3234 it Künstlern nicht all¬
759 3181 1909 3245 Frage nicht direkt mit einem Todesurteil, sondern er
1920 3202 2758 3293 um mit dem Lustspiel Ernst zu machen.
191 3214 676 3281 Leben und Kunst sich
749 3235 1911 3295 sagt: „Sie sind recht krank!“ oder: „Sie müssen sich
168 3257 689 3350 ehen. Das erzeugt von
2386 3256 3052 3355 Raoul Auernbeimer.
737 3264 1925 3362 schenen!“... Warum sollte man diese milden Sitten nicht
