3344 4384
1962 172 2355 273 ——
1617 255 2063 356 box 39/2
235 255 1456 356 5oth and 55th Birthdar
1403 837 1531 989 7
1222 1047 1755 1133 Arthur Schnitzler
1348 1114 1575 1161 KLmer.=
1253 1150 1744 1230 von Felix Salten
754 1281 2243 1361 □n diesen Tagen der Erinnerung habe ich manches Buch von Schnitzler
832 1375 2259 1427 wieder gelesen; manche von den Rovellen, die mir lieb sind, einige von
713 1414 2250 1482 O den dramatischen Dialogen, darin so viel sorgsame Arbeit wie sorglose
712 1493 2252 1551 Anmut sich ausnimmt. Dann, auf einsamen Spaziergängen im jungen
719 1550 2249 1609 Frühling der Wiener Landschaft sprachen diese Bücher in mir weiter, und
722 1608 2252 1672 es ward mir jetzt erst bewußt, daß ich beim Lesen beständig eine Stimme
711 1682 2252 1736 gehört hatte. Als seien die Worte, die Sätze, die Schilderungen, Vorgänge
720 1719 2254 1788 und Gespräche nicht auf dem Wege der Buchstaben zu mir gekommen,
723 1786 2239 1859 sondern auf dem Klingen einer edlen, in ihrer Kraft und in ihrem Emp¬
724 1845 1320 1921 finden verhaltenen Stimme.
774 1900 2247 1962 Das rührt gewiß nicht davon her, daß ich den Dichter kenne, der all
719 1958 2249 2031 diese Bücher gemacht hat; denn viele Menschen, die Bücher schreiben, sind
725 2031 2246 2093 mir persönlich bekannt, sind mir im Leben manchmal nahe und durch langen
718 2100 2246 2157 Umgang vertraut. Aber bei vielen, wenn ich ihre Bücher lese, ist es mir
722 2160 2248 2230 gar nicht gegenwärtig, wie sie sprechen, oder ich höre eine fremde Stimme,
727 2234 2249 2290 oder eine Stimme, die verstellt ist, oder eine, die mit angenommenem Ton¬
723 2261 2244 2346 fall zu deklamieren scheint, oder ich höre das Echo anderer, mächtiger Stim¬
728 2323 2258 2395 men hereindringen und sich einmengen. Manchmal höre ich auch nur meine
718 2392 2249 2457 eigene Stimme flüsternd in mir die gelesenen Worte aufheben und in mein
723 2451 2257 2522 Bewußtsein tragen. Oder ich höre gar nichts; sondern sehe nur Lettern,
732 2511 1912 2576 Satzbilder, schwarze Reihen von Zeilen, Blatt für Blatt.
772 2575 2270 2643 Unmeßbare Dinge, die wir nur fühlen, nur von ferne ahnen können, die
713 2641 1992 2708 aber doch mit vollkommener Schärfe und Genauigkeit wirken.
784 2685 2257 2762 Von den Schreibenden sind etliche in ihrem dichterischen Vermögen nicht
725 2748 2263 2827 eben bedeutend. Aber sie haben diesen feinen stimmlichen Klang, haben
725 2823 2257 2890 dieses könende Atmen der Seele, und man neigt sich ihnen zu, man begegnet
718 2863 2256 2949 ihnen mit Schonung. Irgendwie werden sie von der menschlichen Kraft ihres
733 2931 2265 3010 Wesens, das aus ihren wenig kraftvollen Werken mit wortloser Beredsamkeit
728 2997 2262 3073 hervorklingt, gehoben und getragen. Gibt es dagegen nicht auch solche Dichter,
724 3053 2254 3147 die wir als groß ansprechen, die uns zu lauter Bewunderung, zu augenblick¬
728 3112 2249 3197 lichem Entzücken, die uns zu allem zwingen können, nur nicht zur Liebe?
722 3175 2258 3254 Irgendwie fehlt in ihren Werken die sanfte, eindringliche Stimme eines
728 3235 2253 3312 Menschen, der unser Zutrauen weckt, der zart an unsere Zärtlichkeit rührt.
735 3304 2267 3388 Irgendwie haucht da eine Kälte zu uns her, ein Fremdsein, und es ist in
735 3376 2254 3448 all ihren beredsamen, sinnvollen, prangenden Worten ein tiefes Schweigen.
782 3413 2263 3516 In der starken, kulturfeinen, reizvoll aromatischen Kunst Arthur Schnitz¬
731 3476 2276 3559 lers aber hört man immer den Vollklang einer schönen Menschlichkeit. Aus
1959 3576 2107 3669 639
