3344 4384
1610 207 2052 297 box 39/2
235 194 1478 312 Sothand 55t1 Birthdar
2868 695 3196 786 Georg v. Skal
1337 705 2300 779 Er hat in den Massen das Bewußtsein geweckt, daß
500 761 2289 810 Der Kampf um die Delegaten zum republi= die Gerichte, die die Verfassung auslegen und dar¬
416 795 2283 859 kanischen Parteitage ist in diesem Jahre fast hef= über entscheiden, ob neue Gesetze mit ihr im Ein¬
2299 825 3218 915 Der Kaiser und die Elsaß=Lothringer
412 849 2289 902 tiger, als unter gewöhnlichen Umständen eine klang stehen, sich zu sehr an den Buchstaben halten
413 890 2292 931 Präsidentenwahl. Seit einigen Monaten zieht und der neuen Entwicklung keine Rechnung tra¬
2368 898 3211 954 *Der Kaiser weilt seit gestern im Elsaß, um
1365 940 2291 1001 gen. Seine Haltung ist durchaus revolutio¬
402 935 1353 994 Roosevelt durch das Land und setzt den Leuten
3220 939 3319 989 übe
2301 946 3212 1005 wie in jedem Jahre, der Hohkönigsburg einen
415 982 1347 1041 auseinander, weshalb Präsident Taft nicht wieder
3219 981 3319 1029 Ber
1357 983 2286 1027 när, obgleich ihm selbst das wohl kaum zum
2290 1003 3212 1055 Besuch abzustatten. Diesen Anlaß benützt der
412 1027 1350 1075 als Kandidat aufgestellt werden sollte. Der wohl¬
1350 1020 2293 1066 Bewußtsein kommt. Er erkennt die tiefgehende
2305 1036 3211 1105 Pariser „Matin“, um sich ein Märchen über die
1353 1064 2284 1113 Unzufriedenheit der Massen und macht sie sich zu¬
404 1069 1336 1128 beleibte und gemütliche Präsident mit dem herz¬
2300 1093 3229 1145 Stellung des Kaisers zu den Elsaß=Lothringern!
1350 1113 2291 1175 nutze, indem er ihnen erzählt, daß alle seine Geg¬
411 1108 1347 1171 gewinnenden Lächeln ließ sich das ruhig gefallen,
2293 1129 3214 1190 aus Straßburg melden zu lassen. Am Montag
1364 1159 2288 1206 ner, die für die Beibehaltung der vorhandenen po¬
405 1147 1351 1216 bis Roosevelt einen Staat nach dem anderen
2299 1168 3221 1228 vormittag hat der Kaiser bei Staatssekretär
1362 1199 2290 1250 litischen Einrichtungen wirken, Reaktionäre,
410 1199 1350 1257 eroberte und es klar wurde, daß etwas getan wer¬
2301 1223 3220 1276 Zorn v. Bulach in Straßburg das Frühstück
1364 1234 2287 1294 Freunde der Trusts und Feinde des Volkes seien.
404 1238 1343 1296 den müsse, wenn der Rauhreiter nicht ohne große
2302 1261 3218 1315 eingenommen. Dabei soll sich, wie der Matin
1353 1285 2281 1342 Die Gefahr für das Land besteht aber nicht in der
403 1283 1349 1350 Mühe die Kandidatur erhalten sollte. Tafts
3217 1295 3274 1345 li
2296 1309 3210 1360 „aus bester Quelle“ erfahren haben will, die Un¬
1350 1323 2283 1383 Persönlichkeit Roosevelts, der unzweifelhaft wie¬
3221 1337 3322 1390 und
409 1326 1343 1389 Freunde drängten ihn, sich die Angriffe nicht
2298 1347 3220 1396 terhaltung auch auf die zahlreichen Zwischenfälle
1354 1373 2278 1434 der ganz konservativ werden würde, wenn er noch
406 1376 1349 1431 länger gefallen zu lassen, und so verkündeten die
2292 1389 3223 1450 im elfaßelothringischen Landtag seit Einführung
1349 1416 2281 1482 einmal zum Präsidenten gewählt werden sollte,
415 1421 1336 1476 Zeitungen, der Präsident werde nach Massa¬
2300 1437 3216 1483 der Verfassung bezogen hahen. Dies habe den
1366 1460 2189 1519 sondern in den Lehren, die er ausstreut.
402 1465 1348 1528 chusetts reisen, wo am 30. April die Vorwahlen
2298 1484 3180 1547 Kaiser zu folgenden Bemerkungen veranlaßt:
412 1508 1360 1567 stattfinden, und dort seinen einstigen Freund und
1398 1510 2290 1574 Es kann für das amerikanische Volk gewiß nur
2369 1527 3217 1576 Wenn das so weiter fortgeht, schlage ich die
415 1548 1339 1611 jetzigen Gegner derart vermöbeln, daß dieser kein
1349 1559 2298 1620 vorteilhaft sein, wenn es endlich aufhört, die 125
2337 1574 3190 1630 ganze Verfassung von Elsaß=Lothringen in
414 1590 1080 1661 Wort mehr zu sagen wagen würde.
1350 1604 2290 1655 Jahre alte Verfassung als ein Heiligtum zu be¬
2326 1607 3216 1660 Scherben. Bis jetzt kennen sie mich nur von
3212 1612 3320 1664 sein
453 1629 2300 1705 Wir genießen also jetzt wirklich das erhebende  trachten, an dem bei Todesstrafe nicht gerührt!
3217 1651 3311 1696 die
2324 1644 3228 1702 meiner guten Seite, man kann mich aber auch
2291 1746 3220 1799 wollen, aber, er bewunderte und beneidete alle
1368 1746 2287 1797 ich den damals erschienenen „Schleier der
3212 1747 3310 1798 Beg
437 1756 1334 1842 Perfönliches über Artur Schnitzler
1361 1787 2287 1834 Beatrice“ bewundernd las und besonders
2301 1778 3215 1852 starken schönen Menschen, die nicht von des Ge¬
1370 1828 2286 1872 schöne Stellen angestrichen hatte, nahm er mir den
2292 1826 3213 1883 dankens Blässe angekränkelt, nicht die tausend
607 1813 1161 1903 Zu seinem 50. Geburtstage
3218 1867 3324 1920 Her
2289 1862 3220 1918 Stimmungen und Zweifel des Schaffenden kennen.
1358 1864 2286 1911 Band aus der Hand und blätterte in ihm. Da
675 1877 1114 1954 Von Hermine Hauel
2327 1908 3216 1954 Mittelgroß, eher zur Fülle neigend, mit einem
1368 1908 2297 1954 lächelte er zustimmend und fortan plauderten wir
3221 1907 3320 1962 In
3226 1947 3323 1997 und
2295 1946 3216 1997 etwas weichen Gesicht, gütigen Augen und nach¬
1355 1950 2286 1997 über seine Arbeiten, wie es ihm und mir beliebte.
454 1917 1341 2008 * Ich lernte Schnitzler in Ischl kennen, wo er
3225 1983 3326 2034 durch
2297 1983 3216 2046 denklich liebenswürdigem Lächeln leicht feminin,
1401 1987 2290 2046 Die Familie Schnitzler ist eine Aerztedynastie.
409 1978 1342 2034 früher gern den Sommer verbrachte, er war da¬
3220 2026 3324 2074 kann
1365 2026 2286 2084 Der Vater war eine bekannte Kapazität, der ältere
2291 2016 3217 2085 ist Schnitzler durch und durch Wiener und in
403 2031 1351 2099 mals 35 Jahre alt und hatte sich vor allem durch
3224 2061 3326 2111 der
1357 2076 2290 2120 Sohn zählt zu den berühmtesten Chirurgen Wiens,
2305 2054 3221 2115 seinen Lebensgewohnheiten der etwas verwöhnte
411 2070 1347 2127 „Anatol“ und „Liebelei“ einen Namen ge¬
1363 2108 2296 2166 die einzige Schwester vermählte sich mit einem
2293 2102 3227 2166 Mann aus gutem Haus. Nux in Wien fühlt er
3223 2102 3327 2174 fühl
409 2099 1340 2162 macht. Die Frauen interessierten sich sehr für
2300 2145 3219 2211 sich dauernd heimisch, wenn er auch gern in Berlin
1362 2134 2288 2189 Arzt. Auch Artur Schnitzler wählte die medi¬
408 2139 1342 2201 den Schilberer der eleganten Liaisons, den Schöp¬
1357 2181 2280 2240 zinische Laufbabn, doch ist er wohl immer mehr
2291 2182 3227 2236 weilt, wo er vielfache interessante Beziehungen
417 2186 1340 2236 fer des Süßen Mädels, sie meinten, er sei ein
2292 2222 3233 2284 hat und in dem auregenden Kreise seines Ver¬
1353 2220 2291 2263 Künstler gewesen, und das viele Traurige, Häß¬
409 2227 1347 2274 Verführer und Lebemann voll geheimnissüßer
1366 2263 2290 2307 liche und Krankhafte, das er kennen lernte, hat
2289 2268 3225 2314 legers „Fischer“ verkehrt. Oesterreicher und
411 2261 1349 2314 Erlebnisse. Ich glaube nicht, daß er jemals zu
1367 2304 2285 2345 ihn bedrückt. Er sagte, der Einblick in mensch¬
2289 2284 3239 2360 Jude, von jener seinen, alten Kultur, wie man sie
409 2312 1355 2369 den Genießenden und Eroberernaturen zählte. Ihm
1353 2342 2291 2383 liches Elend habe ihm viel Lebensfreude geraubt
2300 2331 3231 2400 unter Oesterreichs Juden zuweilen findet, ist er
415 2339 1353 2391 fehlte die Naivität und kritiklose Unbefangenheit,
1362 2374 2291 2422 und er müsse nun bei allen Leuten etwas Krankes
2296 2374 3232 2430 vielleicht gerade seiner Abstammung wegen dop¬
416 2389 1349 2429 er war stets ein Denker, ein Grübler, satirischer
1354 2417 2290 2470 suchen; anderseits hat gewiß sein Arztberuf seinen
2290 2417 3228 2465 pelt empfindsam und zurückhaltend, mit Unrecht
402 2423 1353 2469 Melancholiker, und das Leben hat ihm gewiß mehr
2284 2458 3217 2529 wurde ihm seine Exklusivität manchmal für Hoch¬
1363 2455 2287 2513 Blick für die Tiefen geschärft. An seine Künstler¬
416 2470 1350 2526 wehmütig erkenntnisreiche, als übermütig frohe
2304 2498 2608 2562 mut ausgelegt.
1363 2504 2284 2550 mission glaubend, hat er schon vor dem Erfolg die
410 2494 807 2558 Stunden gebracht.
2338 2515 3212 2588 Als „Leutnant Gustl“ unliebsames Auf¬
1354 2540 2287 2579 Karriere vernachlässigt, nur einige Privatgratis¬
453 2546 1340 2592 Damals glaubte er nicht an die weibliche Treue
1362 2579 2291 2627 patienten behandelt und sich der Dichtkunst hinge¬
2288 2567 3215 2637 sehen erregte und im „Freiwild“ das Duell
407 2583 1355 2636 und Verläßlichkeit, er war sehr mißtrauischer Na¬
3227 2582 3330 2638 graß
1352 2619 1516 2680 geben.
2297 2612 3216 2670 der Offiziere getadelt wurde, da hat man dem
407 2623 1347 2674 tur und sah vor allem in der Frau das verant¬
3217 2624 3313 2684 die
2718 2657 2758 2689 97
2300 2659 3214 2703 Dichter, der nur ein Problem künstlerisch ohne
1402 2634 2286 2705 Nebea seiner täglichen, angestrengten, schrift¬
417 2664 1360 2711 wortungslose Triebwesen, das jedem Impulse der
2294 2699 3213 2753 Tendenz gestalten wollte, mit Unrecht vorgewor¬
1357 2693 2288 2749 stellerischen Arbeit bildet er sich weiter, liest viel
410 2705 1353 2754 unruhigen Sinne und der schweifenden Phantasie
3219 2702 3334 2770 deln
2303 2731 3217 2785 fen, er sei antimilitärisch gesinnt. Dieses Urteil
1357 2738 2291 2783 und lernt immer wieder an Goethe, Keller und
413 2746 1345 2797 gehorcht. Auch schilderte er mehr das Weibchen
3223 2756 3319 2813 der
2301 2778 3217 2820 hat ihn gekränkt weil er stets eine starke Sym¬
1370 2773 2286 2829 anderen Meistern des Stils. Mit Vorliebe be¬
418 2773 1346 2831 als das Weib und er mag wohl gerade bei einem
3217 2790 3324 2856 gera
1360 2807 2294 2865 trieb er damals in der Jahrhundertwende histo¬
2289 2817 3213 2858 pathie für die frische, unmittelbare Art des Sol¬
418 2816 1354 2873 Teil der Wienerinnen mit ihrem südländischen
3218 2845 3326 2899 grau
2294 2857 3215 2910 datenstandes gehegt und mit Vorliebe des eigenen
1362 2854 2285 2906 rische Studien, vertiefte sich in die Zeit der italie¬
418 2862 1349 2909 Temperament recht haben. Als wahren, uneigen¬
3219 2889 3323 2949 aufzs
2293 2898 3210 2938 Militärjahres gedachte. Die teils dummen Ur¬
1370 2893 2289 2954 nischen Renaissance, als er den „Schleier der
411 2904 1355 2950 nützigen Liebesbeweis der Hingabe ließ er eigent¬
3222 2932 3322 2980 ein
1360 2936 2291 2978 Beatrice“ schuf, und plante an einem großen ge¬
2287 2934 3214 2993 teile über seinen vielumstrittenen „Reigen“, die
420 2945 1356 3001 lich nur das Kind gelten und die freiwillige Dul¬
3227 2972 3325 3033 Bast
1358 2971 2284 3037 schichtlichen Werke, vielleicht unbewußt, schon an
2292 2972 3218 3028 erotischen Skizzen, waren ihm auch unlieb — aur
416 2981 1063 3031 derschaft der unehelichen Mutter.
1356 3011 2280 3067 dem „Jungen Medardus“ der im Jahre
2293 3016 3217 3080 dem Drängen seiner Freunde war er gefolgt, als
455 3016 1354 3065 Er rühmte die Herzlichkeit und Wärme des Wie¬
3212 3018 3327 3075 gleich
1361 3051 2288 3091 1910 das Burgtheater, das die „Beatrice“ abge¬
2290 3054 3211 3098 er das in kleiner numerierter Zahl erschienene
421 3061 1347 3112 ner Vorstadtmädels, solch schlichter Naturen, wie
3213 3066 3323 3117 gen
1365 3088 2293 3150 lehnt, erobern sollte. Er wollte nicht nur als der
2288 3094 3212 3151 Bändchen, der Oeffentlichkeit übergab; ich be¬
412 3099 1356 3150 er sie in der „Liebelei“ geschildert, und war auf
3215 3107 3324 3165 habe
1365 3136 2291 3183 Dichter der Liebe und des Süßen Mädels gelten,
2289 3127 3218 3184 sitze noch ein solches Widmungsexemplar dieser
415 3137 1353 3201 die halbgebildeten Frauen der Gesellschaft schlecht
3224 3146 3324 3203 einsch
1365 3166 2287 3220 und, vierzig Jahre alt, sagie er: „Ich fühle meine
2290 3174 3216 3225 Skizzen, die gewiß nicht freier sind, als eine große
417 3173 1353 3224 zu sprechen. Eher schüchtern und zurückhaltend,
3222 3192 3320 3249 Hüg
1357 3206 2286 3265 beste Zeit vor mir, ich wage mich jetzt auf weites,
2288 3212 3219 3280 Zahl gern gelesener, französischer Arbeiten dieser
413 3218 1349 3278 fast ungesellig und durchaus nicht Salonheld, gab
3217 3238 3337 3289 wen
2296 3238 2396 3302 Art.
1357 3236 2286 3294 historisches Gebiet!“ Der in der französischen
413 3260 1354 3312 er sich im Gespräch nicht unbefangen hin, sondern
3212 3280 3322 3335 verh
1358 3281 2292 3343 Revolution spielende Einakter „Der grüne
2332 3268 3212 3336 Ein echter Wiener ist Schnitzler auch in seiner
412 3293 1356 3347 beobachtete sich selbst und andere. Wie Lenbach
3224 3322 3322 3376 mit
1361 3331 2277 3378 Kakadu“ gehört zu seinen Lieblingsschöpfungen,
2291 3318 3212 3381 Begabung für Musik. Er hat als Junggeselle
423 3343 1344 3389 während einer Unterhaltung ausrufen konnte:
3222 3367 3325 3414 Gürt
1356 3368 2282 3419 ein genialer Einfall, in drei Tagen beinahe ohne
2290 3374 3219 3429 viele Jahre auf derselben Etage mit seiner Mut¬
420 3363 1346 3427 „Bleiben Sie still, da die Linie will ich festhalten,
1357 3406 2288 3468 Korrektur vollendet — wie schade, daß er so selten
3217 3408 3326 3464 Geli
2300 3410 3214 3468 ter eine behagliche Garconwohnung innegehabt
415 3418 1353 3464 diesen Lichtreflex!“ so sucht der Dichter in den
1369 3454 2033 3505 mehr auf dem Spielplan erscheint!
2300 3452 3212 3503 und jeden Tag mit der von ihm verehrten, alten
876 3454 1352 3521 was der Maler in der
3220 3454 3323 3505 verb
412 3456 864 3511 Zügen des Charakters
1404 3493 2281 3539 Schnitzler wäre kein Künstler, kein Sehnsüch¬
2288 3482 3202 3546 Dame vierhändig musiziert. In Konzerten ist er
3215 3497 3334 3549 leben
411 3492 904 3556 äußeren Form erforscht.
1358 3527 2282 3581 tiger, Unbefriedigter, wenn er nicht das ersehnte,
2287 3528 3213 3587 ein oft gesehener Gast und als er Anfang der
456 3519 1358 3590 Nichts war ihm unangenehmer als die Ge¬
3209 3540 3320 3598 lasset
1351 3565 2287 3617 was er nicht besitzt, und so sprach er oft davon, daß
2301 3565 3215 3622 Vierziger heiratete, da führte er eine Frau heim,
418 3570 1354 3626 spräche der Modedamen über Literatur im all¬
3207 3582 3321 3639 Leich
1369 3609 2288 3661 er lieber ein eleganter, schneidiger Herrnreiter
2290 3603 3206 3656 die eine schöne Stimme hat. So singt und klingt
416 3612 1349 3663 gemeinen und seine Werke im speziellen, da konnte
3218 3627 3333 3687 ihren
1368 3648 2284 3696 sein möchte mit viel Muskelkraft und wenig Denk¬
2294 3653 3201 3698 es in dem hübschen Heim, das er draußen im
414 3654 1352 3713 der sonst Höfliche unnahbar werden und kurz ab¬
1358 3686 2291 3735 vermögen, der das Leben unbefangen genießt, und
2286 3681 3210 3744 gartengrünen Cottageviertel, fern vom Großstadt¬
1260 3693 1357 3746 sein
408 3695 1256 3741 brechen. Ich hielt mich natürlich auch an
3211 3712 3324 3772 Ange
1361 3709 2294 3794 dem schöner Frauen Gunst holder lächelt, als dem
2286 3733 3213 3777 actriebe, bewohnt und seine Kinder, ein kleiner
412 3726 1348 3790 Gebot und sprach nicht über seine Arbeit, und
1346 3748 3330 3839 Dichter. Gewiß würde er nicht ernstlich tauschen Junge und ein Mädchen, zwitschern die fröhliche dem
424 3767 1354 3841 als er mir dann einige seiner Bücher schenkte und
2285 3862 3036 4001 Muenn
3079 3909 3331 4006 TCEAA
