3344 4320
1564 363 2011 453 box 39/2
198 368 1532 453 5oth and 55th Birthday
2585 1306 2818 1378 Ruchste —10
1666 1302 2230 1384 Kommerziental Endelsn..
1115 1310 1359 1386 Ein alloa.
2584 1337 3295 1433 Tagesordnung: Budget des Minister
1426 1347 2513 1435 Den Wünschen der Petenten möchte ich kurz das Wort
216 1356 1364 1436 ges Tenizit wird von allen Signaturmachten gemeinsam ge¬
212 1406 1360 1471 deckt. Die Ausgaben der Verwaltungskommission sollen jedech
2765 1448 3285 1546 Bayerischer Landta
1368 1446 2514 1544 der inzwischen auf unsere Veranlassung das Czernysche Krebs¬
214 1510 1356 1569 seinem Leben offenbart, das so still und ruhig in der Wiener
3104 1519 3298 1598 le. Mä
1368 1513 2509 1595 heilinstitut aufgesucht hat, depeschiert uns jedoch jetzt daß
216 1545 1355 1607 Stadt dahingeflossen ist, wie das eines weltfernen Gelehrten.
1366 1576 2491 1643 ihm der Oberarzt Czernys Dr. Werner erklärt hat,
217 1578 1365 1659 Kein Wunder, wenn er dann auch die breite epische Linie
2564 1578 3294 1670 Rechnungsnachweisungen. — Staf
1371 1609 2498 1699 daß die Meldung von den günstigen Heilresultaten falsch
211 1629 1354 1691 pflegt, wenn er im Roman und in der Novelle eine neue
2605 1639 3286 1718 Nach der schnellen Erledigung ein
218 1655 1357 1735 Meisterschaft zu bewähren vermag. Ja, man kann weiter
1372 1658 2508 1745 sei. Es sei bis jetzt kein Erfolg mit Salvarsan bei Haut¬
2513 1697 3293 1759 von Rechnungsnachweisungen trat das Ha##
218 1704 1360 1760 gehen: im Grunde ist er überhaupt Novellist und
1370 1713 2502 1779 krebs erzielt worden. Es würden aber viel bessere Er¬
2507 1741 3275 1812 des Gesetzentwurfs betr. Schaffung eines
216 1741 1361 1796 bloß mit eiserner Energie behauptet er den Dramatiker. Er
1373 1756 2428 1839 folge mit Roentgenstrahlen zu Wege gebracht.
2508 1753 3294 1839 buchs ein. Als Sprecher der Soziald
229 1774 1363 1837 ist Novellist in seinen heimlichen Stunden, wo er der
1487 1786 2508 1875 (Stuttgarter Hoftheater.) Aus Stuttgar schreibt
2517 1817 3289 1876 Abg. Dr. v. Haller die Gelegenheit, un
217 1811 1372 1888 dramatischen Kontraste nicht zu achten braucht, sondern wo
2522 1858 3277 1921 kratischen Geist der Finanzverwaltung
1381 1850 2502 1924 man uns: Die Uraufführung der neuen Oper von Richard
224 1856 1360 1921 alles in einander fließt und die Seele mehr schwebt als
1386 1886 2501 1962 Strauß, „Ariadne auf Naxos“ welche bekanntlich
2517 1879 3285 1966 zu üben, worin ihn der Abg. Osel (Zer
225 1893 1368 1958 wandert. So schrieb Schnitzler die nachtdunkle weiche No¬
1380 1922 2500 2001 unter Mitwirkung des Ensembles des Deutschen Theaters
2519 1932 3282 1995 stützte. Abg. Wintauer (Lib.) begrüß
234 1935 1365 2003 velle „Sterben“, so seinen chmerzlich süßen „Leutnant
1384 1963 2507 2040 und unter persönlicher Führung Max Reinhardts im
2510 1977 3282 2030 des Staatsschuldbuchs aufs wärmste und
234 1973 1370 2044 Gustl“, so seine „Frau Bertha Garlan“. „Der
2525 2005 3288 2082 sionen von Staatsanleihen auch die mittl
1384 2001 2505 2092 neuen Stuttgarter Hoftheater stattfindet, ist nunmehr
225 2007 1375 2078 Wegins Freie“ endlich bleibt ein trefflicher Roman und
2527 2049 3293 2118 zuziehen. Auch er wünschte, daß 1er Bur#
1382 2031 2505 2119 definitiv auf den 25. 26. und 27. Oktober 1912 ange¬
228 2036 1372 2116 hervorzuheben ist folgendes: es wird viel diskutiert (wie
1393 2080 2516 2156 setzt. Die Iutendanz des Königlichen Hoftheaters erklärte
2520 2095 3239 2148 gesunden kaufmännischen Geist weiche.
227 2089 1365 2151 so oft bei Schnitzler), es wird ein wehes Gefühl des Fremd¬
2521 2117 3298 2188 des Finanzministers Dr. v. Breuni
1393 2140 2520 2197 sich bereit, jetzt schon Bestellungen auf Karten entgegenzu¬
233 2123 1368 2196 seins wach (der Jude in der Donaustadt, die doch niemals
2521 2163 3298 2224 namentlicher Abstimmuna der Gesetzentw
1380 2161 2513 2226 nehmen. Der Preis der Plätze im Parkett und ersten
236 2163 1381 2237 vollkommen sein eigen werden wird — wie tief er sie auch ver¬
2522 2195 3278 2268 geheißen. Um sieben Uhr vertagte sich
233 2202 1371 2275 stehen möge!) und es wird dennoch und oftmals gelacht.
1385 2218 1993 2272 Rang ist auf 50 M. festgesetzt.
1460 2227 2506 2301 Frank Wedekind, der vor mehreren Jahren schon
2525 2242 3286 2313 die morgige Beratung des Lotterie
238 2242 1383 2316 Wenn wir mit einem Blick in die Zukunft schließen wollen, so
1382 2275 2512 2353 im K. Wilhelmatheater als Darsteller in eigenen Stücken
2534 2285 3065 2368 frische Kräfte zu sammeln.
236 2286 1373 2359 können wir dem Glauben Ausdruck verleihen, daß dieser
1397 2315 2519 2388 aufgetreten war, hat 'nun auch im Hoftheater (In¬
237 2321 1380 2389 prachtvolle Poet, der so viel in Gedanken gerungen und ge¬
2898 2338 2991 2401 5
1389 2344 2519 2424 terimtheater) Einlag gesunden. Zusammen mit seiner Frau
241 2356 1378 2430 zweifelt, doch noch einmal ein klassisches Lustspiel schreiben wird,
1383 2392 2512 2475 Tilly gastierte er in den letzten Tagen in „Erdgeist“
238 2398 1377 2464 welches die eigenen Vorkämpfe belächelt und somit bereits
2525 2390 3292 2493 Volkswirtschaft und S
1385 2419 2516 2506 und „Marquis von Keith“. Namentlich das letzte Stück
242 2434 1381 2512 in sich selbst die Lebensbedingungen des neuen Geschlechtes
1389 2471 2522 2550 wirkte geradezu erschütternd, und hier burfte auch Wedekind
231 2480 1379 2558 trägt, von dem Schnitzler zuversichtlich sagt: „Mehr Hal¬
2647 2462 3290 2571 Bekämpfung des Schmiergeld
1402 2525 2126 2592 als Darsteller Triumphe feiern.
241 2537 730 2613 tung und weniger Geist.“
869 2537 1351 2620 Gustav Werner Peters.
2604 2547 3279 2618 In der Berliner Handelskammer
1494 2537 2530 2641 (Strindbergs Todeskampf.) Wie wir bereits melden
2530 2585 3291 2653 unter Beteiligung der Vertreter zahlreich
1389 2601 2524 2674 konnten, hat Strindberg's Agonie begonnen. Der
2531 2635 3279 2699 bände, Handelskammern und gewerblich
319 2626 1376 2706 Eben recht zum 50. Geburtstag des Dichters erscheint
1393 2654 2523 2730 Dichter ringt furchtbar! Die Pulsschläge setzen immer
2536 2667 3286 2730 Hauptversammlung des vor Jahresfrif
241 2675 1391 2738 ein neuer Band Novellen von Arthur Schnitzler: „Mas¬
2528 2707 3276 2781 bandes gegen das Bestechungsunwesen sta
1394 2697 2529 2775 länger aus — der Kampf währt jetzt bereits 30 Stunden.
251 2711 1368 2782 ken und Wunder“ (wie alle seine Bücher in S.
2540 2748 3293 2810 Kommerzienrat Hüttenmüller von
251 2743 1388 2828 Fischers Verlag zu Berlin erschienen). Es ist eines seiner
1395 2745 2530 2828 Ganz Stockholm bereitet sich auf das Ende des großen
2537 2784 3289 2856 Anilin= und Sodafabrik, hob
248 2794 1384 2871 reifsten und im besonderen poetischen Sinne köstlichen Bücher.
1397 2819 1702 2887 Dichters vor.
2540 2820 3289 2887 neuen Organisation für die nationale V
256 2825 1401 2891 Der Dichter verläßt in diesen Erzählungen die enge Welt
1528 2842 2530 2923 (Einweihung des Radium=Instituts der Berliner
2538 2867 3265 2931 und teilte mit, daß gemeinsam mit
255 2864 1391 2937 der bürgerlichen Wirklichkeit, er hat die menschliche Seele
1401 2897 2548 2975 Charité.) Montag wurde im Hause Luisenplatz 6 das
2531 2895 3283 2965 der Kampf gegen das Bestechungsunwes
242 2908 1390 2974 und besonders die weibliche nackt gesehen und führt sie durch
1412 2920 2539 2999 „Radiuminstitut der Charité für biologis
2531 2941 3297 3016 staltet werden solle, da auch auf dem W
244 2944 1389 3020 wunderbare Irrgärten phantastischer Schicksale. Eben da¬
1398 2962 2532 3032 therapeutische Forschung" durch einen Festakt eik¬
2541 2977 3299 3052 Elemente zurückgedrängt würden. Dem
251 2983 1401 3058 durch haben alle diese Novellen einen geheimnisvollen Zug
1413 2996 2532 3080 geweiht. Das aus neun Zrmmern bestehende Institut
2542 3017 3290 3079 ren Vorsitzenden, Geheimen Kommerzien
252 3031 1399 3099 von tiefer symbolischer Wahrheit bekommen, die aus dem
1422 3046 2545 3114 ist der ersten inneren Klinik der Charité angegliedert, deren
2539 3057 3291 3131 und dem verstorbenen Ausschußmitglied
259 3058 1299 3147 reinen und edlen Stil noch einmal wiederscheint.
1409 3082 2536 3159 Leiter bekanntlich „Geheimrat Professor His ist. Ober¬
2542 3092 3289 3157 nover) widmete der Vorsitzende warme
1414 3126 2536 3199 Krit Dr. Gudzent wird in der neuen Anstalt als medizi¬
2539 3125 3305 3203 sekretär Dr. Pohle, Berlin, erstattet
405 3129 1394 3213 (Hochschule für Musik in Mannheim.) Am Frei¬
1421 3165 2546 3231 nischer, Dr. Naumann als chemischer Abteilungsvorsteher
2545 3169 3296 3240 Weite Kreise, nicht nur aller Zweige vor
258 3178 1395 3253 tag, den 17. Mai, abends 7½ Uhr, findet im Konzertsaal
2539 3212 3289 3288 del, sondern auch der städtischen und staat
1425 3227 1578 3277 wirken.
353 3218 1400 3292 9 die 6. Vortragsübung im Schuljahr 1911/12
1500 3216 2544 3302 * (Kleine Theater=Chronik.) Enrico Caruso wird
2548 3250 3295 3313 zur Mitarbeit gewonnen worden und al
265 3260 1410 3333 statt. (Klavierklassen Frau Anny Frentzel und Frl.
1429 3263 2543 3350 sein Oktober=Gastspiel im Königlichen Opernhaus zu Ber¬
2548 3288 3277 3353 schaft seien Beziehungen angeknüpst,
252 3318 667 3388 Hedwig Franke.)
1429 3304 2543 3386 lin mit dem Ricardo in Verdis Oper „Der Masken¬
2552 3334 3302 3402 auf 1000 gestiegen, die mehr als 20 00
391 3334 1404 3405 (Keine Heilerfolge mit Salvarsan bei Hautkrebs.)
1423 3349 2557 3424 ball“ eröffnen; eine Rolle, die er bisher in Berlin noch
2558 3384 2805 3451 aufbrächten.
1847 3388 2549 3445 Leo Falls „Lieber Augustin“ hatte
262 3388 1405 3477 Wie wir in der letzten Nummer unseres Blattes melde#en,
2647 3383 3299 3461 Der zweite stellvertretende Vors#
1427 3409 1826 3470 nicht gesungen hat.
1411 3420 2556 3503 bei der Londoner Erstaufführung im Shaftesbury=Theater
266 3430 1403 3520 soll es Gebeimrat Czerny in Heidelberg gelungen sein,
1433 3456 3276 3540 unter der Leitung des Komponisten bei glänzender Auf=[Fuld (Mainz) sprach sodann über
2544 3467 3294 3576 Auslegung der Strafbestimmung des
274 3485 1408 3581 mit dem Ehrlich=Hataschen Salvarsan leichten Haut¬
1439 3511 2344 3598 führung und Ausstattung einen großen Cr##la.
276 3531 1427 3635 Deie scmeniiM hailan Mnien Heidelberder Vertreten.
