3392 4384
736 269 781 340 5
260 273 1468 363 Sothandsth Birthdar
815 867 1144 950 Rundschau
819 1016 1612 1093 stärkt, daß er sich zu Denen energisch
809 1081 1617 1127 geschlagen, die sich losgelöst von den
809 1137 1614 1183 dogmatischen Satzungen eines drama¬
811 1169 1621 1234 tischen Zeitalters, das damals ver¬
806 1220 1621 1292 drängt wurde von der Heilslehre, die
810 1266 1505 1338 uns aus dem Norden gekommen.
914 1324 1618 1373 Ich denke weiter an seine, von
816 1366 1621 1435 daher fast ununterbrochene Reihe von
818 1434 1621 1489 Erfolgen. Ich denke heut vor allem
808 1465 1621 1528 an einen, in diesen Jubiläumstagen
819 1508 1630 1573 erschienenen*) Band neuer Novellen:
812 1563 1628 1628 „Masken und Wunder“. Sechs
811 1625 1619 1672 abgerundete, soignierte Kunstwerkchen.
812 1662 1621 1726 Bei Schnitzler, und in der Dichtkunst
820 1711 1632 1772 überhaupt, der sicherste und heikelste
822 1760 1618 1812 Maßstab, so für die Kunst des Künstlers,
823 1805 1620 1871 wie für die Geschmackskultur seiner Ich¬
821 1860 1622 1921 erziehung. Auch hier die vollste Wirkung
822 1904 1621 1965 ausgehend von den Stoffen des Er¬
822 1955 1624 2013 lebten. Da ist „Der Mörder“ — ein
823 1997 1633 2073 erschütternder Vorgang, wie mit Ma¬
826 2055 1628 2118 gnesium=Blitzlicht die Abgrundmöglich¬
826 2101 1623 2155 keiten in der Menschenseele psycho¬
824 2167 1626 2212 logisch erhellend zu grauenvoller Natür¬
828 2203 1627 2271 lichkeit: Ein gutmütig unbewehrter
817 2264 1634 2314 junger Lebemann, verlobt, zugleich aber
835 2300 1638 2366 verstrickt in eine ernsthafte Liaison, die
838 2346 1630 2414 zu brechen dem Entschlußmüden un¬
834 2398 1639 2452 möglich wird. Hin= und hergeworfen
835 2442 1645 2514 von seinen unklar ihn umspinnenden
829 2504 1632 2561 Empfindungen, die beide Frauen mit
825 2555 1636 2616 gleicher Liebe umfassen, beschließt er:
835 2592 1641 2643 sich zu befreien, indem er die Geliebte
840 2645 1636 2707 tötet, um die Braut heiraten zu
829 2695 1635 2753 können. Was er, fern von der Heimat
837 2738 1631 2803 auf einer Meerfahrt, auch ausführt —
827 2788 1641 2853 in der Phantasie schon alle Seligkeiten
825 2845 1640 2899 lebend an der Seite der legitimen
840 2890 1640 2953 Braut, die daheim längst einem andern
832 2943 1646 2999 Manne sich verlobt hat und ihn schnöde
837 2985 1651 3043 abweist. Ein Duell mit einem Anbeter
838 3035 1650 3083 der Gemordeten bringt ihrem Mörder
841 3093 1649 3143 erlösenden Tod. In den Erzählungen
842 3141 1641 3204 ist überhaupt viel vom Tode die Rede:
935 3225 1637 3288 *) Verlag S. Fischer, Berlin, wo dem¬
833 3266 1650 3321 nächst, etwas post festum, eine Jubilä:
841 3312 1654 3355 ums: Gesamtausgabe der Werke
846 3349 1644 3394 Schnitzlers herauskommen soll, auf die
846 3388 1491 3454 näher einzugehen ich mir vorbehalte.
849 3471 978 3552 398
1519 3519 1633 3599 Ssel #
2050 187 2327 264 —
1616 262 2061 350 box 39/2
1642 1001 2443 1083 „Der Tod des Junggesellen", „Der
1646 1080 2436 1131 tote Gabriel“, „Die dreifach Parnung“.
1644 1118 2440 1185 selbst in „Die Hirtenflöte, ein Phan¬
1634 1176 2446 1229 tasiebild mit symbolischen Schlagschatten
1638 1230 2441 1272 auf die Rätsel der Frauenseele. Die
2184 1261 2436 1331 — Schnitz¬
1633 1263 2184 1336 Rätsel der Frauenseele,
1639 1314 2447 1375 lers Domäne, auf der seiner anmu¬
1646 1360 2455 1423 tigen Plastik meisterliche Leistungen
1643 1411 2442 1477 glücken. Eins noch ist an Schnitzler
1962 1458 2445 1524 — je höher er in die
1638 1467 1963 1526 bemerkenswert
1650 1506 2443 1576 Jahre kommt, desto deutlicher wird
1641 1556 2454 1620 seine Neigung, in erzählender Form
1641 1617 2450 1667 sich auszusprechen. Zugleich wird gerade
1641 1665 2450 1719 im Deama seine Wortprägung immer
1649 1703 2447 1766 knapper und trotz der Knappheit er¬
1648 1747 2449 1823 giebiger, sinntiefer; während seine er¬
1652 1798 2449 1866 zählende Diktion immer behaglicher und
1640 1849 2449 1919 in epischer Unbeengtheit dahinfließt.
1649 1897 2435 1964 In seinen „Masken und Wundern“
1654 1957 2459 2015 finden sich Stellen, die man unbesehen
1654 1994 2459 2061 Kleist zuschreiben möchte, deren ruhig
1647 2046 2458 2117 und festgefügte Perioden an Michgel
1654 2088 2460 2159 Kohlhaas erinnern. Aber von ungleich
1648 2143 2460 2208 packenderer Wirkung und einer Schön¬
1653 2199 2458 2252 heit des Wortes, wie nur die vollaus¬
1652 2245 2457 2315 gereifte Entwickelung un ererheutigen
1652 2287 2462 2358 Muttersprache sie dem Künstler als
1656 2338 2463 2408 Instrument für seine Prägekraft und
1651 2393 2168 2465 seine Feilarbeit gewährt.
1744 2422 2466 2503 Kein Zweifel — wenn Schnitzler
1656 2490 2457 2549 auch ganz gewiß nicht zu den „Großen“.
1660 2545 2460 2602 Zeitlosen gehört, so nimmt er unter
1651 2598 2459 2652 den Heutigen doch einen Rang für
1652 2632 2465 2696 sich ein: den Rang der Besonderheit.
1655 2683 2463 2754 In ihm vereinigt sich der psychologische
1659 2733 2471 2805 Scharfblick, das pathologische Erkennen,
1667 2781 2464 2840 die beobachtende Erfahrung des Arztes;
1664 2840 2463 2888 die verdichtende Impression und durch¬
1665 2891 2473 2939 lichtende Phantasie des Dichters mit
1672 2941 2466 2989 der offenbar gütig beeiferten Menschen¬
1669 2975 2475 3052 liebe dessen, der die Kreatur hat leiden,
1672 3025 2466 3092 sterben, verzweifeln, Gott suchen und
1675 3074 2469 3137 den Teufel finden sehen. Eine zu¬
1664 3113 2476 3183 sammengesetzte Persönlichkeit, die, auf
1672 3169 2482 3232 ihr Kunstgestalten übertragen, reiche
1663 3220 2477 3293 und nachhaltige Wirkungen und Ein¬
1673 3272 2255 3338 drücke nicht verfehlen kann.
1750 3327 2470 3380 Wenn Einer auf beschwerlicher Berg¬
1670 3384 2480 3437 wanderung den höchsten Gipfel erreicht,
1679 3491 2174 3594 WAE PARS NARR ARRNGERNER RR
