3344 4320
197 358 1230 464 Soth and 55th Birth
308 1464 1244 1528 ich den damals erschienenen „Schleier der
110 1478 307 1564 nitzler
311 1508 1246 1557 Beatrice“ bewundernd las und besonders
311 1548 1245 1594 schöne Stellen angestrichen hatte, nahln er mir den
315 1599 1239 1641 Band aus der Hand und blätterte in ihm. Da
112 1469 319 1663 e0
323 1625 1255 1684 lächelte er zustimmend und fortan plauderten wir
308 1672 1246 1735 über seine Arbeiten, wie es ihm und mir beliebte.
106 1656 319 1733 n, wo er
349 1708 1250 1756 Die Familie Schnitzler ist eine Aexziedynastie.
114 1717 311 1771 war da¬
316 1736 1252 1793 Der Vater war eine bekannte Kapazität, der äliere
106 1756 304 1814 em durch
315 1786 1246 1845 Sohn zählt zu den berühmtesten Chirurgen Wiens,
107 1801 311 1864 amen ge¬
318 1824 1246 1873 die einzige Schwester vermählte sich mit einem
121 1837 309 1889 sehr für
312 1867 1248 1922 Arzt. Auch Artur Schnitzler wählte die medi¬
105 1876 308 1934 n Schöp¬
310 1895 1248 1964 zinische Laufbahn, doch ist er wohl immer mehr
106 1915 306 1970 r sei ein
318 1945 1247 1993 Künstler gewesen, und das viele Traurige, Häß¬
113 1956 303 2010 nissüßer
312 1984 1255 2044 liche und Krankhafte, das er kennen lernte, hat
107 1998 287 2047 emals zu
318 2021 1245 2071 ihn bedrückt. Er sagte, der Einblick in mensch¬
111 2030 311 2088 hlte. Ihm
312 2052 1250 2118 liches Elend habe ihm viel Lebensfreude geraubt
119 2064 316 2133 angenheit,
318 2107 1247 2151 und er müsse nun bei allen Leuten etwas Krankes
127 2118 305 2167 atirischer
311 2143 1243 2189 suchen; anderseits hat gewiß sein Arztberuf seinen
116 2157 308 2206 wiß mehr
315 2179 1247 2228 Blick für die Tiefen geschärft. An seine Künstler¬
116 2181 324 2260 #itig frohe
325 2227 1244 2271 mission glaubend, hat er schon vor dem Erfolg die
317 2256 1248 2314 Karriere vernachlässigt, nur einige Privatgratis¬
112 2254 311 2323 che Treus
316 2305 1243 2365 patienten behandelt und sich der Dichtkunst hinge¬
115 2314 311 2364 scher Na¬
311 2346 479 2403 geben.
125 2349 310 2402 s verant¬
357 2363 1249 2438 Neben seiner täglichen, angestrengten, schrift¬
314 2410 1250 2468 stellerischen Arbeit bildet er sich weiter, liest viel
111 2428 320 2481 Phantasie
326 2460 1252 2512 und lernt immer wieder an Goethe, Keller und
116 2473 318 2530 Weibchen
327 2495 1260 2551 anderen Meistern des Stils. Mit Vorliebe be¬
120 2513 312 2561 bei einem
316 2540 1245 2595 trieb er damals in der Jahrhundertwende histo¬
121 2551 311 2610 ländischen
320 2575 1244 2630 rische Studien, vertiefte sich in die Zeit der italie¬
126 2592 315 2643 uneigen¬
330 2612 1254 2669 nischen Renaissance, als er den „Schleier der
118 2618 319 2686 ser eigent¬
316 2650 1248 2708 Beatrice“ schuf, und plante an einem großen ge¬
120 2662 321 2731 llige Dul¬
327 2696 1256 2748 schichtlichen Werke, vielleicht unbewußt, schon an
319 2734 1253 2790 dem „Jungen Medardus“ der im Jahre
126 2728 318 2806 des Wie¬
333 2777 1262 2830 1910 das Burgtheater, das die „Beatrice“ abge¬
126 2789 320 2842 uren, wie
319 2806 1258 2868 lehnt, erobern sollte. Er wollte nicht nur als der
135 2833 290 2879 war au
321 2858 1252 2910 Dichter der Liebe und des Süßen Mädels gelten,
142 2863 320 2925 t schlecht
324 2893 1244 2941 und, vierzig Jahre alt, sagte er: „Ich fühle meine
118 2907 320 2961 sickhaltend.
326 2933 1253 2985 beste Zeit vor mir, ich wage mich jetzt auf weites,
128 2950 308 3001 nheld, gab
322 2971 1256 3036 historisches Gebiet!“ Der in der französischen
141 2984 320 3036 sondern
324 3013 1253 3065 Revolution spielende Einakter Der grüne
147 3026 315 3076 Lenbach
319 3046 1260 3098 Kakadu“ gehört zu seinen Lieblingsschöpfungen,
145 3067 312 3115 konnte:
326 3088 1257 3142 ein genialer Einfall, in drei Tagen beinahe ohne
126 3086 318 3161 festhalten,
324 3135 1255 3195 Korrektur vollendet — wie schade, daß er so selten
216 3145 319 3195 den
331 3175 996 3243 mehr auf dem Spielplan erscheint!
126 3183 316 3245 er in der
365 3186 1248 3268 Schnitzler wäre kein Künstler kein Sehnsüch¬
323 3243 1255 3294 tiger, Unbefriedigter, wenn er nicht das ersehnte,
142 3239 330 3311 die Ge¬
153 3285 1259 3350 im all= was er nicht besitzt, und so sprach er oft davon, daß
326 3324 1255 3381 er lieber ein eleganter, schneidiger Herrnreiter
117 3337 323 3402 da konnte
332 3363 1254 3420 sein möchte, mit viel Muskelkraft und wenig Denk¬
134 3380 312 3443 kur ab¬
324 3403 1246 3461 vermögen, der das Leben unbefangen genießt. und
158 3412 327 3474 an sein
335 3439 1257 3500 dem schöner Frauen Gunst holder lächelt, als dem
121 3454 332 3514 beit, und
129 3471 1268 3545 enkte und Dichter. Gewiß würde er nicht ernstlich tauschen“
1228 373 2021 465 dav box 39/2
1251 1439 3120 1510 wollen, aber er bewunderte und beneidele ane; Benleitmüstt. Schnitzter ist heiterer geworden,
2172 1493 3122 1557 weil ja reife Menschen meist froher sind als junge,
1263 1506 2180 1554 starken schönen Menschen, die nicht von des Ge¬
2182 1538 3122 1595 voll unerfüllter Sehnsucht und voll Konflikte.
1245 1535 2174 1590 dankens Blässe angekränkelt, nicht die tausend
2180 1578 3123 1627 Herr seiner Kunst, kennt er auch ihre Grenzen.
1258 1579 2177 1640 Stimmungen und Zweifel des Schaffenden kennen.
2179 1613 3120 1671 In heiliger Scheu, fern jedem Dilettantismus
1291 1616 2185 1672 Mittelgroß, eher zur Fülle neigend, mit einem
2190 1659 3116 1703 und dem Schein, schafft er nicht überhastete, wohl¬
1252 1650 2177 1721 etwas weichen Gesicht, gütigen Augen und nach¬
2182 1694 3123 1749 durchbildete, abgerundet reise Werke. Und lächelnd
1250 1697 2174 1754 denklich liebenswürdigem Lächeln, leicht seminin,
2188 1737 3116 1794 iann er an seinem fünfzigsten Geburtstag wie¬
1250 1742 2172 1796 ist Schnitzler durch und durch Wiener und in
2188 1767 3126 1829 derholen, was er vor zehn Jahren gesagt: „Ich
1258 1760 2190 1833 seinen Lebensgewohnheiten der etwas verwöhnte
2195 1814 2821 1883 fühle meine beste Zeit vor mir!“
1258 1821 2184 1865 Mann aus gutem Haus. Nur in Wien fühlt er
1251 1856 2182 1911 sich dauernd heimisch, wenn er auch gern in Berlin
1249 1881 2196 1947 weilt, wo er vielfache interessante Beziehungen
2447 1905 2857 1995 Das Klaster—
1259 1927 2191 1991 hat und in dem anregenden Kreise seines Ver¬
1248 1974 2189 2025 legers „Fischer“ verkehrt. Oesterreicher und
1251 2013 2188 2073 Jude, von jener feinen, alten Kultur, wie man sie
1261 2039 2200 2120 unter Oesterreichs Juden zuweilen findet, ist er
1251 2095 2203 2144 vielleicht gerade seiner Abstammung wegen dop¬
1258 2128 2200 2189 pelt empfindsam und zurückhaltend, mit Unrecht
1261 2174 2202 2233 wurde ihm seine Exklusivität manchmal für Hoch¬
1256 2221 1573 2284 mut ausgelegt.
1300 2229 2194 2318 Als „Leutnant Gustl“ unliebsames Auf¬
1257 2272 2200 2346 sehen erregte und im „Freiwild“ das Duell
1264 2332 2193 2384 der Offiziere getadelt wurde, da hat man dem
1269 2368 2193 2422 Dichter, der nur ein Problem künstlerisch ohne
1258 2409 2191 2463 Tendenz gestalten wollte, mit Unrecht vorgewor¬
1269 2450 2205 2506 sen, er sei antimilitärisch gesinnt. Dieses Urteil
1254 2488 2193 2543 hat ihn gekränkt weil er stets eine starke Sym¬
1261 2504 2202 2579 pathie für die frische, unmittelbare Art des Sol¬
1257 2569 2200 2635 datenstandes gehegt und mit Vorliebe des eigenen
1262 2598 2209 2660 Militärjahres gedachte. Die teils dummen Ur¬
1252 2640 2195 2696 teile über seinen vielumstrittenen „Reigen“, die
1259 2692 2195 2748 erotischen Skizzen, waren ihm auch unlieb — nur
1256 2733 2201 2788 dem Drängen seiner Freunde war er gefolgt, als
1255 2760 2202 2823 er das in kleiner numerierter Zahl erschienene
1264 2812 2202 2874 Bändchen, der Oeffentlichkeit übergab: ich be¬
1270 2836 2206 2909 sitze noch ein solches Widmungsexemplar dieser
1270 2867 2215 2943 Skizzen, die gewiß nicht freier sind, als eine große
1265 2925 2199 2990 Zahl gern gelesener, französischer Arbeiten dieser
1264 2957 1385 3020 Art.
1306 2985 2211 3061 Ein echter Wiener ist Schnitzler auch in seiner
1258 3036 2208 3094 Begabung für Musik. Er hat als Junggeselle
1258 3088 2191 3146 viele Jahre auf derselben Etage mit seiner Mut¬
1260 3124 2210 3180 ter eine behagliche Garconwohnung innegehabt
1265 3163 2205 3215 und jeden Tag mit der von ihm verehrten. alten
1256 3196 2212 3252 Dame vierhändig musiziert. In Konzerten ist er
1263 3236 2194 3292 ein oft gesehener Gast und als er Anfang der
1269 3283 2198 3327 Vierziger heiratete, da führte er eine Frau heim.
1260 3315 2219 3377 die eine schöne Stimme hat. So singt und klingt
1264 3353 2207 3418 es in dem hübschen Heim, das er draußen im
1266 3401 2211 3456 gartengrünen Cottageviertel, fern vom Großstadt¬ 2
1961 3433 2200 3487 ein kleiner
1275 3442 1957 3486 getriebe, bewohnt und seine Kinder,
1271 3473 2204 3539 Junge und ein Mädchen, zwitschern die fröhliche
