3392 4352
230 172 691 260 Gedichte
854 143 1300 240 box 35/1
1714 1485 2765 1569 lichvbrthandlungen überzeugt. Auch diesmal werden
636 1493 1693 1570 schnittrich nur 2000 Male.. Winn andreul Winen
1699 1551 2752 1599 wir, wenn überhaupt, nur einen Teilausgleich wie
639 1568 1682 1623 Vermehrungen stattfinden, so werden wir es für
1704 1589 2760 1654 1890 schließen, auf Grund dessen aber weiterschreiten.
629 1608 1685 1665 notwendig erachten, beträchtliche Vermehrungen zu
1703 1636 2751 1708 Er bespricht sodann eingehend das Gebiet des Landes¬
629 1652 832 1721 soedern.
1710 1677 1932 1753 schulrates.
802 1685 1542 1769 Stimmen der Londoner Presse.
1792 1701 2743 1775 Abgeordneter Schreiter wünscht insolange
722 1759 1697 1824 Die Presse beschäftigt sich mit der gestrigen
1701 1761 2753 1828 keine bindenden Erklärungen von deutscher Seite, als
628 1807 1685 1860 Flottendebatte und billigt im allgemeinen den Sach¬
1707 1811 2753 1860 nicht von tschechischer Seite die Gewähr geboten ist,
626 1846 1696 1889 verhalt. „Daily News“ halten jedoch den Etat nicht
1694 1857 2630 1914 daß sie ihre Zusicherungen unbedingt einhalten.
635 1893 1688 1945 für das richtige Mittel, um die beklagenswerte Rivali¬
1789 1889 2753 1937 Abgeordneter Heiser wünscht genaue Aus¬
625 1938 2755 2004 tät zwischen den beiden großen Seemächten künfte bezüglich einer Reihe von finanziellen Fragen
638 1983 744 2042 ps
731 2028 1700 2075 Was will der Verfasser damit sagen? Ich liebe es
1844 2031 2497 2107 Und wenn du einen Liebsten hast,
1849 2073 2326 2140 So gib ihm dieses Lied;
637 2075 1690 2129 nicht, die andersdenkenden Literaten mit Jargonausdrücken
1858 2095 2611 2185 Mach, daß er's an den Hut näh'n laßt,
643 2125 1691 2175 zu frozzeln, aber vor diesem lyrischem Geschmuse graust
1842 2157 2296 2219 Damit's ein jeder sieht.
638 2170 1099 2235 dem arischen Geschmack.
2088 2174 2723 2266 (Trutzliedchen. 2, Strose, S 207.)
737 2208 1688 2269 Nicht der kleinste jüdische Versifex ist vergessen.
637 2244 1698 2299 Daher rechne ich es dem Herausgeber, insofern nicht etwa
1800 2236 2756 2313 Bartsch wird sich schönstens dafür bedanken, mit
641 2292 1684 2348 seine Vergeßlichkeit daran schuld trägt, ethisch und ästhe¬
1704 2275 2758 2356 solchen ungeschlachten Reimereien in dieser Heerschau
635 2338 1683 2380 tisch hoch an, daß er nicht auch noch den Kabarett=Con¬
1698 2346 2554 2406 österreichischer Lyrik aufmarschieren zu müssen.
637 2381 1685 2437 férencier Egon Friedell auf dem lyrischen Parnaß Deutsch¬
1793 2383 2752 2469 Wir wollen schließen, nicht ohne wahrheitsgemäß
631 2424 1223 2479 österreichs spazieren gehen ließ.
1700 2442 2754 2509 festzustellen, daß es uns erfreut hat, in diesem oft so
732 2444 1688 2542 Fremdartig mutet es uns auch an, sich wie die
1708 2497 2751 2544 unerquicklichen Buche wirklichen deutschen Lyrikern aus
636 2508 1685 2556 Klette an die Kleider an Berühmtheiten heranzudrängeln.
1699 2532 2742 2592 der Ostmark oft in überraschend feiner Auswahl, zu
636 2556 1687 2607 Josef Kainz war nicht nur der Gatte zweier jüdischer
1700 2577 2756 2624 begegnen, wie Franz Himmelbauer mit zwei Ge¬
632 2596 1688 2654 Frauen, sondern ganz gewiß auch ein hervorragender Schau¬
1693 2618 2755 2679 dichten „Gewinn des Tages" und „Der Baumstrunk“
637 2639 1693 2696 spieler, ein Künstler von Gottes Gnaden. Doch wenn er auch
1696 2653 2744 2734 Franz Herold, neben Rilke wohl der einzige arische
637 2683 1688 2731 ein paar Gedichte geschrieben hat, in ein Gedenkbuch der
1698 2708 2759 2756 Vertreter Deutschböhmens, Kernstock, Stephan Milow,
637 2724 1694 2778 gesamten deutschösterreichischen Lyrik des letzten Jahr¬
1699 2750 2747 2815 Anton Renk (recht dürftig mit dem Gedichte „Pan“),
633 2767 1686 2828 hunderts gehört er nicht hinein. Vielleicht hat er auch sonst
1693 2795 2749 2846 Hermann Ubell, Artur v. Wallpach, Bodo Wild¬
644 2814 1685 2873 dilettiert, etwa ein paar Bilder gemalt. Nun, Lieohaber
1689 2838 2756 2880 berg, Anton Wildgans u. a. Hingegen fehlt Otto
636 2852 1698 2920 mögen sie sammeln. Aber ausstellen wird sie kein Mensch.
1705 2885 2753 2938 Hauser. Leider können wir das Buch nur mit großen
638 2904 1681 2952 Und von R. H. Bartsch, dessen Romane neben denen
1695 2923 2749 2979 Einschränkungen und da nur denjenigen empfehlen, die
639 2942 1688 2992 Emil Ertls einen neuen Ruhm für das geistige Oester¬
1706 2970 2757 3018 auf dem Gebiete, das es behandelt, bereits bewandert sind.
640 2990 1685 3048 reich bedeuten, hat man die Liedeln aufgenommen, die er
1703 3015 2746 3070 Es könnte zu leicht ein Zerrbild geben, Verwirrung
638 3032 1694 3090 in seiner „Elisabeth Kött“ einem armen, schwärmenden
2570 3058 2710 3124 A. H.
1699 3060 2387 3129 anstiften und falsche Urteile zeitigen,
636 3076 1684 3123 Handwerksgesellen in den Mund legt. „Gevatter Strau¬
635 3122 1692 3187 binger=Reime“ nennt der Dichter sie selber recht bezeichnend.
624 3159 1043 3236 Da heißt es einmal;
3017 1134 3193 1269 KAUT!
2807 1185 2922 1268 *
2801 1245 2917 1316 *
2793 1284 2914 1345 2
2996 1490 3084 1558 Wi
2898 1534 3087 1618 Telephon
2989 1607 3087 1674 VE
2979 1669 3096 1734 LIC
2975 1726 3089 1802 FO
2846 1826 3329 1920 „FIDES“ REVISION
3115 1901 3338 1977 Wien IX/19
2800 1948 3334 2075 D
2768 2056 3327 2138 sind unverzüglich den##
2773 2122 3321 2192 statum ernannten Herren zu
2766 2169 3325 2224 Stellen, welche durch diese
2762 2212 3297 2276 frei werden, die Petenten g
2757 2250 3324 2319 ernennen. 2. Alle tschechisch
2762 2293 3328 2356 tanten, welche in obiger, ge
2763 2321 3329 2397 gender Weise präteriert wur
2757 2384 3331 2439 die höhere Rangsklasse zu
2760 2420 3340 2488 künftigen Besetzung von Rich
2757 2474 3337 2531 Böhmen ist der Rechtsgrund
2758 2507 3330 2578 obachten.“ Naturgemäß hat d
2764 2553 3317 2622 nalverband entschieden
2752 2594 3326 2657 nommen und erachtet dess
2768 2643 3342 2697 Gebot für die Arbeitsparteie
2758 2685 3324 2738 weise verschnupft über die A
2765 2725 3326 2788 die Teuerungsanträge, und be
2760 2770 3329 2822 straßenvorlage, die all
2756 2810 3339 2880 ledigung zuzuführen, wollen d
2760 2854 3340 2916 Antrag Körner zu einem
2755 2903 3334 2959 Zulassung der ersten Lesung
2767 2946 3342 3014 ausnützen, und Verhandlun
2765 2989 2863 3039 her
2888 2983 3273 3041 geführt werden,
2764 3019 3343 3084 Eine Enthaltung der Abstim
2768 3076 3330 3133 zwar an der Ablehnung des
2754 3113 3334 3182 ändern, wohl aber ihm zur
2758 3149 3326 3236 helfen, die die Deutschen
