3392 4352
97 232 678 348 1. Gedichte
836 229 1282 327 box 35/1
781 864 2481 1108 Gd Oab
921 1064 1971 1161 MANFRED GEORG: WORTE UBER SCHNITZLER
718 1171 2178 1269 Heimat ist das Reich und die Größe der Persönlichkeit. Ihre Entdeckung
722 1252 2176 1334 bedeutet die Stule, zu der die Geschichte der Prometheus-Gestalt durch Goethe
730 1307 1509 1383 gelangt ist, auf der sie noch heute steht.
725 1506 1392 1617 Worte über Schnitzler.
718 1571 1812 1663 Aus einem Stenogramm  Von Manfred Georg.
884 1627 2181 1722 .Und über die Liebe Merias zu dem schönen, südamerikanischen
728 1695 2182 1772 Gesandschaftsattaché war die Rede plötzlich auf Artnur Schnitzler gekommen.
731 1751 2184 1833 Joachim, der Ingenieur, stupfte die schwelende Zigarette im Secher aus. „Nun
735 1811 2202 1885 werdet ihr wieder schmärmen, Ich kenne das. Aber ihr vergeßft, daß die Zeit
726 1852 1954 1935 der Flugzeuge und Anlennen eure Reden wesenlos gemacht hat!“
795 1900 2185 1976 Andrée lächelle etwas darüber, wie Joachim unwillkürlich das lickelt
734 1949 2194 2022 straller zog, als säße er am Steuerrad Dann warl sie den Kapf zurück, daß
733 2010 2183 2092 eine kleine Wolke Parfüm aus dem buschigen Seidenhaar aufstäubte, und meinte:
744 2048 2201 2143 „Ihr lügt ja alle, mit eurem Geschrei vom Kosmos, eurem Denken in Kontinenten,
734 2101 2186 2170 eurem Dienst an der Menschheitsidee. Richtig, ihr seid herausgejagt aus eurer
735 2170 2194 2223 Bequemlichkeit, ihr habt keinen Dichter, in dessen Schoß ihr euer Haupt legen
739 2211 2200 2266 könnt. Da rettet ihr euch in den Heroplan einer Idee, steigt auf und glaubt,
742 2249 2190 2311 weil ihr des Alllagsgewimmel mit einem Mal aus der Vogelschau scht, ihr
739 2305 2204 2372 wäret ihm entronnen. Aber treibt euch der Wind an die Seite einer Frau, hat
739 2361 2198 2424 sie immer wieder den Rätselkorb in den Händen. Mal gibt sie euch die
739 2385 2201 2470 Rätsel, ’mal den Korb. Euch aber steht jeweils der Mund ollen. Und in
743 2452 2206 2519 solchen Stunden kann es sein, daß ihr an den Bücherschrank geht und den
741 2520 2200 2578 Schnitzler aufmacht, leise wie Kinder am Weihnachtsabend die Tür zum lest¬
734 2559 1734 2636 lichen Zimmer, wo alles steht, wovon sie träumen.“
806 2600 2195 2667 „Freilich, alle bösen wie guten Träume!“ warl Edmund ein und sein ver¬
748 2634 2194 2726 narbter, kluger Börsianerschädel liel wehmütig nach vorn. „Ihr werdet ein¬
743 2683 2204 2758 sehen, daß meine Tage nicht weißes Linnen oder beblümte Tapete umgrenzen,
739 2739 2194 2814 daß mir Analols Lust schon lange verging wie Meerschaum auf heillem
747 2794 2205 2865 Sonnenstrand. Hoer wenn ich ganz einsam bin und das Bild Henriettes als
749 2833 2206 2924 Julia allein m.t mir in der Stube, wenn ich lühle, jetzt bin ich so abgeschnitten
743 2873 2200 2962 von allem, daß ich ohne Zittern den Gashahn aufmachen kann, ann schlürl'
746 2935 2210 3013 ich noch einmal die Schwermut, die unterirdisch auch die leichtesten Szenen
742 2999 2207 3051 dieses Dichters durchgrollt, und genese an der dunklen Melancholie zu einem
742 3030 2209 3116 neuen Tag. Was wißt ihr Jungen, wie Trüh sich Schnitzler schion der Erkenntnis:
747 3092 1639 3162 Einsamkeit und Unendlichkeit gegenübersah.“
805 3125 2210 3202 „Euch ist er der Schöpler, der eure zartesten Emplindungen ans Licht heben
748 3180 2207 3256 konnte, ohne daß sie verblaßten. Und ihr wurdet ihrer voll süßer Bestürzung
750 3221 2219 3308 gewahr!“ warl die Schauspielerin Elisabeth ein und ihre rehbraunen Augen
751 3274 2217 3368 sahen nach innen, daß das Gold in ihnen verblich. „Mir gab es die Lösung
746 3352 1098 3413 meines Lebens!“
801 3375 2220 3451 Der Literat mit der schwarzen Hornbrille schob notierend die Augen brauen
754 3426 2208 3504 höher und die schwarzhaarige Lix kuschelte ihren jünglingshaften Pantnerkopi
748 3502 2213 3552 erwartungsvoll an die Kniee des vor sich hin Träumenden. „Weiß ich denn,
754 3536 2222 3610 wer ich bin? Sie raten alle an mir herum. Doch er hat die Verse geschrieben:
2120 3604 2216 3688 95
