3392 4352
818 271 1287 363 box 35/1
273 282 328 346 7
95 280 676 389 1. bedichte
105 1053 739 1140 der Mil tärkanzlei station zu be
1716 1079 2705 1152 [Der Letover.] Die meteorologische Gestale
1457 1082 1645 1159 sondern
455 1112 737 1172 fesseln, wode
98 1109 470 1188 dant FML. Graf
113 1127 2825 1224 FML. Hauschka, auch die ganze Geschaftswelt gewinnen wird In der Voraus= zur Neige gehenden October war für Europa — wenn man
462 1253 2823 1311 Gute besaß, daß er nicht zu lang gerathen war, kam einem — wir glauben, auch Theophile Gautier hat ihn behandelt.
1645 1285 2821 1348 In einem berühmten Ballet gleichen Namens enthusiasmirte
470 1307 1626 1360 wahren Hymnus auf den Naturalismus, Neu=Idealismus,
1631 1324 2820 1393 seinerzeit Fanny Elßler ihr Publicum. Schade, daß wir sie
466 1342 1635 1407 Impre sionismus und Symbolismus gleich — wie man sieht,
101 1330 426 1415 en, 29. October.
1630 1368 2809 1439 nicht bewundern konnten; in den „Zeiten der Decadence“
465 1383 1634 1444 viele tönende Namen, nur die Poesie war nicht darunter.
101 1386 460 1460 ourchfallen, haben
1628 1409 2817 1482 tanzt uns Dörmann etwas vor. Das Gedicht hat übrigens
463 1410 1629 1494 Der Vortyagende führte aus, daß zwar der Vorwurf der
109 1433 471 1502 lbaren Bedürfnisse
1643 1454 2825 1519 mehrere derb naturalistische Stellen gehabt, welche von der
471 1466 1633 1534 alten Schüle gegen die Naturalisten, daß sie nur niederreißen
107 1486 466 1557 eren Vorstellungen
1631 1498 2817 1557 Censur gestrichen wurden. Der Dichter soll es eingehend
459 1507 1638 1565 und zerstören, ohne zu schaffen und Neues an die Stelle des
100 1524 463 1595 erden. Als Vor¬
1640 1532 2822 1608 geschildert haben, wie die Willis den armen Jüngling zu Tode
463 1553 1638 1619 Alten zu setzen, wohl berechtigt sei, daß es aber die Jungen
108 1564 465 1634 teten die jungen
1637 1580 2823 1651 geliebt, was, wie die Eingeweihten behaupten, ein sehr
469 1592 1635 1660 mit Ibzen halten, der da sagte: „Zu fragen ist mein Amt,
112 1616 465 1673 n Vortragsabend,
1644 1623 2830 1683 umständlicher Proceß gewesen ist. Zu Tode dichten ist ein¬
459 1622 1631 1693 nicht zu ##tworten.“ Die gegenwärtige Literatur sei nur Vor¬
105 1658 464 1718 cht anwesend war.
1645 1661 2818 1724 facher. Hätten die Willis dem Unglücklichen einen gewissen
468 1676 1641 1746 bereitungüir etwas Großes, Dünger für die Zukunft. „Es
102 1698 468 1764 eiblein hatten sich
1639 1721 2831 1779 Band Gedichte vorgelesen, er hätte vielleicht straks das Zeit¬
463 1722 1635 1784 wird ein Tag kommen,“ rief der Sprecher begeistert aus, „wo
98 1740 467 1807 ten sich eilig mit
1646 1750 2681 1815 liche gesegnet. Aber so grausam sind die Willis nicht.
476 1760 1635 1827 wir nicht mehr gelesen werden Freuen wir uns darauf.“ Man
93 1780 467 1842 igen mis größerer
1725 1782 2821 1865 Weitere Vorträge waren: „Lieder von der Straße“, von
462 1791 1641 1864 wird zugeben, daß Herr Fels zu bescheiden ist; er wird mit¬
108 1819 465 1886 Forstandsmitglieder
1630 1851 2816 1901 J. J. David, sehr hübsche Gedichte, die bal“ an Lenau, bald
474 1836 1640 1911 sammt seinen Genossen schon heute nicht gelesen und die
110 1870 467 1924 nnenden Hauptes
1637 1881 2827 1941 an Heine erinnerten, jedoch im guten Sinne des Wortes, und den
466 1884 1635 1949 Gegenwart bietet ihm in dieser Beziehung alle Freuden, die
113 1897 479 1973 hrer Lieben; aber
1633 1920 2826 1987 Lichtpunkt des Abends bildeten, zwei Gedichte von Arthur Schnitzler,
468 1924 1647 1990 er nur je erhoffen kann. In seinen weiteren Ausführungen
116 1951 466 2013 Publicum bot in¬
1649 1949 2838 2020 von welchen besonders das eine: „Am Flügel“, unverkennbar den #
483 1988 1642 2038 suchte er zu beweisen, daß jeder Schritt weiter in der Civili¬
115 1986 476 2054 eresse. Da waren
1655 2004 2823 2063 Einfluß Baumbach's widerspiegelt, ferner ganz werthlose Kampf¬
480 2011 1653 2086 sation ein Schritt weiter in der Decadence sei und wieder
105 2030 471 2101 erzausten Schopfe,
1652 2033 2825 2110 poëme von Karl Henckel und Konrad Mies, beiläufig durchwegs;
472 2056 1641 2122 rief er mit Emphase aus: „Mit Stolz können wir sagen: Wir
119 2062 472 2136 n Genies ist, und
1647 2077 2854 2161 von der abgedroschenen Phraseologie der folgenden Strophen:
483 2098 1642 2168 sind decadent!“ Rauschender Beifall der Gesinnungsgenossen, dem
110 2112 475 2182 Bewußtsein, daß
1907 2144 2594 2201 „Wir suchen mit brennenden Seelen (!)
480 2129 1643 2202 wir ausnahmsweise zustimmen. Der Vortragende präcisirte ferner
115 2154 468 2228 ler abgesetzt und
1863 2186 2433 2230 Erlösung aus tosendem Streit;
476 2174 1652 2240 den Charakter der naturalistischen Literatur dahin, daß sie
115 2197 478 2266 ben Ihnen droht
1863 2207 2510 2284 Und ob wir auch irren und fehlen,
471 2221 1656 2297 das Unbedeutende und Unzusammenhängende der Zeit und
108 2239 471 2315 Papa und Mama
1868 2260 2458 2321 Wir dienen in Treue der Zeit!
473 2257 1655 2337 ihrer Vorgänge getreu widerspiegelt. Sapienti sat! Alle
109 2286 476 2365 zum Geschenke er¬
1902 2279 2612 2362 Wir stürmen durch Elend und Grauen
488 2296 1657 2373 großen Reiolutionen wären gewissenlos, und wenn dies die
122 2315 484 2390 seildem Hermann
1867 2334 2564 2405 Zur Gottheit auf schwindelndem Pfad
478 2348 1661 2410 Geschichte sei, so dürfen auch die Naturalisten beruhigt sagen:
121 2362 480 2432 en Napf tauchen?
1873 2371 2433 2430 Und über die Abgründe bauen
480 2391 1656 2453 „Wir sind gewissenlos!“ Neuer, rauschender Beifall der Ge¬
106 2408 489 2479 irsorglichen Eltern
1867 2410 2487 2479 Wir trotzig die Brücken der That.“
488 2427 1661 2506 sinnungsgenossen. Es würde zu weit führen, wollten wir hier
120 2452 483 2519 k fallen wird, daß
1720 2445 2832 2524 Nun, wo sind die Brücken der That? Wir glauben, es
488 2464 1647 2544 mehr aus diesem lächerlichen Vortrage mittheilen, nur den
118 2484 478 2564 kückgreifen werden,
1646 2508 2828 2566 hatte eher Herr Fels Recht welcher den Naturalisten die
487 2521 1656 2580 Schlußsatz wollen wir noch seiner Curiosität willen wörtlich
113 2527 477 2603 Freude zu bereiten.
1645 2543 2838 2619 leichtere Aufgabe zusprach, Fremdes herabzusetzen, als Herr
479 2554 1652 2628 wiedergeben. Er lautet wie folgt: „Mögen Sie vielleicht auch
110 2564 483 2646 dem ganzen Grolle
1650 2589 2836 2658 Mies, welcher von Thaten und Leistungen spricht. Wahrlich
489 2602 1652 2667 mit Manchem, was Sie heute und an kommenden Tagen hier
110 2617 480 2685 ien Bühne“ ange¬
1660 2638 2839 2699 um dem Publicum einen Abklatsch längstvergessener romanti¬
481 2637 1651 2717 sehen, nicht ganz zufrieden sein; das Zeugniß werden Sie uns
116 2659 483 2725 rümpfe mit mäch¬
1651 2678 2837 2736 scher Sagenstoffe oder mehr minder gelungene Nachempfin¬
478 2681 1653 2757 nicht verweigert. können, daß wir uns wenigstens in dem
116 2705 479 2774 en Voiles, welche
1653 2714 2842 2777 dungen älterer, bereits in weiteren Keisen verbreiteter Dichter
488 2729 1644 2787 Einen consequent geblieben sind: in der großen Incon¬
119 2744 490 2823 hen, die nicht da
1659 2764 2842 2835 zu bieten, war es nicht nothwendig, in Wien eine „Freie
486 2770 1652 2838 sequenz. Und wir, unserem künstlerischen Programm gemäß,
155 2788 483 2853 daß es mit der
1652 2789 2077 2874 Bühne“ zu gründen.
495 2795 1640 2876 werden uns von dieser Anerkennung beinahe befriedigt fühlen.“
118 2820 488 2894 wie sich dies denn
1741 2837 2849 2896 Wir wollen noch erwähnen, daß die Herren Reimers
474 2837 1666 2915 Mit diesem blühenden Unsinn schloß der Vortrag ab, welcher
124 2865 490 2944 r Richtung erwies.
1667 2885 2832 2945 und Devrient die verschiedenen Gedichte sehr schön vor¬
480 2896 1656 2973 nur als Beweis gelten kann für die Anmaßung, mit welcher
130 2917 482 2979 bildete jedenfalls
1657 2934 2833 2988 getragen haben — so schön, daß man manches schwächere
481 2940 1660 3004 man es heutzutage in Wien wagt, über Kunst und Literatur
113 2963 483 3022 uns immer wieder
1667 2968 2846 3025 Stück beinahe für gut hätte halten können. Auch Fräulein
484 2994 730 3071 zu dociren.
117 3006 496 3069 ssen drohte. Den
1658 3018 2840 3079 Odilon hätte mitwirken sollen, wurde jedoch, wie das
565 3018 1671 3092 Wir aber griffen zur Erholung wieder nach dem Speise¬
133 3046 496 3107 e kleine Gemeinde,
1658 3046 2844 3112 Programm mit fetten Lettern verkündete, „durch ein Verbot
478 3064 638 3154 zettel:
127 3086 486 3146 in Aussicht steht;
1665 3104 2857 3157 der Direction“ daran gehindert. Die Schauspielerinnen am
563 3099 1213 3174 „Jungfernbraten à la creme
165 3108 498 3197 auf die Kosten.
136 3141 189 3208 t
1649 3131 2205 3205 Volkstheater haben es gut!
557 3146 1660 3211 Ein Gedicht von Felix Dörmann: „Die Willis“, gelangte
149 3168 418 3241 künden hat:
1740 3164 2839 3247 Um die weichlichen Darbietungen der Naturalisten zu ver¬
486 3196 1668 3271 zum Vortrag. Die todten Bräute, welche vor Der Hochzeit
1668 3219 2857 3305 gessen studirten wir nochmals die Speisekarte und trafch
481 3234 1657 3301 gestorben, erstehen nach einer slavischen Sage allnächtlich in
135 3251 498 3326 Herr Friedrich
1669 3257 2105 3343 endlich unsere Wahl:
129 3285 1659 3357 hint, daß ihn selbst Liebessehnsucht zum Leben und tanzen den Jüngling, der sich
1748 3294 2311 3375 „Schweinscarré mit Kraut!
488 3314 1671 3385 in ihren Kreis verirrt, zu Tode. Das vorgeblich natura¬
340 3343 506 3399 — die
146 3348 314 3408 kennen
1742 3342 2700 3440 Das war das saftigste Stück des Abends gewesen.
128 3360 1672 3444 erne“ — auch ein listische Gedicht trieft von Romantik, wie denn der Sagenstoff
2677 3369 2816 3472 h. k.
128 3387 1689 3484 ag, der das eine der Willis schon ein Lieblingsstoff der alten Romantiker war
2456 3425 2976 3632 Nu. 66
