3436 4320
294 163 463 242 30
524 165 1292 228 asanovas Heimfah
468 183 1413 265 eneeeee  . A  AH
545 473 611 550 8
501 521 782 609 Gazette
977 552 1082 630 Va
554 573 930 658 Charleston
901 617 1143 707 Aust
388 711 978 896 Books by Color
498 880 1111 1014 Norothe Vogue
366 1070 1110 1154 Bindings Designate Na¬
466 1139 1030 1221 ture of Contents of
570 1204 932 1285 New Series
535 1313 949 1390 By EDWIN SEAVER
411 1351 1115 1429 The consideration of publishers for
382 1413 1114 1480 the reading publie these days is qulte
390 1459 1111 1518 overwhelming. Simon & Shuster, for
376 1496 1109 1567 instance, are issuing their new dollar
376 1539 1105 1608 books In three colors, and not for
370 1604 1107 1658 mere decorative purposes, The three
387 1631 1097 1690 colors are veritable llghthouses of in¬
373 1686 1106 1743 formation for the storm-tossed reader.
370 1729 1098 1781 Blue stands for "books In a more or
378 1774 1115 1823 less serlous veln.“ Red stands, not for
386 1808 1093 1885 danger, but for books of a lighter na¬
374 1851 1103 1918 ture. Whereas green stands neither
372 1890 1100 1957 for books serlous, not so serlous, nor
380 1950 1104 2005 even for books nôt at all serlous; green
376 1988 1106 2044 stands for detective and mystery
376 2034 553 2085 storles.
410 2062 1087 2119 Henceforth, I buy my books by col¬
380 2098 1099 2155 or alone; brown for bromides, pink for
382 2139 1096 2194 pofnography, black for bum blogra¬
379 2176 1095 2230 phy, yellow for yawning yarns, cerise
383 2215 860 2280 for sentiment, et cetera.
416 2257 1094 2316 Well, this week's allotment brings
439 2319 1090 2365 a red bock and a green. The former
368 2350 1087 2393 vu J. P. MeEvoy's Denny and the
368 2376 1087 2430 Dumb Cluck.“ The latter is Arthur
372 2403 1083 2467 Schnitzlon +Casanova's Homecoming.“
483 2441 1097 2496 EVBy stilf finds the heart¬
370 2483 1093 2536 throb racket,“ that is to say, the greet¬
369 2510 1100 2573 ing-card industry, fert'le soll for semi¬
366 2560 1087 2607 sutircal, violent burlesque. His pres¬
373 2595 1085 2644 ent book is tle story of Denny, the
364 2617 1088 2665 Heart-throb racketeer, and Doris, that
362 2662 1088 2711 du.sb cluck who was not too dumb to
366 2687 1095 2758 land the redoubtable Denny, idol of
381 2725 724 2782 the lady buyers.
406 2755 1093 2816 Mr. Meuvoy's story Is told in a se¬
360 2796 1101 2854 #ries of lôtters, heart messages, verses
358 2831 1098 2885 by the company's poet laureate, wise¬
370 2880 1095 2924 cracks and asides. It reads as if a good
365 2912 1093 2958 deal of it was distated but not read.
385 2943 1098 2996 he book ie American in the same
379 2968 1101 3029 way that chewing gum, comic supple¬
372 2999 1095 3067 ments and loud speakers are Amerl¬
371 3043 531 3089 can. It
593 3048 630 3090 A
624 3055 1088 3104 violent, noisy book de¬
358 3081 1092 3143 Imanding of the reader not so much in¬
366 3109 1093 3173 telllgence as u cast-iron stomach, an
375 3155 1094 3217 extraordinary sense cf humor and an
372 3182 843 3248 absolute lack of nerves.
364 3240 1082 3310 Schnitcler's" Casanova's Homecom¬
362 3299 1088 3346 ing“ war the first published in this
354 3340 1091 3392 country by Thomas Seltzer, some nine
358 3376 1090 3426 years ago. It relates an lmaginary ad¬
365 3391 1087 3461 venture of the senescent rake, llar
363 3438 1088 3491 and scoundrel and presents the pathos
370 3472 1088 3525 inherent in the situation of an old
372 3505 1086 3558 man of unquenchable ardor whose at¬
355 3534 1094 3595 Itentlons are tolerated with contempt
362 3572 1081 3641 Iby youth, when persistence does not
368 3608 964 3671 make thein actually revolting.
397 3651 1088 3705 Schnitzler's nov“l has the tone of
355 3688 1081 3736 the eighteenth century memolre and
365 3718 1082 3783 Is written with thät elegant simplictty
368 3760 1085 3816 of his best manner. It does not rival
363 3790 1086 3851 in achlevement the best of his short
362 3821 1077 3886 störles and one-act plays; nche of his
358 3857 846 3914 longer works does; büt 1
908 3868 1083 3914 a fine
358 3900 1089 3974 Istory, beautifully done and genuinely
368 3925 616 3984 entertalning
1547 161 1970 247 box 4/11
1541 557 2177 633 HEMSTREET
1562 612 2141 684 96 WARREN STREET
1606 675 2108 745 NEW FORK CITY
1532 784 1752 877 Tines
1524 844 1931 953 Buffalo M# #
1521 939 1670 1015 AUG
1707 936 1910 1015 171930
1705 996 2990 1151 OF PUBLISHERS
1645 1200 2948 1373 Casanova s Homecomung,
1713 1341 2965 1512 Rare Study of Villainy
1570 1586 2989 1677 Defeat of Arch-Scoundrel by Old-Age Furmshes Theine
1890 1671 2668 1769 of, Schnitzler’s Strong Novel
2048 1749 2498 1837 By KATE BURR
1607 1808 2973 1877 A LTHOUGH Arthur Schnitzler's far-famed novel, Casanova's Home¬
1576 1839 2986 1903 ∆A coming,“ made its first appearance in 1918, the version of it in English
1563 1906 2989 1950 hitherto has been known only to a limited circle of the American reading
1567 1946 2985 1993 public. The publication by Simon and Schuster, of the translatien from
1571 1975 2994 2049 the German by Eden and Cedar Paul, is therefore to all intents and purposes
1566 2016 2137 2070 the ssuance of a new work.
1595 2055 2288 2103 The book is included in the Inner
1572 2094 2276 2155 Sanctum series of fiction, and is a
1567 2133 2286 2186 distinguished accession to it. Like
1574 2180 2285 2239 its companion volumes, Casanova's
1562 2201 2092 2261 Homecoming,“ is priced 81.
1621 2234 2278 2300 Casanova’s Homecoming’ is an al¬
1572 2276 2282 2342 luring title. The cholce of a fictional
1564 2331 2276 2375 motif derived from Casanova's re¬
1558 2362 2281 2408 turn to Venice as an aging man, is a
1568 2400 2276 2448 conspicuous instance of Schnitzlerian
1560 2428 2288 2486 subtlety. Any writer of a novel based
1558 2468 2279 2527 on Casanova's life labors under the
1571 2499 2286 2561 handicapping fact that what really
1568 2549 2307 2599 happened to Casanova is stranger
1568 2575 2289 2642 than the wildest romance. It would
1568 2622 2267 2673 be impossibie to imagine a more in¬
1562 2662 2269 2713 credible adventure than what actual¬
1560 2695 2277 2753 ly befell Casanova in his escape from
1569 2728 2270 2803 the prison of the“Leads“ in Venice.
1635 2798 2278 2863 ISELY, and with a consumimate
1565 2809 2271 2916 VV sense of what ls admissible in art,
1557 2897 2283 2944 Schnitzler has not tried to embellish
1556 2925 2274 2984 listory. By the same token, he has
1561 2958 2277 3037 not sought to usurp history’s throne
1551 2999 2036 3058 or to invade her realm.
1594 3024 2270 3096 The Casanova who holds the center
1547 3071 1638 3135 of
1639 3088 2273 3127 Schnitzler’s stage is not the
1555 3113 2269 3165 dazzling adventurer who bewildered
1554 3145 2274 3226 Europe with his mingled villainy and
1560 3187 1728 3248 charm!
1587 3204 2264 3271 No, the homecoming Casanova ol
1544 3263 2278 3313 Schntzler long since has shot earth¬
1552 3303 2270 3355 ward from his zenith. He is 53 years
1555 3334 2279 3393 old. He fully realizes his decline.
1555 3367 2278 3441 But none the less fiercely he revolts
1557 3419 2266 3463 against it. At 53 Casanova is yet a
1548 3454 2262 3501 sccundrel, a desperado, a cutthroat—
1553 3486 2268 3542 and a wizard. Power to fascinate is
1544 3526 2260 3589 indeed the dominant fact of Casa¬
1543 3564 1933 3626 nova's personality.
1579 3620 2269 3700 DUTit is fascination without, win¬
1540 3680 2267 3751 1 someness. Fascination that is
1549 3721 2261 3775 snakelike! The legend of the boa¬
1547 3750 2262 3802 constrictor’s jeweled eye, enthralling
1556 3800 2265 3862 the bird, has a human metamorphesis
1550 3833 2100 3896 in the career of Casanova.
1581 3875 2258 3924 Yet Casanova sees, and Schnitzler
1551 3892 2262 3970 makes us see, that Casanova's lure,
1554 3949 2273 4011 tremendous as it 1s, is not infallible.
1546 3983 2070 4037 Especially in a man of 53.
1594 4010 2248 4075 When, by n subterfuge so abomin¬
1553 4040 2256 4112 able that it sounds the uttermost
1555 4103 2268 4148 abyss of infamy, Casanova betrays
1549 4132 2255 4174 Marcolina, and the girl discovers the
