3484 4320
273 235 456 339 30
501 241 1379 312 Casanovas Heimfahrt
1489 226 1957 323 box 4/10
465 284 1392 353 0
740 1011 1579 1081 „Wiener Lonn= und Mantags-Beitung“.
1879 996 2307 1086 10. Februar 1919
2609 1009 2812 1095 Nr. 6
391 1079 597 1150 estellung.
707 1097 1747 1143 Viel schärfer gingen die Meinungen beim nächsten Programm¬
1760 1099 2916 1170 Kontrast zu seiner früheren naturalistischen Sachlichkeit steht, der
395 1134 596 1190 auber
608 1134 1744 1210 punkt auseinander: die Ausirrache über denselben führte auch noch
1762 1159 2908 1225 andere mit deren Akzent, der zerfasernden Kunst seiner überlegenen
390 1178 583 1241 nlassung
602 1183 1740 1247 zu keiner Einigung und soll demnächst fortgesetzt werden. Es
1755 1206 2918 1272 Psychologie. „Der Ketzer von Soana“ von Hauptmann und
384 1232 597 1287 sstandes
613 1237 1746 1306 handelte sich um de neue Bestimmung, der zufolge von nun ab
1756 1265 2908 1328 „Casanovas Heimfahrt“ von Schnitzler sind beide erotische Er¬
388 1275 581 1346 Soldaten
607 1287 1744 1355 nur Angehörige der „deutschösterreichischen Natio¬
1760 1289 2916 1376 zählungen. Das Italien deutscher Sehnsucht ist mit seiner schön¬
412 1325 586 1392 wurden
597 1337 1749 1412 nalität“ in den Ausschuß gewählt werden können. Tatsächlich ist
1756 1344 2912 1416 heitsüberstrahlten Gebirgswelt der Schauplatz für das tragliche
605 1387 1743 1449 diese Bestimmung in doppelter Hinsicht bedenklich. Erstens wegen der
1762 1395 2913 1452 Liebesidyll Hauptmanns und die leuchtenden Farben dieser Natur
591 1430 1741 1502 nicht einwandfreien Bezeichnung; denn es gibt wo l deutschöster¬
1755 1437 2910 1520 blden einen wundersamen Zusammenklang mit der jäh entflam¬
603 1485 1740 1550 reichische Staatszugebörigkeit, Staatsbürgerschaft und
1755 1497 2913 1544 menden Leidenschaft des jungen Priesters zu einem der Sünde
407 1475 570 1572 182
592 1528 1741 1610 deutsche Nationalität, aber „deutschösterreichische Natio¬
1756 1544 2911 1609 entsprossenen Naturkinde. Unter allen Werken Haupimanns ist diese
605 1587 1744 1647 nalität“ ist eine etwas gewagte Bezeichnung eines schwankenden
1756 1595 2901 1657 in engen Rahmen gepreßte Erzählung die sinnlichste. Sie wirkt in
609 1631 1738 1694 Tegrisses. Zweitens wegen des Inhalis, der verlassen von künst¬
385 1646 513 1707 en.
1758 1646 2913 1697 ihrem heißen Uieberschwang, ihrer vibrierenden Leidenschaftlichkeit
593 1687 1739 1746 lerischem Geiste, pelitiiche Begrenztheiten schaffen will, welche dem
1758 1686 2912 1744 we ein Juge d.verk. Sie ist wie en Bekenntnis zu allem Ur¬
411 1690 577 1770 meldet
602 1724 1735 1792 Hause nur Nachteile, aber keine Vorte le bringen können. Freilich
1751 1745 2922 1813 sprünglichen, zur inbrünstig pantheistlichen Hingabe an die Natur
388 1749 578 1817 London
591 1787 1732 1844 ist in dieser Zeit der hochg henden nationalen Wogen auch in
1749 1783 2920 1860 und dem elementaren Geschlechtsempfinden. Es ist eine fast
388 1798 577 1863 oliti¬
594 1829 1735 1895 unserer Künstlergenossenschaft eine diesbezüglich gereiie Stimmung
1761 1830 2922 1904 beidnische Welt, die antike Sinnlichkeit des Theokeit nach dem
391 1849 569 1913 erzielte
585 1876 1731 1948 begreiflich. Aber wir müßten unsere Ueberlegenen gerade in
1746 1897 2601 1956 grauen Alltag der Hauptmannschen Frühwerke.
385 1897 571 1963 brüber¬
592 1931 1745 2000 solcher Ziit beweisen, wie dies soelen der prachtvolle Apreell
1863 1941 2908 1995 Schnitzler versent sich in das Seelenleben des alternden
394 1951 571 2017 d der
586 1976 1740 2043 Barbusses und seines Kreises bewiseen hat, der alle geistigen
1753 1979 2912 2049 Casanova. Verlohende Flammen, ein letztes Aufzucken nimmersatten
396 2000 573 2062 e Ant¬
582 2033 1733 2083 Arbeiter, hüben und drüben, zu gemeinsamer Ueber¬
1756 2029 2908 2127 Liebesbegehrens sind in dem fünszigjährigen Chevalur von Sein¬
381 2048 562 2108 ind er¬
593 2083 1733 2150 brückung all der durch Krieg, Politik, Nationalität, Kon¬
1742 2103 2905 2160 galt. Der Abend senkt sich schwermütig berad über ein Leben un¬
394 2090 567 2159 zentige
594 2125 1737 2198 fession 2c. erzeugten unmenschlichen und kurzsichtigen Anschauungen
1747 2138 2907 2216 erhörter Abenteuer. Der Eroberer ist müde geworden, sein Herz
390 2142 564 2202 eid der
588 2175 1729 2230 aufruft. Ich möchte den Fall, der jetzt im Künstlerhause zur Dis¬
1751 2182 2907 2250 krank vor Sehn ucht nach der lange gemiedenen venez anischen
396 2179 564 2260 #e ihre
594 2222 1738 2286 kussion steht, an einem Beispeel erläntern. Ein fremder Maler,
1755 2232 2911 2314 Heimat. Dieser gealierte Casanova ist ein Vergessener, Geremütigter,
588 2266 1734 2335 sagen wir ein Spanier, wird nach Wien verschlagen und wird
1748 2285 2900 2355 seine entflohene Jugend, der verblaßte Glanz seines Ruhmes er¬
419 2285 564 2354 Lage
589 2314 1731 2392 Mitglied des Künstlerhauses. Er ist ein ausgezeichneter Künstler,
1748 2340 2911 2408 füllt ihn mit Erbitterung und einer unsagbaren Traurigseit des
391 2334 569 2401 daß es
588 2365 1728 2424 auch sonst eine kluge und tatkräftige Persönlichkeit. Wäre es nicht
1748 2383 2904 2450 Herzens. Um die Heimkehr erlangen zu können, willigt er in die
380 2387 559 2454 #beiter¬
590 2425 1720 2469 ein Schaden für das gesane Künstlerhaus, eine solche ersprieß¬
1747 2432 2897 2507 Ernedrigung en. Spionendienste vom Rate in Venedig anzunehmen.
378 2444 518 2502 nd g
583 2451 1723 2540 liche Kraft nicht in den Ausschuß senden zu können? Umgekehrt,
1738 2485 2905 2555 Der Gott ose wird zum Pamphletisten des Gottesleugners Voltaite.
398 2483 569 2564 r frag¬
581 2505 1726 2587 ist ein Ausländer nicht tüchtig, so müßte er ja nicht zum Mitglied
1750 2529 2904 2606 Casanovas frivoler Geist setzt sich in Gist um. In dieser Seelen¬
581 2574 1730 2644 des Hauses ernannt, geschweige denn in den Ausschuß
1750 2579 2894 2646 lage findet er im Hause seines einstigen Schürlings Olivo, dessen
592 2626 1727 2689 gewählt werden! Das hängt doch jederzeit nur vom
1735 2625 2903 2715 Frau er verführt, die schöne, geistvolle Marcolina, ein junges. sich
581 2673 1725 2736 Plenum ab! Wozu also den neuen Poragraphen? Nur um sich
384 2646 487 2739 1.
1741 2679 2902 2761 scheinbar spröde versagendes Weib, das ihm unter allen Frauen,
589 2711 1722 2772 auch im wänschenswerten Falle selbst die Möglichkeit der Wahl
1746 2740 2902 2810 deren Gunst er eroberke, als die einzige erscheint, die er lange und
583 2768 1723 2827 eines Andländers zu versperren? Rebstbei bemerkt, würde damit
1740 2792 2900 2844 vergeblich mit der Seele gesucht. Aber es ist zu spät. Marcolina hat
388 2783 563 2859 ssentli¬
577 2810 1723 2889 auch der für eine Künstlervereinigung schier monströse Zustand ge¬
1736 2823 2892 2901 nur lühlen Spon für den gealterten Abenteurer. Ibre hingebende Liebe
396 2844 563 2911 tatters
584 2868 1727 2930 schaffen, daß ein Künstler, ein erdeutliches Mitglied, zwar das
1744 2876 2902 2948 gehört dem leichtsinnigen Lorenzi, der in seiner Schönheit wie ein
399 2899 571 2963 könne,
579 2915 1713 2981 oktive, nicht aber das passive Wahlrecht häute. Hoffentlich wird im
1737 2939 2898 2991 Ebenbild des jungen Casanova wirkt. In den Mantel Lorenzis
388 2944 567 3014 unden,
581 2970 1721 3034 Künstlerhause die Besonneneit im eigensten Interesse des Hauses
1740 2991 2896 3056 gehüllt, beschleicht Casanova in einer Nacht das junge Mädchen
394 2994 559 3059 le mit¬
586 3010 1716 3084 sowohl, wie im Interesse des guten Rufes, den sich Oesterreich
1732 3037 2892 3102 und erringt durch einen täuschenden Betrug ihre Hingabe. „Alter
392 3050 559 3110 h uns
588 3068 1716 3131 gerade durch die Behandlung selbst der seindlichen Ausländer
1738 3081 2888 3157 Mann“, mit diesem Zuruf am grauenden Morgen nach einer
420 3094 558 3157 ihrer
582 3117 1720 3173 im Kriege mit anerkanntem Erfolge erworben hat, siegen über
1737 3134 2907 3210 Liebesnacht rächt sich Marcolina an dem Betrüger bitterer als
379 3144 576 3207 schung
585 3165 1711 3231 einen mißverständlichen, der Kunst weder würdigen, noch oppor¬
1723 3157 2908 3242 durch jede Schmähung. In dieser Erkenntnis seines phrsischen
403 3190 558 3259 übri¬
579 3211 1116 3285 tunen Abspeirungsstandpunkt.
1423 3217 1699 3288 Pleia-alr.
1735 3218 2893 3307 Niederganges erlischt die letzte Flamme des Abenteur.i3. In¬
1737 3276 2873 3356 hoffnungstoser Trauer kehrt er in die schmerzlich ersehnte Heimats
380 3280 508 3355 nst
1743 3324 2892 3384 stadt ein, um niedrige Spionendiense zu verrichten. Schnitzlers
399 3343 572 3403 Frage
823 3350 1488 3449 Bücher der Saison.
1733 3388 2887 3431 Erzählung ist von einem bezanbernden Rhythmus der Darstellung,
405 3389 567 3457 sobald
1731 3434 2899 3497 ein Werk zarter künstlerischer Finessen, delikater Schönheiten, die
391 3437 564 3498 thin¬
861 3432 1428 3510 Von Hermann Menkes.
1739 3478 2897 3547 jedoch den Kontaft zu dieser menschlich unsagbar verarmten Ge¬
401 3486 573 3545 n die
689 3477 1708 3572 Wenn man einmal von den Büchern sagte, daß sie wie
1729 3532 2888 3604 stalt des senilen Amourösen im Leser nicht erringen kann. Es
384 3535 563 3610 schechi¬
579 3546 1716 3619 Menschen ihr Schicksal haben, so meinte man damit in den meisten
1733 3571 2899 3637 bleibt ein Rest einer etwas gesuchten Psychologie in dieser noblen,
382 3588 571 3651 ds er¬
575 3599 1713 3652 Fällen ein tragisches Schicksal. Es gab stets Werke, die in die
1734 3624 2621 3695 herbstlich reifen Kunst der Schnitzlerschen Novelle.
427 3634 565 3694 Wir
576 3654 1711 3721 Swigkeit gelangten, ohne die Gegenwart eiringen zu können,
1833 3681 2884 3739 Den großen Zeitroman bietet Heinrich Mann, der früher
391 3685 564 3754 er, die
568 3701 1718 3758 Bücher, die nach langer Verschollenheit über das Leben ihrer
1729 3716 2885 3771 dionysisch gesimmte Dichter der „Herzogin von Assy“ und
389 3756 1708 3819 u wir [Urheber hinaus plötzlich mit ihrer Schönhet und ihrer neuen
1725 3778 2884 3839 „Zwischen den Rassen“, in seinem „Uniertau“. Das Werk erscheint
564 3797 1712 3861 Gedankenwelt aufleuchteten. Darüber konnte ein Jahrhundert und
1717 3828 2888 3902 #ftür zeitlich späler als „Die Armen“, ging aber diesem Bide
390 3814 557 3897 chtung
578 3852 1712 3912 mehr vergehen. Sie mußten auf eine neue Menschheit warten
1721 3867 2876 3945 tragischen Ringens aus proletarischem Elend in der Nieder¬
413 3883 550 3949 Sibi¬
578 3901 1709 3968 zumindestens auf eine neue Generation. Die Denker und Dichter
1740 3921 2875 3982 schrift veran. „Die Armen“, das sind die Zukünstigen,
404 3933 549 3993 Hand
577 3958 1704 4016 waren Vorläufer eines neuen Gedankens, einer anderen Wirklichkeit
1733 3966 2875 4036 der „Untertan“ aber, wie Mann ihn schildert, der niedergegangene
384 3985 551 4045 aß wir
562 3986 1711 4063 und mußten von ihrer Umwelt oft unverstanden bleiben. Unsere
1727 4011 2889 4074 Typus des Strebertums und der kindischen Nachahmungssucht ans
381 4032 556 4098 h uns
572 4053 1712 4109 Zeit ist wohl nicht verständnisvoller, aber tüßerner nach allem
1729 4061 2891 4138 der ersten Epoche Wilhelm II., dem Deutschland des „neuen
426 4086 556 4139 han¬
563 4086 1714 4161 Neuen. Den Schafsenden steht eine wirksamere Technik des Erfolges
1728 4113 2875 4175 Kurses“ und einer innerlich hohlen Kultur. Ein Deutschland, das
431 4131 552 4191 blei¬
577 4152 1708 4204 zur Ver ügung und bei keinem der unter uns Lebenden ist eine
1726 4161 2875 4231 den Geist verriet und in einer jadenscheinigen Romantik des
389 4180 548 4234 er Be¬
571 4198 1704 4250 allzu späte, ja eist posthume Berü mtheit zu beklagen. Allerdings
2792 4224 2844 4262 112
