3484 4320
278 181 1388 253 30. Casanovas Heinfahrt
1530 174 1983 270 box 4/10
502 209 1499 295 — — — 45 1MmraITT.
843 1162 2888 1249 S WmMMMMMMRmmne
1365 1239 2378 1379 Die Dichter von 1900.
1491 1357 2230 1447 Von Karl Georg Wendriner.
832 1431 2898 1505 Gerhart Hauptmann: „Der Ketzer von Soana“ (Verla## Fischer, Berlin). — Clara Viebig: „Töchter
837 1490 2903 1535 der Hekuba“ (Verlag Egon Fleischel & Co., Berlin). — Rirarde Huch: „Luthers Glauben“, „Der Sinn
831 1535 2889 1582 der Heiligen Schrift“ (Insel=Verlag, Leipzig). — Hermann Hesse: „Märchen“. — Emil Strauß: „Der
833 1575 2904 1634 Spiegel“. — Peter Altenberg: „Mein Lebensabend“. — Arthur Schnitzler: „Casanovas Heimkehr
1446 1618 2287 1688 nach Venedig“ (Verlag G. Fischer, Berlin).
830 1663 1868 1740 □m Herbst 1889 begann die letzte Epoche deutscher
1869 1667 2884 1746 Heute wissen es alle, auch die jüngsten, mit denen wir
844 1725 1861 1775 O Literaturgeschichte. Dichtungen des Auslands, die
1869 1735 2884 1807 in unserer Bewunderung für Rilke und Werfel eins sind:
1860 1783 2356 1840 daß er unser Größter ist.
832 1759 1855 1821 Dramen Ibsens, die Romane Zolas, die Kunst der großen
832 1809 1857 1868 Russen hatten den Weg gewiesen. Die „Freie Bühne“
1914 1808 2896 1892 Houptmanns „Der Ketzer von Soana“, im letzten
836 1868 1851 1927 brachte die Erstaufführung der sozialen Tragödie „Vor
1865 1857 2888 1932 Kriegsjahre erschienen, steht nicht am Ende seiner Ent¬
845 1914 1863 1969 Sonnenaufgang“ und entdeckte Gerhart Hauptmann.
1865 1904 2893 1976 wicklung. Der Dichter erzählt, daß er die Novelle unter
835 1951 1866 2011 Wir, die Söhne der achtziger Jahre des neunzehnten
1859 1967 2889 2013 alten Papieren fand, sie nur für sich drucken ließ und
840 1990 1850 2055 Jahrhunderts, haben Hauptmanns „Einsame Men¬
1861 1999 2891 2041 von seinen Freunden bestimmt wurde, sie zu veröffent¬
840 2039 1853 2098 schen“ heimlich gelesen, da wir Gymnasiasten waren,
1866 2037 2897 2101 lichen. Hauptmann hat uns Persönlicheres geschenkt.
840 2080 1865 2145 wir haben seinen „Michael Kramer“ als Studenten in
1865 2087 2898 2143 Aber er hat nie ein im Aufbau, in der Form vollendeteres
839 2130 1857 2186 unserer Tasche getragen und sind nie irre geworden
1858 2130 2896 2180 Kunstwerk geschaffen. Wie ein antiker Tempel, ausgegraben
830 2169 1860 2226 in unserer Liebe zu dem Dichter der „Weber“. Eine
1866 2179 2894 2228 aus griechischer Erde, errichtet der Gottheit aller irdischen
827 2218 1857 2281 neue Generation wuchs heran. „Hauptmann ist tot“,
1855 2222 2895 2275 Fruchtbarkeit, baut sich die Dichtung auf. Kunstvoll wird
830 2267 1862 2316 schrie sie uns ins Gesicht. Stefan George, Rainer
1870 2268 2885 2324 die Novelle in eine Rahmenerzählung eingeschlossen, ver¬
842 2309 1855 2364 Maria Rilke, Heinrich Mann wurden auf den Schild
1863 2309 2891 2375 schwimmen zum Schluß Dichtung und Wahrheit, Erzählung
841 2351 1856 2405 erhoben. Der Krieg zog durchs Land. Die Menschen
1868 2357 2901 2404 und Erleben ineinander, gleichsam die göttliche Reinheit
840 2398 1858 2451 starben in den Schützengräben und in der Heimat. Und
1866 2401 2888 2456 des Geschehnisses offenbarend. Die Menschen und die
827 2441 1855 2497 die Überlebenden suchten nach einem Dichter, in dessen
1861 2436 2891 2490 Tiere, die Wiesen und die Steinwerke der Bildhauer werden
829 2487 1855 2543 Worten sie Trost finden konnten für das Unfaßbare ihres
1855 2484 2888 2538 in dieser Dichtung zu Symbolen irdischer Sinnlichkeit,
836 2527 1861 2592 Erlebens, ihrer Trauer. George? Heinrich Mann? Frauen,
1869 2532 2894 2588 göttlicher Fruchtbarkeit. Die Ziegen schleppen ihre Euter
830 2568 1856 2624 deren Söhne und Brüder vor Verdun, an der Somme
1857 2575 2893 2631 schwer hinter sich her, die schreienden Fischadler kreisen
838 2612 1858 2676 gefallen waren, entdeckten den „Emanuel Quint“. Und
1865 2617 2903 2681 hochzeitlich über den Felsen, die gelben Wiesenhlumen
843 2659 2891 2713 erlebten Gerhart Hauptmann wie ein neues Wunder, stürmen gegen die verrufene Schwello des blutschänderischen
904 2784 1476 2929 Reclams Universum
1064 2877 1327 2974 Leipzig
1395 2914 1755 3031 3771 1519
