3392 4256
534 177 1374 252 asanovas Heimfahrt
296 179 1415 292 30 eenenene een chen e
1538 181 1985 267 box 4/11
1487 1161 2702 1225 reading of this book leaves one with the feeling of
1504 1225 2702 1288 incredulity that a child of that age had written it.
1499 1294 2705 1354 But whether the story is genuine or not is here
1494 1348 1800 1419 immaterial.
1548 1401 2690 1464 The evidence is that “Casanova’s Homecoming''
1493 1470 2697 1537 and Women in Love' were each produced for sub¬
1506 1541 2703 1596 scribers only in a limited edition of 1250. Ten Dol¬
1505 1589 2714 1649 lars was the price of“Casanova’s Homecoming'';
1502 1647 2139 1724 815 for Women in Love“
1554 1714 2708 1777 Section 1141 of the Penal Law, among other
1501 1785 2700 1845 things, forbids the publishing, selling, loaning, giv¬
1503 1838 2709 1894 ing away or having in possession with intent to sell,
1503 1893 2714 1961 loan or give away any book, picture or writing that
1498 1950 2696 2008 is obscene, lewd, lascivious, filthy, indecent or dis¬
1502 2010 2693 2089 gusting. A violation of this section is a misde¬
1501 2076 2713 2141 meanor punishable by not more than one year’s im¬
1507 2140 2337 2205 prisonment or 81000 fine, or both.
1542 2199 2703 2267 It is conceded that defendant Seltzer published,
1501 2268 2710 2329 possessed with intent to sell and did sell the three
1504 2334 2716 2388 books, and that Mary H. Marks did loan one of
1503 2385 2723 2451 these books, "A Young Girl’s Diary', to various
1497 2446 1719 2518 persons.
1555 2471 2709 2579 The sole question, therefore, is: Arethe books in
1506 2567 2705 2627 question, as à matter of law Pobscene, lewd, lascivi¬
1499 2638 2703 2691 ous, filthy, indecent or disgusting'’ within the mean¬
1507 2687 2705 2744 ing of this statute? If the answer is in the affirma¬
1504 2747 2717 2812 tive, the defendants should be beld; if in the
1500 2810 2391 2879 negative, they should be discharged.
1552 2872 2722 2934 To properly answer this question an examination
1495 2928 2716 2979 of the authorities both as to the meaning of the
1504 3008 2718 3066 statute and as to the methods emploved by the law
1505 3065 2592 3120 to determine that meaning becomes necessäry.
1554 3109 2715 3168 The testimony of literary eritics and the clip¬
1497 3185 2712 3239 pings of varions newspapers and magazines süh¬
1506 3237 2709 3293 mitted by consent, not as evidence, but merely to
1511 3287 2726 3350 refresh the couri's common knowledge, nearly all
1503 3358 2718 3408 praise the books as important contributions to the
1509 3415 2715 3476 literature and thought of theage. Two physicians
