3392 4256
451 104 1303 181 asanovas Heimfahrt
1468 94 1918 196 box 4/11
226 124 1335 220 30. g    af .
1389 1080 1727 1174 POINT I.
994 1206 2154 1287 This book is not pornographie and has
951 1272 2158 1343 none of the earmarks of that kind of
950 1334 2161 1389 dirty literature which is sold under the
940 1391 2164 1474 counter. The name of the author stands
939 1470 2149 1530 high as a creator of literature. The
937 1514 2151 1591 leading educational institution of Amer¬
945 1579 2152 1638 ica, Columbia University, in one of its
944 1641 2157 1699 outstanding extension courses, not only
942 1714 2155 1770 refers to Dr. Schnitzler as one of the six
950 1767 2163 1815 great German writers of our age, but
948 1817 2158 1903 comments with approval on this very
952 1887 2156 1945 volume. To condemn this volume is to
944 1946 1639 2027 indict the community.
985 2062 2156 2120 In St. Hubert Guild v. Quinn, 64 Misc. 336, the
951 2142 2156 2197 Court insisted that “contemporaneous literature
951 2190 2070 2267 must, of course, be judged by current opinion.“
985 2256 2153 2316 Community morality, then, may be summed up
940 2313 2153 2367 as follows: That ichich society uccepts is moral;
938 2360 2158 2423 that ichich it rejects is immoral. Perhaps no one
943 2439 2151 2503 has expressed this philosophy as tersely as Justice
949 2494 1828 2561 Holmes of the U. S. Supreme Court:
1047 2577 2139 2631 The first requirement of a sound body of law
1037 2632 2146 2676 is, that it should correspond with the actual
1042 2679 2143 2731 feelings and demands of the community,
1050 2730 2157 2804 whether right or wrong.? (Oliver Wendell
1050 2782 1968 2850 Holmes, Jr., The Common Loi, p. 41.)
995 2879 2150 2946 As a result, that which society approves gains
938 2942 2148 3032 immunitg and cireulates openly; that which society
945 3001 2142 3086 condemns is driven to cover, and compelled to flow
949 3066 2150 3138 through devions, subterranenn channels. Witness
946 3134 2142 3208 the customary course of pornography. Salacious
950 3194 2142 3257 pictures and literature fravel the paths of secrecy.
950 3242 2159 3310 They are sold in alleys, behind closed doors, under
941 3304 1723 3379 counters, by sneaky individuals.
