3392 4256
296 204 1410 279 30. Casanovas Heinfahrt
496 238 1421 306 e   d
1545 180 1973 279 box 4/11
1912 1202 2271 1281 POINT IV
1542 1329 2677 1393 In judging Casanova’s Homecoming'
1488 1390 2698 1463 by the long-established rules, it must be
1499 1446 2708 1515 read as a whole: and on that basis it
1499 1505 2011 1585 must be upheld.
1541 1606 2691 1708 A work of art, and particularly a book, is to be
1492 1686 2695 1740 indged by its entirety, not by isolated fragments.
1503 1739 2697 1808 Both in England and in this state the judicial test
1502 1807 2691 1864 is to be applied to the ichole book, and not to ex¬
1497 1876 2713 1948 cerpts which may be singled out by the instigator
1496 1932 2061 2004 of the obscenity charge.
1537 1982 2699 2072 In St. Hubert Guild v. Quinn (supre) the Court
1650 2110 2698 2194 The judgment of the court below is based
1625 2192 2694 2257 upon a few passages in each of these works
1603 2244 1820 2301 * * *
1832 2244 2690 2299 These few passages furnish no cri¬
1591 2300 2702 2366 terion* That some of these passages,
1597 2345 2696 2407 jadged by the standard of our day, mar rather
1591 2410 2703 2467 than enhance the value of these books can be
1592 2452 2060 2517 admitted**
2098 2453 2700 2514 The same criticism has
1602 2498 2698 2558 been directed against many of the classics of
1597 2554 2699 2611 antiquity and against the works of some of our
1602 2601 2707 2653 greatest writers from Chaucer to Walt Whit¬
1888 2653 1991 2708 *#
1597 2662 1747 2719 man
1549 2745 2694 2819 In Halsey v. N. F. Society (supra), the Court
1494 2820 1865 2892 said at page 4:
1670 2882 2694 2973 “No work may be judged from a selection of
1597 2957 2697 3013 slich paragraphs alone. Printed by themselves
1602 3006 2695 3071 they might, as a matter of law come within
1593 3060 2692 3126 the prohibition of the statute. So might a sim¬
1599 3111 2693 3171 ilar selection from Aristophanes or Chaucer or
1608 3174 2700 3228 Boccaccio or even from the Bible. The book,
1602 3221 2701 3293 however, must be considered broadly as a
1604 3267 1805 3331 whole“.
1543 3350 2685 3412 It is evident, therefore, that “Casanova’s Home¬
1502 3431 2700 3506 coming'’ should not, and cannot be judged on the
