3156 4320
474 189 1353 272 Casanovas Heimfahrt
1493 198 1947 300 box 4/10
252 188 537 317 30. C
593 251 1374 319 n deaab aauaanlah
148 614 2062 734 cher und Finder subtiler Nuancen schleppt Olivio den Clevalier auf sein nahes Besitztum.
152 699 2066 779 ten. Und Casanova? Ein bald! Der sträubt sich erst, doch die Schilderung einer jungen,
156 741 2073 823 ald roh zugreifender Wüstling und wunderschönen Nichte Olivos von ebenso großer Gelehr¬
161 779 2076 878 nchts, das Ziel alles ist, den nur samkeit wie Tugend schürt seine Neugier mit der Witte¬
152 826 2070 923 sitzt, nie mildes Gefühl erwärmt rung neuen, lustvollen Erlebens. Auf dem Gutshofe an¬
160 871 2069 967 nehmen, nie geben will. Die beiden gekommen, tritt ihm Amalia, die Hausfrau, sofort als
152 933 2073 1012 nder gemein und Schnitzler fühlte die Geliebte von damals entgegen. Für sie ist Casanova
158 970 2070 1067 ehr und mehr, rückte immer ent= nicht gealtert, für sie blieb er der Mann, an den sich ihre
165 1013 2074 1101 Helden ab, und was wir als viel= wonnigsten Erinnerungen knüpfen, und unbedenklich will
893 1074 2071 1132 sie gleich diese Nacht wieder in seine Arme eilen. Casanova
165 1085 895 1158 lich zu lesen begunen, enthüllt sich
886 1120 2069 1175 aber sieht nur Marcolina, die schöne Nichte. Vorsichtig.
154 1143 891 1222 nden vielen Abenteuern Casanovas
892 1148 2080 1235 mit dem wohlgeübten Raffinement des erfahrenen Ver¬
153 1202 2095 1293 kelle freilich, wie es ihrer heute führers, versucht er sich ihr zu nähern. Aber vergebens
1148 1249 2067 1326 alle Raketen seines Geistes ab, er
155 1272 1078 1346 Jede ihrer Seiten spricht von breant
160 1292 2075 1405 Können, zeigt ein Künstlertum, in sieht in ihren Augen nichts als „Widerwillen.
904 1351 2067 1415 ja Ekel vor seiner angejahrten Lüsternheit.
173 1385 900 1444 r sich noch kein Heröstfaden stahl.
901 1397 2081 1463 Er ist entsetzt, verzweifelt, kann und will an solch
163 1419 906 1492 prache sind Bilder, Szenen, Farben
162 1435 2082 1547 st einer Technik zum Ganzen gereiht, völliges Versagen seines persönlichen Zaubers nicht
902 1487 2077 1565 glauben, sinnt auf neue Schliche und Mittel, die Unnah¬
163 1520 913 1591 en, die so vollendet ist, daß man sie
908 1536 2080 1609 bare zu besiegen, und eilt, als ihn nachts der Schlaf
167 1566 910 1646 Episches und Lyrisches, sinnliche
906 1588 2084 1659 flieht, in den Garten hinunter, um vor ihrem Fenster
154 1615 905 1695 ende Geistigkeit fließt, von einer
905 1636 2091 1715 weiterzugrübeln. Da entsteigt diesem Fenster der junge
158 1668 896 1744 and beherrscht, zu entzückender Har¬
159 1684 2099 1798 nd von dramatischem Puls belebt, Leutnant Lorenzi, den Casanova wenige Stunden vor¬
912 1728 2096 1802 her kennengelernt hat, ein Jüngling, so schön, so kühn
162 1757 905 1820 e mit der gleichen wirrsäligen Hast,
154 1783 2096 1864 llen Buntheit vorüber, wie einst das und leichtsinnig, wie er selbst es vor Jahren gewesen.
908 1827 2086 1890 Der hatte die Nacht bei derselben Marcolina verbracht.
161 1859 912 1924 birtuosen, bis es an die bittere Weg¬
167 1865 2090 1968 Alters, der drohenden Vergessenheit, bei der Casanova nicht ein freundliches Lächeln erreichen
912 1918 2094 1993 konnte. Außer sich vor Zorn und Beschämung sinnt er
167 1959 908 2039 t geriet, an der Casanova Rost hält,
911 1964 2091 2051 auf Rache. Der Zufall des Kartenspieles kommt ihm zu
147 2000 462 2068 lung einsetzt.
915 2017 2101 2095 Hilfe. Lorenzi verliert all sein Geld an einen alten
156 2021 916 2106 #ordene Casanova erhofft in Mantua
168 2061 2097 2155 d des Senats, der ihm die Rückkehr Marchese, der es die längste Zeit ansehen mußte, wie
156 2105 2097 2207 icht, das er nicht mehr gesehen, seit der Leutnant ihn mit seiner Frau hinterging. Nun
157 2151 2101 2249 nern in verwegener Flucht verlassen. schlägt ihm die Stunde der Rache. Er insultiert den
154 2237 2108 2302 n längst vergessener Bekannter. In Offizier aufs schwerste und dieser weiß, daß er vernichtet
918 2237 2109 2327 ist, wenn er seine Schuld nicht begleichen kann. Da
167 2281 934 2349 er dem einst die Tochter seiner Ge¬
922 2302 2116 2386 schleicht Casanova dem verstört Forteilenden nach. Mit
168 2338 924 2399 nid hundertfünfzig Dukaten geschenkt,
916 2344 2106 2428 zynischer Unbarmherzigkeit hölt er Lorenzi dessen Lage
168 2379 924 2444 en ländlichen Hausstand begründete.
175 2416 2113 2501 den Dank der jungen Braut so ein= vor und bietet ihm die viertausend Dukaten an, die ihn
176 2437 2102 2527 seine Art war, erfuhr der Ehemann retten können. Doch als Gegendienst will Casanova in
171 2481 2108 2590 Hause, dessen Wohlstand gedieh, blieb Lorenzis Mantel nachts in die Kammer Marcolinas.
170 2533 2104 2645 hherzigen, vornehmen Freundes ein Lorenzi muß auf den schurkischen Pakt eingehen. Ein
169 2578 2111 2705 er. In der Freude des Wiedersehens paar Stunden später steigt Cajanoyo, der seine Abreise
1294 2654 1560 2738 W
2666 2699 2942 2778 Schnitzler die
2960 2697 3074 2771 einifal
2288 2685 2533 2785 So erzähli
1042 2699 2223 2788 vorgetäuscht hat, durch das Fenster der Begehrten, die
2212 2738 2509 2825 und die plast
1045 2763 2210 2841 den Trug nicht merkt und ihm all die Wonnen schenkt,
2217 2800 2403 2873 das Buc
1045 2820 1646 2886 die Lorenzi zugedacht sind.
2220 2857 2345 2922 Seite
1135 2838 2219 2930 Bei der Unwahrscheinlichkeit dieses Manteltausches,
1044 2903 2314 2990 der unserem Empfinden nach doch nicht genügen kann, um liter
1044 2956 2285 3023 ein in Liebe erglühendes Weib den alternden Rous sih Fi
1040 3015 2281 3070 den jugendfrischen Geliebten halten zu lassen, gleitet die be
1047 3050 2278 3122 Erzählung bedenklich ins Fahrwasser Boccaccios. Vons# sie
1045 3089 2291 3157 Schnitzlerschen Frauen verlangen wir feinere Nerven. Doch Ra
1047 3138 2293 3203 gleich darauf genießen wir um so stärker die wissendessich
1048 3199 2302 3250 Uleberlegenheit Schnitzlerscher Sexualpsychologie — diesune
2929 3228 3129 3296 odell ver
1052 3245 2330 3312 jenes Schnitzlers, der den „Reigen“ schrieb —, da d#se kenn
2777 3273 3148 3346 mit Geist von sein
1053 3284 2404 3353 gemein erschlichene Liebesnacht geschildert wird. Unter den lihm wes
2958 3322 3167 3389 e zu Seite
1055 3322 2938 3405 rüssen und Zärtlichleiten Marcolinas wird Casanova wie¬ beleben wollte, verstärkt sich von Sei
3022 3373 3129 3431 schwal
2206 3380 2867 3436 ziges Mal nur wird sie vorüber
1044 3381 2215 3442 der zum feurigen Jüngling. Indes der erste Sturm
2210 3422 2867 3485 einziges Mal scheint Casanova d
1043 3426 2211 3482 der Sinne vorbeigerauscht ist, verlischt die Glut und —
3042 3469 3148 3538 rige
2215 3472 2892 3530 Schnitzlers zu sein. Da fällt auf
1042 3474 2215 3529 ihn übermannt der Schlaf. Er zählt eben doch dreiund¬
2206 3512 2922 3581 der verklärende Strahl des Begl
1045 3524 2213 3588 fünfzig Jahre. Und im ersten Morgenstrahl sieht Marco¬
2208 3555 3166 3632 spenders; das geschieht, als Casanova in Beglei
1051 3571 2224 3640 lina einen ermatteten Greis auf ihrem Lager. Ihr ent¬
1054 3610 3168 3681 jetzter Ekel treibt ihn hinaus. Draußen aber erwartet ihn Gastfreunde ein nahes Frauenkloster besuch
2215 3655 3165 3713 Infassen das Gelübde ewigen Schweigens abge
1051 3659 2211 3725 Lorenzi mit dem blanken Degen in der Faust. Ein letzter
2217 3694 3156 3763 Plötzlich hört er seinen eigenen Namen wie ein
1041 3715 2211 3781 Rest von Ehrgefühl trieb ihn her: Mußte er Marcolinas.
1042 3757 3148 3825 Gunst verschachern, so soll er od der andere es mit dem lich verhaltenen Schrei. Er kam von Frauenlipp
1044 3817 3165 3864 Leben büßen. Doch Casanova tt unter dem erborgten nova — nichts als der Name, doch mit einem
1048 3845 3167 3919 Mantel keine Kleider. So entledigt sich Lorenzi, um die wie ihn Casanova noch niemals gehört zu
1054 3889 3168 3957 Bedingungen des Zweikampfes auszugleichen, auch dermeinte. Ob eine einstmals Geliebte, ob eine ni
1076 3962 3167 4015 seinen. Nackt fechten sie im Morgengrauen. Es ist eine schaute eben ein heiliges Gelübde gebrochen, um
2207 3987 3149 4074 oder ein erstes Mal seinen Namen in die Luft
1075 4006 2216 4065 Szene, die ein berühmter Kupferstecher des Cinquecento
2223 4004 3168 4109 — ob darin die Seligkeit eines unerwartete
1046 4059 2216 4121 gestochen haben könnte. Des Cinquecents — von dessen
2217 4087 3143 4149 sehens, der Schmerz um ein unwiederdringlich
1050 4091 2212 4149 großartiger Brutalität sie erfüllt ist — und nicht des
1066 4124 3167 4191 meichen, galanten siebrehnten Jahrhunderts Casanovas, oder die Klage gezittert, daß ein heißer Wuns
