3392 4256
510 172 1404 240 Casanovas Heinfahrt
1557 164 1989 254 box 4/11
297 163 1423 274 30 e enene en e e e e e e e e
1603 1009 1688 1094 21
1057 1117 2256 1179 Opinion of George W. Simpson, City
1093 1192 2259 1249 Magistrate, on the Complaint of John
1097 1252 2267 1323 S. Sumner against Thomas Seltzer and
1098 1308 2256 1374 Mary H. Marks, New York Law Jour¬
1107 1373 1867 1460 nal, September 30, 1922.
1110 1479 2256 1574 This is an arraignment under section 1141 of
1050 1564 2257 1621 the Penal Law. Summonses were issued and in¬
1054 1624 2260 1689 formations drawn on the complaint of John S.
1052 1681 2245 1733 Sumner, secretary of the Society for the Sup¬
1056 1730 1481 1807 pression of Vice.
1096 1797 2251 1853 The defendants are Thomas Seltzer, as publisher
1045 1855 2264 1933 of the three books involved, and Mary H. Marks,
1058 1912 2263 1968 a circulating library employee, charged with loan¬
1060 1983 2271 2043 ing, for a consideration, one of the books, “A Young
1049 2051 1829 2112 Girl’s Diarv'' to divers persons.
1114 2094 2275 2174 The three books which constitute the subject
1044 2166 1887 2226 matter of the alleged offense are:
1209 2235 1979 2333 (a)Casanova’s Homecoming';
1220 2320 1770 2412 (b)Women in Love“':
1208 2385 1913 2485 (c) *A Young Girl’s Diary'.
1109 2488 2252 2578 (a)Casanova’s Homecoming'’ was written by
1047 2568 2260 2632 Dr. Arthur Schnitzler, of Vienna, Austria, a lead¬
1049 2629 2256 2698 ing man of letters. It is the story of the last love
1051 2703 2259 2770 affair in his declining days of one Casanova, famous
1047 2761 1463 2836 for his memoirs.
1109 2851 2244 2935 (b) Women in Love' was written by D. H.
1045 2923 2243 2995 Lawrence, an English novelist. The author at¬
1044 2979 2260 3062 tempts to discover the motivating power of life. He#
1058 3057 2248 3112 writes of the elemental passions of men and women.
1111 3118 2254 3234 (c)*A Young Girl’s Diary' is the alleged chron¬
1046 3241 2255 3301 iele, entered daily by its anonymons author, as¬
1046 3283 2280 3346 serted to be the daughter of a Viennese judge, of
1048 3348 2278 3433 her life between theages of eleven and fifteen. A
