3392 4256
515 118 1416 208 Casanovas Heinfahrt
310 138 1428 224 30
1556 125 1983 221 box 4/11
1439 1161 2648 1212 among the leading bookstores and department
1446 1213 2649 1289 stores of the country. Even Boston, the scene of
1446 1268 2641 1334 recent book massacres, openly sells this volume
1438 1330 2648 1398 without a blush. Many of the newspapers and
1443 1404 2646 1458 periodicals advertised the book and reviewed it.
1441 1467 2650 1521 Such representative organs of enlightened public
1444 1512 2657 1570 opinion as the Telegram and the Erening Wortd
1446 1573 2650 1646 have gone out of their ways to commend it edi¬
1441 1630 2645 1713 torially and to deplore its attempted suppression.
1437 1694 2640 1745 Even the staid New York Herald-Tribune has de¬
1433 1758 2646 1822 clared that to attack this volume was “myopie
1437 1808 2636 1893 morality“; and the head of the Scripps-Howard or¬
1440 1884 2641 1943 ganization has indicated that the prosecution should
1440 1939 2644 2007 not be directed against the book but against the
1439 1986 1770 2059 Vice Society.
1487 2055 2642 2131 The judiciary of New York State have always
1424 2097 2638 2181 guarded as precious the rights of free press.
1435 2172 2638 2240 In not a single case brought to the courts by the
1437 2231 2643 2310 Vice Society during the last fifteen years have the
1440 2293 2634 2372 courts ultimately suppressed a book which had
1434 2367 2646 2420 been openly sold by the publisher, openly accepted
1433 2419 2646 2503 by the press, openly commended by institutions of
1444 2478 2464 2541 learning and openly sold by the book trade.
1850 2586 2240 2676 The Author.
1484 2695 2628 2774 Dr. Arthur Schnitzler is one of the most dis¬
1440 2765 2637 2828 tinguished of living German authors, and has been
1428 2833 2642 2906 recognized as such for the past two decades. He
1441 2890 2632 2970 is also a physician. His reputation as a man of
1432 2955 2636 3021 letters is world-wide. No educational course deal¬
1436 3017 2640 3084 ing with current German literature is complete
1443 3075 2644 3145 without his works. Columbia University in its
1431 3127 2638 3190 course on world literature names Dr. Schnitzler as
1432 3210 2633 3265 one of the six outstanding German writers of the
1440 3252 2635 3331 twentieth century. Critics have hailed many of his
1442 3313 2640 3382 books, including the one now before the Court, as
1433 3379 2636 3450 modern classics. The Encyclopedia Brittanica
1439 3447 2643 3493 speaks of his limpid style, his sense of humor, his
