3436 4320
487 177 1290 249 asanovas Heimfahr
256 166 1948 274 30. C.t box 4/10
1514 799 2926 882 THE TIMES LITERARY SUPPLEMENT, TH'
1781 897 2655 952 speech of the Graf Niederhof, contributed by
971 917 1674 998 ARTHUR SCHNTTZLER.
1784 937 2673 987 an absolute outsider, by name Fink, but
1778 973 2654 1028 accepted by the editor because of its absolute
1791 1010 2655 1071 brilliancy. Fink is, of course, Fleederbusch,
2676 1030 2898 1102 BIRDS IN
1779 1050 2660 1100 but no one recognizes the deception. He
875 1034 1746 1123 FINk UNn Fuinneksuseh. A Comedy. By
2792 1085 2927 1141 Hur
1778 1091 2661 1145 comes to the office of the reactionary organ
938 1102 1753 1172 Akrnuk Senwirzurn. (Berlin: Fischer,
1777 1134 2647 1183 and there meets the subject of his panegyric,
2707 1118 2919 1187 This #o#
937 1138 1083 1215 3m.)
1777 1164 2653 1225 who agrees to take him into the service ofthe
2680 1173 2872 1229 Village,
1774 1202 2647 1262 paper, which he is about to buy. All this is
878 1189 1751 1273 CasaNovas Hmmrankr. A“ Novelle.“ By
2669 1210 2915 1271 and since !
1779 1250 2649 1297 excellent satire on the conditions prevailing
2672 1257 2891 1308 with the
929 1259 1760 1325 Akrnun Schsirzenn. (Berlin: Fischer.
1769 1276 2647 1333 in Viennese journalism before the war. The
2675 1293 2911 1360 natural to
936 1298 1188 1359 4m, 50pf.)
1788 1323 2647 1370 element of farce enters wlien Fliederbusch, as
2673 1331 2874 1382 interval.
924 1353 1748 1414 Arthur Sehnitzler is one of the few German
1779 1360 2656 1426 Fink, finds himself committed to fight a duel
2660 1368 2907 1435 Mr. Hud
884 1396 1746 1455 writers who threughout remained entirely
1776 1398 2649 1457 with himself as the author of the article in
2707 1409 2911 1457 Birds in
1780 1435 2653 1500 the Gegenuurt he had handed in the evening
883 1438 1754 1495 unaffected by the war, so far as his published
2668 1446 2916 1509 new sectio
1774 1483 2644 1543 before. Much sympathy is expressed with
885 1490 1753 1539 writings go. On the whole that is to his
2664 1488 2889 1545 gradually
1770 1519 2655 1565 him by the Graf Niederhof, and the rest of
867 1530 1756 1574 credit, for probably no national literature
2666 1529 2914 1581 legislation
1775 1562 2647 1610 the play consists almost entirely of the
874 1567 1748 1618 showed such an outburst of unreasoning
2664 1562 2911 1631 birds whlic.
1770 1600 2654 1657 unravelling of this farcieal situation. It is
868 1607 1749 1661 chauvinis.n or disingennous propaganda as
2664 1606 2890 1659 to foster,
1775 1642 2647 1676 allowed to develop as far as the moment
877 1647 1758 1696 did the German during at least the first
2676 1644 2896 1703 have unde
1774 1683 2642 1723 before the duel, when Fink and Fliederbusch
873 1677 1745 1735 eighteen months of the war. From all this,
2662 1686 2897 1734 finch is I
1769 1714 2643 1780 are shown to be one and the same person.
868 1715 1759 1791 however, Schnitzler stood conspienously
2665 1721 2887 1778 kingfisher
1771 1750 2643 1813 Fliederbusch defends himself—as, without
867 1761 1756 1820 apart, not with any self-conscious“ above
2662 1764 2886 1823 glass case
1773 1784 2641 1840 betraying the secret, he had previonsly de¬
866 1799 1757 1854 the battle?’ advertisement or complacency,
2673 1803 2908 1857 given it by
1774 1837 2640 1884 fended himself by implication in conversations
874 1827 1750 1894 but simply in silence, making no reference,
2672 1839 2909 1898 familiar on
1770 1878 2644 1928 with Graf Niederhof—by declaring that a man
865 1876 1756 1930 direct or indirect, to the great struggle which
2659 1883 2900 1931 and the 1
1762 1914 2649 1966 has a right to think one thing one day and
873 1915 1757 1977 lus conntry had provoked. He wrote no pro¬
2669 1920 2896 1973 stocked w.
1778 1953 2648 2001 something totally opposite the next. He
2666 1961 2911 2011 By organi
863 1957 1754 2018 paganda for the newspapers, he gave no
1775 1996 2639 2036 asserts, however, that both are to disappear
876 2000 1758 2056 interviews on political subjects, he was not
2661 1994 2892 2048 and the#
1808 2035 2640 2085 —both Fink and Fliederbusch.“ The day
870 2029 1750 2091 sent to the front to do descriptive journalism
2660 2036 2913 2097 lifted fron
1768 2073 2638 2126 before Festerday I was Fliederbusch; yester¬
870 2065 1746 2126 —a lot which fell to several of his younger
2659 2075 2911 2127 by agencie
1774 2105 2645 2164 day I was Fink. To-day I am both, or
873 2115 1751 2156 colleagues. The war, with all its horror,
2664 2116 2894 2173 elemental
1768 2157 2638 2202 perhaps neither one nor the other.?’ Then
875 2154 1748 2214 passed over him unobserved: he continued
2665 2142 2894 2203 reservoirs
1766 2192 2641 2242 follows a brisk bidding between the rival
879 2184 1648 2252 his work as if nothing were happening.
2658 2194 2882 2243 welfare o
1771 2229 2632 2273 editors of the Gegenwart and the Elegante
2644 2225 2885 2281 furthered.
921 2237 1745 2310 The main characteristics of Schnitzler’s
1776 2270 2644 2321 Welt for the services of this remarkable young
2653 2270 2879 2325 altered by
867 2297 1746 2345 work, both in drama and in prose-stories, are
1770 2316 2632 2363 man. But he deelines, and the whiole party
2663 2306 2892 2362 1917, and
874 2326 1744 2387 well known. As far as the latter go. he has
1758 2336 2641 2405 goes off to lunch at the invitation of Graf
2650 2347 2874 2404 probably
870 2369 1740 2423 been called the“ German Guy de Maupas¬
1771 2382 2627 2424 Niederhof, nothing being settled. As Flieder¬
2659 2383 2877 2446 that of K
869 2395 1740 2467 sant, Which more or less conveys a right
1767 2425 2629 2475 busch remarks: Must everything be settled
2644 2426 2884 2477 all of whit
871 2438 1744 2502 impression. His dramatie genius has had
1767 2462 2639 2514 (erledigt)! Can anything be settled? Was
2652 2467 2886 2520 certain Sp
864 2494 1747 2543 varied expressions, ranging from the serious
1760 2502 2630 2559 I born to settle anything? Others can do
2659 2504 2881 2559 the forme
871 2516 1743 2585 Liebelei, translated into English under the
2648 2536 2870 2594 in a few:
1766 2537 2632 2600 that!? And so there is, what is unusual with
861 2563 1740 2620 title Playing teith Lore, to the irresponsible
2660 2576 2871 2637 impeded!
1757 2585 2635 2624 farces, an inconclusive ending. The play
855 2611 1751 2655 and grotesque Der Grüne Kakadu or the
2645 2619 2875 2675 owing to
1758 2622 2630 2671 does not displease on that account, however.
866 2633 1738 2693 series of one-act plays Angtol, whiich Mr.
2648 2654 2879 2726 during th
1757 2663 2639 2716 Though not of the brilliance and polish of.
870 2682 1752 2728 Granville Barker adapted and presented to a
1757 2699 2642 2736 say, Anatol, where every sentence sparkles,
2679 2703 2878 2773 In one
859 2727 1731 2773 London audience afew months before the out¬
1758 2736 2630 2796 it is still en entertaining picture of Viennese
2657 2741 2866 2802 Mr. Hude
854 2765 1743 2812 break of the war. There is some point in
1763 2774 2631 2840 life—of that Vienna which may have gone
2645 2789 2869 2845 Britain o
862 2803 1744 2848 recalling these facts concerning Sehnitzler’s
1748 2816 1978 2870 for ever.
2655 2826 2884 2887 fill the p.
863 2836 1744 2883 work, if only to remark that in nothing that
2652 2862 2878 2921 claim thr
1813 2866 2637 2928 *Casanovas Heimfahrt' is entirely different.
865 2882 1746 2946 he wrote during the war did he strike out
2650 2902 2870 2964 stich a po¬
1761 2904 2633 2953 It is not a comedy; there is nothing satirical
866 2908 1286 2969 into new directions.
2651 2938 2873 3007 only oft!
1772 2951 2630 3003 or farcical about it. It is an episode from
902 2947 1749 3022 Early in the war he wrote a further series
2642 2983 2870 3035 America,
1766 2983 2636 3044 the life of the famons adventurer, eriminal,
856 2997 1743 3067 of three one-act plavs, published in 1915 under
2646 3025 2866 3075 The mult
1759 3030 2638 3079 and writer, entirely invented by Schnitzler,
855 3047 1750 3108 the title of Komödie der Worte. This was, so
2639 3063 2871 3117 few sease
1757 3070 2627 3112 but obviously written after a careful study
858 3092 1749 3144 to speak, in the Anafof manner. Then
2652 3099 2872 3157 and the b
1762 3109 2626 3149 of and abrorption of Casanova’s auto¬
861 3132 1738 3198 came a novel, published in 1917, with the
2644 3136 2856 3194 the wors
1758 3143 2631 3205 biography—hat faithful reflection of the
856 3161 1750 3228 titie" Doktor Gräsler, Badearzt,'’ which is
2647 3176 2870 3238 as of gal
1770 3185 2623 3238 scholarly, blackguardly, utterly immoral,
853 3210 1738 3261 the comedy of a doctor at a health-resort.
2639 3218 2861 3283 half a do
1766 3225 2628 3284 witty, unserupulous man that he was—and
860 3251 1741 3301 Finally, also during the war—for nothing from
2648 3264 2869 3325 a poor e,
1762 3260 2623 3325 age that he lived in. The title of the
854 3288 1747 3325 his pen has appeared since the Armistice,
1793 3298 2632 3350 novelle'’ cornes from the fact that the time
2692 3307 2854 3365 Thoug.
867 3327 1740 3383 though a new Casanova episode is just
1760 3344 2634 3392 of the action is chosen at the moment when
2652 3348 2839 3403 appear
856 3347 1743 3416 annouinced—Sehnitzler wrote this full¬
1758 3385 2622 3435 Casanova is returning to Venice from Mantua,
2655 3382 2857 3444 his und
865 3393 1748 3443 length comedy, Fink und Fliederbusch, which
1765 3422 2629 3477 after years of enforced exile. At the latter
2641 3425 2832 3483 charm.
867 3442 1740 3490 has been played with success, and the
1759 3459 2631 3504 eity he falls in with an old friend, O).vo,
2653 3466 2835 3524 starling
881 3476 1739 3536 “novelle,' Casanovas Heimfahrt,'’ which,
1757 3500 2629 3553 whose wife had been Casanova’s lever.
2649 3501 2858 3554 winter a
854 3498 1739 3572 if we may judge from the fact that it now
2510 3540 2626 3594 His
1771 3528 2517 3586 He has, however, lost all love for her.
2637 3535 2855 3595 bles am
859 3565 1744 3613 stands in its fortieth impression, also appears
1761 3579 2621 3617 fierce affection has faller on a voung girl,
2642 3583 2849 3644 years ber
850 3595 1735 3643 to have been given a most favourable recep¬
1766 3609 2632 3660 Marcolina, who is staving with Olivo. She
2641 3621 2840 3670 with#
851 3633 1740 3688 tion in Germany and Austria. Both works
1758 3636 2639 3707 i reputed u bluestocking, and does indeed
2635 3651 2837 3718 been for
859 3674 1734 3718 are of partieular interest as exemplifying the
1781 3695 2613 3736 Zirprise Casanova be the erndlition she
2640 3696 2789 3733 tlone.
853 3709 1210 3754 —
1370 3709 1745 3769 #rresponstbte
1758 3723 2631 3781 chsplays in diseussing with him his proposed
2651 3727 2847 3782 starling.
852 3734 1729 3796 und the sensnous, ummoral, of Sehmitz¬
1767 3761 2624 3820 reply to Voltaire. Her learning does not
2646 3771 2833 3823 which p
863 3773 1219 3842 ler’s literary art.
1772 3800 2625 3856 diminish his passion, and he watches to #see
2651 3807 2789 3860 bond.
886 3819 1736 3893 Arthur Schnitzler is supremely the artist
1775 3846 2623 3895 whether her reputation is sustained. He
2646 3839 2849 3903 flock, ju
854 3877 1751 3927 of Viennese life—that is, of life in Vienna
1772 3882 2627 3932 soon finds that Marcolina is in the habit of
2644 3883 2845 3939 in the
855 3914 1740 3972 before the war. No one, unless it be his
1756 3920 2630 3972 receiving a voung soldier, Lorenzi, who
2643 3921 2844 3977 bireis or
850 3953 1727 4006 fellow-conntryman Hermann Bahr, has
1759 3957 2634 4015 escapes from her room at dawn. With him
2644 3963 2816 4013 among
844 3995 1733 4043 painted so brilliantly the gaiety, the irre¬
1761 4006 2627 4050 Casanova makes a shameful bargain, in con¬
2640 4003 2837 4055 starling
857 4041 1740 4093 sponsibility, the materialistie, the sensnous,
1763 4029 2619 4092 sideration of writing off bis heavy debt at
2636 4041 2841 4090 for a lor
850 4073 1736 4134 and pleasure-loving life of the Austrian
1763 4068 2622 4131 cards. But Marcolina discovers the decon¬
2635 4078 2834 4136 is evider
856 4107 1747 4167 capital. In Anatol it is Viennese intrigue,
1763 4120 2619 4160 ton, and Lorenzi, regretting his weakness
854 4137 1512 4185 dhe amtours ei tlie citv, Wilieh ar
1576 4157 1694 4197 Marer
