3392 4256
499 195 1378 262 Casanovas Heinfahrt
1532 181 1964 282 box 4/11
276 191 1411 298 30    eenene e ene e e e
1592 1060 1697 1141 23
1044 1153 2240 1240 of eminence testified that“A Young Girl’s Diary'
1047 1244 2244 1296 has a great educational value in sex education for
1044 1307 2256 1362 the young. This evidence, admitted to indicate to
1041 1359 2248 1414 the court °common knowledge' is no bevidence' at
1047 1434 2256 1496 all on the point of whether or not, in law, the books
1050 1500 2252 1565 are obscene and indecent. No expert testimony is
1039 1551 2244 1622 required to determine that. Whether a book is
1041 1616 2244 1688 obscene or not falls within the range of ordinary
1037 1669 2254 1749 intelligence (People v. Muller, 96 N. Y. 408, 48 Am.
1042 1722 1304 1797 Rep. 635).
1081 1793 2247 1862 The question is, How will the books affect the
1040 1844 2247 1911 ordinary person in whose possession a copy of the
1043 1909 2234 1979 book is likely to fall? (People v. Miller, 96 N. V.
1042 1972 2246 2040 408, supra; Regina v. Hicklin, L. R. A., 3, C. B.,
1033 2023 1184 2098 369).
1089 2082 2242 2153 The community has the right to protect itself
1032 2149 2263 2227 from obscene and indecent books (People v. Moller,
1036 2202 1382 2283 32 Hun, 213).
1089 2280 2246 2333 By enacting section 1141 of the Penal Law the
1033 2327 2229 2407 Legislature sought to prevent and prohibit the pro¬
1032 2379 2235 2467 duction and circulation of books that would lower
1031 2462 2243 2541 the moral standards of the community. Courts
1036 2524 2244 2601 must zire force to the statute. And they must give
1026 2575 2229 2650 to the language employed by the statute the mean¬
1035 2630 2248 2706 ing intended bythe Legislature. What do the words
1037 2700 2233 2770 Pobscene, lewd, lascivious, filthy, indecent or dis¬
1022 2767 2232 2838 gusting'' mean? The statute does not define these
1039 2821 2236 2895 words, but the cases construing it have amply de¬
1037 2882 2240 2950 fined them (People v. Eastman, 188 N. V., 478;
1026 2938 2243 3019 People v. Muller, 96 N. Y., 408; People v. Brainard
1026 2999 2227 3076 & Harper & Bros., 192 App. Div. 816; Halsey v.
1032 3060 2231 3142 Society for the Suppression of Vice, decided by¬
1025 3131 2236 3215 Court of Appeals, N. Y. Law Journal, July 22,
1019 3179 1202 3244 1922).
1078 3241 2238 3293 The test employed in these cases is not whether
1024 3306 2236 3363 the publication is scurrilous, vile, vulgar or gen¬
1025 3356 1526 3438 erally reprehensible.
