3484 4224
1603 159 1696 280 5
1832 158 2312 286 ASTER
867 165 1016 283 T
1466 272 1619 341 SV
917 312 1051 378 n.
2077 273 2269 406 2
1992 339 2086 402 —
821 346 1794 442 HBKUS
1564 452 2318 507 beautiful daughter of a Venetian cob¬
828 450 1555 513 Humor may save the most benighted
1572 507 2322 556 bler. Their first child was Giovanni,
796 499 1555 561 tool from the extremity of stultifica¬
1565 549 2328 592 Casanova himself. It appears that his
802 542 1548 593 tion. Even the Sumners, Andersons,
1565 568 2327 623 parents bparded him out with his
794 578 1550 647 Billy Sundays, and all the other
1572 616 2332 671 grandmether while they went to Lon¬
799 620 1559 669 “apostles of purity,“ might be saved
1565 658 2324 700 don and, as is often the case with
796 658 1550 702 from their folly, for all their prepos¬
1563 684 2332 745 grandparents, she tock more interest
786 691 1563 738 session hy fixed ideas, if they had but
1567 732 2332 769 in the development of the child’s mind
791 728 1545 783 the merest grain of humor. But they
1565 771 2321 817 than the parents themselves, with the
787 771 1550 818 haven't even the necessary modicum.
1565 813 2324 856 result that before he was twenty Casa¬
790 806 1550 847 The latest rib-tickling project of the
1563 845 2322 893 nova was the possessor of an excellent
795 842 1547 888 puritans is the attempt by the Society
1562 882 2327 934 education. That is what historians
785 883 1552 934 for the Suppression of Vice to sup¬
1566 916 2329 961 tell us. But I chose to think that it
781 920 1548 963 press the“Satyricon.“ John S. Sum¬
1561 949 2330 1000 was his own insatiable curiosity that
782 965 1542 1005 ner, secretary of the society, has com¬
1559 993 2328 1036 educated him. Probably, also, it was
784 995 1551 1035 plained to Magistrate Oberwager that
1566 1028 2331 1071 this curiosity, rather tban mere lust
798 1035 1543 1080 the work is salacious and a menace to
1567 1062 2326 1109 of the flesh which would have needed
796 1071 1548 1117 public morals, thereby proving himself
1552 1105 2325 1153 to be almost incrediblv powerful to
782 1105 1558 1163 the prize merry-andrew of the present
1562 1141 2321 1184 sustain him in his endless erotic ad¬
785 1149 1550 1188 day. It is not reported that Mr. Sum¬
1564 1170 2325 1225 ventures, that impelled him ever to
791 1183 1547 1228 ner asked for the indictment of Pe¬
1561 1212 2321 1270 seek, discover and conquer—which
782 1210 1555 1274 tronius Arbiter, but, no doubt, he has
1562 1260 2323 1302 made him the Demon Lover of all
795 1260 1547 1296 that up his sleeve in case the Grand
1564 1285 2326 1343 history. But whatever the springs
788 1304 1526 1362 Jury refuses to indict the publisher.
1551 1326 2320 1379 that actnated him, he became a wan¬
820 1350 1547 1410 But Mr. Sumner has received several
1554 1366 2307 1406 derer, ever in search of new sensa¬
786 1396 1551 1446 salutary lessons recently, and he may
1560 1404 2310 1443 tions, constantly dabbling in minor
781 1428 1554 1489 learn, eventually, when it is unsafe to
1561 1435 2313 1492 and major intrigues, sounding every
780 1471 1545 1521 lay his grimy hands on a work of
1560 1475 2318 1534 note on passion’s octave. Traveling
792 1512 1542 1569 art. He is being sued for libel at the
1565 1510 2306 1557 in Italy, France, Switzerland, Tur¬
788 1550 1551 1606 present time by Horace Liveright, pub¬
1563 1555 2313 1602 key, the Netherlands, and South Ger¬
777 1594 1546 1639 lisher, and but a short time ago the
1564 1593 2318 1648 many, he was by turns, diplomat, abbe,
793 1626 1546 1670 court decided against him in the trial
1556 1629 2319 1676 Journalist, preacher, but all these were
788 1660 1545 1706 of Thomas Seltzer who was haled into
1558 1663 2321 1714 avccations; his real interest was the
791 1700 1535 1744 Judge Simpson’s court on the com¬
1564 1703 2318 1746 search for adventure. In 1775, he re¬
793 1746 1541 1786 plaint of Sumner that three books
1562 1740 2325 1800 turned to Venice and was denonnced
788 1767 1553 1818 published by Seltzer were immoral. Of
1558 1775 2325 1837 as a spy and jailed, but escaped a
789 1811 1543 1871 the three books in question. Casa¬
1563 1816 2317 1871 vear later and soen bobbed up in
781 1835 1236 1899 nova’s Homecoming,
1275 1847 1546 1900 by Arthur
1550 1832 2317 1906 Paris. For a time then, he was on the
787 1884 1541 1925 Schnitzler; Women in Lovc,“ by D.
1550 1886 2324 1946 upgrade; master of the state lotteries
778 1918 1543 1964 H. Lawrence, and The Diary of a
1554 1923 2309 1981 in Par's. friend of Voltaire, the re¬
785 1963 1539 2010 Young Girl,“ hy an anonymous author,
1560 1963 2318 2008 cipient of the order of the Golden Spur
783 1990 1537 2038 aglstrate Simpse s#i have
1555 1994 2315 2051 fnomthe pope, and the holder of
791 2029 1531 2078 read the books with sedulous care. I
1545 2025 2312 2092 Eimportant diplematic posts. Unable to
776 2072 1543 2118 find each is a distinect contribution to
1556 2072 2321 2125 retur to his native land, he roved
774 2119 1538 2160 the literature of the day.' Mr. Sum¬
1547 2118 2301 2161 ceaselessly about Europe, now in
774 2142 1539 2193 ner may well have been depressed at
1561 2150 2313 2205 southern France, now in Spain; travel¬
788 2182 1538 2233 this severe blow, but.no doubt, he
1554 2186 2311 2239 ing from Riga to St. Petersburg,
784 2216 1543 2260 returned to his office and after an hour
1557 2226 2311 2270 thence to Warsaw where he was given
1553 2259 1601 2301 9.
775 2254 1537 2300 or two spent with his remarkably
1603 2262 2311 2309 warm welcome by King Stanislaus
773 2296 1542 2347 complete collection of smutty post¬
1544 2298 2311 2348 Poniatowski, forced to flee on account
774 2334 1543 2382 cards, (which, according to Frank
1558 2338 2319 2386 of a scandal followed by a duel, re¬
786 2373 1535 2424 Harris, he delights to show to visi¬
1553 2372 2301 2423 turning by a devions route to Paris,
775 2402 1536 2455 tors), felt refreshed enough to return
1552 2396 2308 2466 only to be compelled immediately upon
775 2446 1457 2503 to his quest of tainted literature.
1550 2439 2306 2509 bis arrival to flee again, this time to
824 2492 1538 2559 Schnitzler's“Casanova's Homecom¬
1583 2524 2303 2603 But the time came when Italy called
783 2546 1531 2593 ing' has inst come to my hand, but I
786 2586 1529 2627 knew before I saw it, as everyone
1553 2578 2307 2626 him again and he returned, old, un¬
773 2625 1531 2663 familiar with Schnitzler’s work wonld
1549 2621 2297 2670 wanted, no lenger loved by women nor
770 2659 1531 2713 know. that Sumner’s complaint was un¬
1555 2661 2301 2710 feared by men—to be a police spy for
769 2697 1544 2750 justified and idiotic. Renowned for
1552 2697 2298 2743 the inquisktors who were the equiva¬
786 2732 1542 2783 his ability to relate with incomparable
1555 2739 2307 2791 lent, in Venice of that day, of our
782 2776 1530 2822 delicacy what is essentially indelicate,
1551 2772 2299 2833 Department of Justice. An ignoble
1553 2809 1661 2864 end.
780 2811 1539 2861 Schnitzler has shown in such plays
774 2848 1533 2892 as"Intermezzo,' Literature,“ Ana¬
1578 2851 2306 2923 It is of this return that Schnitzler
783 2889 1535 2938 tol“ and“ Liebelei,“ (translated rather
1542 2903 2287 2969 writes in Casanova’s Homecoming.“
781 2911 1525 2969 poorly as Playing With Love*), that
1549 2942 2299 2995 But as he circles, to quote Schnitzler,
775 2959 1527 3006 he can handle amorous intrigue with¬
1552 2983 2296 3037 Plike a wounded bird, slowly circling
768 2998 1529 3047 out offence. EvenReigen,“ which
1542 3022 2305 3074 downwards in its death flight,“ nearer
768 3038 1526 3082 has not yet been tried on American
1546 3063 2296 3111 Venice, he has the good fortune to meet
773 3074 1533 3128 palates, has been swallowed by Euro¬
1552 3083 2310 3151 with scme companions of earlier years.
778 3109 1530 3157 pean audiences withont a grimace,
1547 3132 2301 3183 Years before he had befriended a
768 3150 1529 3199 mayhap with relish. At any rate, it
1542 3176 2302 3223 young man and his sweetheart. The
779 3185 1532 3242 is now known that the mobs which
1547 3206 2311 3250 pair were deeply in love and yearned
770 3229 1535 3275 stormed the theatre in which“Rei¬
1549 3249 2307 3296 to be married; but they had no money.
772 3252 1526 3303 gen' was playing recently and de¬
1546 3284 2311 3333 Casanova, who had often looked upon
765 3298 1522 3347 manded its removal, did not do 80,
1541 3325 2302 3378 Amalia with appreciative eyes, seeing
766 3335 1526 3391 as was at first reported, because of
1551 3357 2309 3404 their predicament, made a proposal
775 3372 1533 3425 indignation at the character of the
1550 3399 2311 3435 to the girl. It was accepted. The
767 3407 1528 3462 play, but because of racial prejudice.
1541 3438 2306 3488 lovers were married and Casanova
1545 3476 2308 3527 went on his way. Now he enconn¬
818 3450 1538 3529 Nc# ## gent much is reafty KLc#u
1550 3511 2308 3551 ters thé iresband who has left romance
779 3509 1529 3561 abont Casanova de Seingalt, the
1539 3539 2310 3606 far behind, a Nlacid citizen with a
785 3551 1541 3606 Italian adventurer, who succeeded for
776 3588 1532 3643 fiftv vears in continnously shocking
1544 3578 2347 3650 comfortable home and severäl
767 3619 1538 3678 mid-eighteenth century Europe—a
1548 3632 2310 3675 ters to his credit. Amalia is still slim
781 3663 1531 3717 difficult task. It is known that he
1548 3658 2317 3723 and yeuthful and fer her Casanova
781 3699 1527 3758 was born in Venice of an ancient, per¬
1547 3701 2310 3752 has a certain glamorous attraction.
1546 3738 2309 3794 But when the husband brings Casa¬
774 3736 1529 3778 haps noble, family in 1725. His
779 3775 1527 3824 father had been reared in aristocratie
1541 3773 2305 3831 nova to his home it is not Amalia but
779 3815 1525 3868 surroundings but alienated his family
1543 3818 2293 3888 her darghter, Marcolina, that fas¬
1536 3843 1810 3910 einates him.
778 3848 1524 3901 and friends by taking up the profes¬
775 3891 1527 3944 sion of acting beld then to be a more
778 3929 1528 3971 than mildly disreputable calling. As
1575 3914 2297 3979 Brutally he tells Amalia that he
772 3964 1530 4026 if this were not enough, he had to
1543 3964 2301 4021 doesnit want her and asks her to con¬
779 4010 2309 4071 make a runaway marriage with the spire with him to obtain the beau¬
2468 44 3080 127 AAI A SS  L
2345 130 3086 203 tiful, but cold and intellectual, Mar¬
2330 175 2639 232 celina’s favor.
2429 197 3087 261 *Tell me, Amalia, did yon think
2376 256 3094 312 me still handsome when yon first
2664 291 2717 334 „
2367 288 2683 340 saw me today?“
2410 303 3092 381 1 do not know if your looks have
2373 358 3102 422 changed. To me von seem jnst the
2385 400 3092 451 same as of old. Von are as I have
2380 439 3099 507 always seen von, as I have seen yon
2376 474 2683 530 In my dreams.
2423 504 3088 573 " Look well, Amalia. See the
2388 556 3097 608 wrinkles on my forehead; the loose
2369 589 3101 650 folds of my neck; the crow’s-feet
2365 628 3098 683 around my eyes. And look,“ he
2379 673 3095 727 grinned.“I have lost one of my eye
2383 710 3101 756 teeth. Look at these hands, too,
2373 749 3096 800 Amalia. My fingers arc like claws;
2372 782 3099 827 there are yellow spots on the finger¬
2375 818 3101 861 nai's; the blue veins stand out,
2390 861 3090 912 They are the hands of an old man.“
2410 897 3098 948 She clasped both his hands as he
2369 929 3102 986 held them out for her to see, and.
2364 957 3093 1022 affectionately kissed them one after
2369 1001 3093 1050 the other in the shaded walk.“To¬
2369 1046 3089 1092 nisht I will kiss yon on the lips,“
2365 1081 3085 1119 she said with a mingling of humility
2374 1125 3091 1183 and tenderness, which roused his
2365 1153 2483 1209 gall.
2405 1186 3102 1257 Close by, where the alley opened
2319 1246 3078 1284 on tothe greensward. Marcolina was
2358 1277 3084 1319 stretched on the grass, her hands
2368 1318 3086 1362 clasped beneath her head, looking
2367 1355 3100 1405 skyward while the shuttle-zocks flew
2375 1395 3088 1438 to and fro. Suddenly reaching un¬
2369 1417 3095 1484 ward, she seized one of them in mid
2366 1468 3092 1518 air. and laughed triumphantly. The
2371 1506 3089 1566 girls flung themselves upon her as
2367 1541 2777 1588 she lay defenceless.
2402 1565 3080 1627 Casanova thrilled. Neither my
2369 1612 3081 1657 lins nor my hands are vours to kiss.
2368 1657 3081 1696 Your waiting for me and your
2373 1690 3096 1733 dreams of me will prove to have
2373 1725 3093 1785 been in vain—unless I should first
2368 1766 2815 1821 make Marcolina mine.“
2421 1806 3080 1857 Are you mad. Casanova?“ ex¬
2363 1840 3081 1906 claimed Amalia with distress in her
2374 1884 2511 1931 voice.
2413 1909 3078 1974 PIf I am, we are both on the same
2363 1945 3079 2014 footing,“ replied Casanova.“ Yon
2350 1989 3096 2061 mad because in me, an old man.
2360 2047 3086 2096 von think you can rediscover the be¬
2350 2072 3079 2121 loved of your youth; I am mad be¬
2354 2115 3093 2163 cause I have taken into my head
2364 2153 3087 2205 that I wish to possess Marcolina.
2368 2188 3082 2244 But perhaps we shall both be re¬
2366 2224 3080 2274 stored to reason. Marcolina shall
2366 2264 3093 2313 restore me to youth—for yon. So
2355 2300 3020 2356 help me to my wishes, Amalia!“
2357 2334 3090 2396 Here, then, is a Casanova pictured
2320 2387 3091 2430 a little differently than he appears in
2317 2424 3081 2468 his own voluminous memoirs. Old and
2323 2459 3081 2506 venulsive, he is compelled to calculate
2324 2492 3089 2549 and plot to gain what he desires, And
2321 2527 3088 2577 in this case he gets but the husk of
2316 2571 3081 2616 the desired thing. Without funds, in
2319 2613 3082 2657 danger of arrest for his participation
2316 2646 3079 2703 in an all too successful duel with Mar¬
2321 2676 3088 2738 colina’s soldier-lover, he accepts with
2319 2714 3086 2769 a feeling of shame, an offer to be¬
2309 2758 3088 2809 come a spy of the Grand Council, and
2314 2798 3077 2838 returns to Venice. The wounded vul¬
2309 2831 3082 2885 ture has dropped, helpless and ex¬
2317 2868 3085 2917 hausted with strugale, to the ground,
2323 2909 3094 2964 to flutter convulsively a little per¬
2319 2938 2789 3003 haps—and then to die.
