3436 4256
278 114 1405 188 30. Casanovas Heimfahrt
479 176 517 226 15
559 126 1964 228 SA box 4/10
407 340 1136 485 Eu R. L. Aag
377 494 1143 563 CASANOVA'S HOAECOMIING. Shur
468 551 1138 590 Schnsteier. Thomas Seitzer, New Vork.
461 575 1139 642 (Limited edition, 810; popular edition,
458 602 601 655 82.50.)
439 628 1157 702 Casanova’s Homecoming'' is a work
379 681 1142 750 of art, and harmless reading for a
386 735 1145 794 matured, sensible person who understands
395 780 1140 847 it to be a phase of life truc to the Eight¬
384 828 1145 886 tecnth century. We wouldn't recommend
380 866 1142 930 it for a library patronized by girls and
379 920 1140 976 boys who would sec only the evil in it
388 965 1157 1029 and not the good, and perhaps be misled
389 1011 1152 1075 by it. Casanova was a famous rake, or
386 1064 1141 1123 perhaps better stated, an educated vaga¬
379 1114 1143 1163 bond; in fact, he had a thousand affairs
391 1161 1146 1219 with women, and led a life full of wicked
389 1203 1135 1264 adventure that filled twelve volumes of
384 1240 1167 1317 autobiography, nearly every line of which
383 1273 1148 1355 discloses the fact that he was utterly
385 1335 1146 1405 shameless, recounting his numerous
386 1381 1137 1445 amours with a franknessyperhaps never
385 1428 1092 1490 equalled in the history of the world.
415 1488 1150 1543 Schnitzler, however, 'takes up only a
379 1518 1153 1585 few incidents (or supposed incidents) in
391 1583 1153 1634 Casanova's life, and weaves about them
387 1618 1147 1685 a tale of exquisite workmanship, some¬
382 1673 1151 1730 thing that he always does no matter on
394 1714 1156 1773 what subject he is writing. Viewing
396 1764 1158 1825 Casanova’s Homecoming'' from this
395 1812 1158 1869 standpoint, it is great; as a demoralizing
385 1857 1153 1911 bock for the vouth of both sexes it is
388 1901 1150 1959 by no means so shockingly evil as many
379 1948 1150 2007 other works that are offered openly on
385 1994 675 2058 the bookstalls.
907 1994 1115 2059 W. F. H.
673 2573 797 2626 Two
623 2608 838 2671 Sections
1188 2656 1638 2733 1e
532 2725 676 2784 22—
543 2772 950 2842 Vol. CXV, No. 2996
522 2951 1463 3030 JUDCE CEORGE W. SIMPSON
646 3012 1801 3077 rendered the sollowing verdict upon the three books below attacked by
638 3062 1494 3103 the Neu Fork Society for the Suppression of Vice:
1369 3080 1783 3130 I find each is a distinet
646 3089 1356 3138 “1 have read the books with sedulous care.
649 3124 1784 3184 contribution to the literature of the day. Each deals with one or an¬
650 3153 1318 3214 other of the phases of present thought.“
530 3200 1068 3272 WOMEN IN LOVE
534 3264 933 3326 By D. H. LAWRENCE
653 3290 1771 3333 At last this great masterpiece, formerly in a limited fifteen-dollar
651 3322 1773 3377 edition, is accessible to all booklovers in a new, unabridged edition at
1675 3349 1777 3390 82.50
535 3374 1351 3463 CASANOVAS HOMECOMING
531 3448 1017 3490 By ARTHUR SCHNITZLER
651 3457 1408 3517 Heywood Broun:A glorious piece of work.“
649 3490 1726 3557 Carl Van Doren: The best novel published in America in 1921.“
1675 3520 1796 3592 82.50
645 3547 1532 3600 This s10.00 book now in unabridged popular edition
536 3579 1260 3657 A YOUNG GIRL’S DIARV
658 3651 1361 3694 Prof. G. Stanley Hall:"A great work.“
654 3667 1796 3731 The Nation: Irresistibly engaging. Has the rich and satisfying
655 3712 893 3753 truth of art.“
1660 3724 1794 3787 85.00
656 3733 1269 3804 With a Preface bu Sigmund Freud.
2156 203 2532 293 hut . 15 Tanzschu,
2129 275 2813 353 daß sie schon mitstatieren. So war
2111 323 2369 382 ichmal hoch.
2070 449 2907 514 KUNSTLERISCHE KLEINMOBEL
2019 485 2494 569 BEOuEW’z FAUTEUILS
2619 508 2933 571 HALAST & 00.
2109 555 2863 621 I. SEILERSTATTE S (PALAIS KOBURG).
2064 671 2933 782 Der Film in Amerika.
2103 764 2944 841 Die Amerikaner sind wie auf allen Ge¬
2028 822 2954 870 bieten, so auch in bezug auf das Filmwesen
2036 862 2951 924 den Europäern stets eine Nasenlänge voraus.
2030 904 2948 976 So hat sich eine Gesellschaft, die „Motion
2029 941 2934 1017 Pictures Producers“, gebildet, die in den
2032 994 2934 1056 Speisewagen der Züge, die von Chicago nach
2022 1045 2927 1093 St. Louis verkehren, Filmvorstellungen ver¬
2023 1081 2935 1132 anstaltet. Man kann sich denken, welchen Zu¬
2031 1121 2945 1188 spruches sich diese Reisevorführungen
2034 1167 2939 1214 erfreuen, denn es ist doch sehr verleckend, sich
2035 1212 2948 1287 bei langen Fahrten auf diese Weise die Zeit zu
2036 1247 2247 1313 verkürzen.
2103 1297 2938 1355 Die amerikanischen Geistlichen haben in
2042 1341 2925 1417 ihrem obersten Konzilium den Beschluß gefaßt,
2027 1393 2934 1456 den Film in ausgiebigem Maße für die
2035 1437 2933 1484 Glaubenspropaganda zu verwerten. Eine be¬
2024 1481 2940 1545 sondere Organisation wird Filme moralischen
1959 1477 2021 1561 n¬
2024 1530 2927 1580 Inhaltes bereithalten, die jederzeit mit leicht
2026 1575 2926 1641 transportablen Vorführungsapparaten in den
2019 1615 2926 1677 Kirchen und Schulen vorgefuhrt werden können.
1933 1641 2930 1714 mit Weiters wurde ein Komitee geschaffen, das sich
1913 1705 2931 1756 ver= aus Teilnehmern der verschiedensten Berufe,
2013 1730 2931 1786 Klassen und Religionen zusammensetzt urd die
2024 1786 2926 1841 zur Aufführung in den Kirchen geeigneten
1922 1833 2027 1884 eue
2033 1819 2933 1887 Filme biblischen Inhalts einer genauen
1934 1874 2025 1938 ren
2029 1859 2805 1929 Prüfung und Revision unterziehen soll.
2094 1929 2921 1998 Von interessanten Stoffen wird gegen¬
1949 1955 2926 2032 en wärtig „Salome“ verfilmt, aber nicht nach
1949 2018 2923 2079 er Oskar Wilde, sondern nach dem biblischen
2026 2056 2936 2121 Urtext. Mit Josef Schildkraut wird
2024 2108 2924 2155 „Peer Gynt“ von Henrik Ibsen mit der
2032 2150 2921 2207 Musik von Edward Grieg vorbereitet, während
2029 2187 2931 2236 Pola Negri einen großen Film „Bella
2021 2235 2921 2296 Donna“ vollendet hat. Interessant ist, daß
2022 2273 2861 2344 Artur Schnitzlers Lustspiel „Casam
2022 2324 2923 2370 vas Heimkehr“ in Amerika als Film
2025 2357 2928 2436 gedreht und zwar spielen Woods und Gilbert
2026 2400 2356 2466 die Hauptrollen.
2071 2556 2853 2694 Produktions-Tatel
2042 2716 2913 2808 John Hagenbeck Film-A. G.
2375 2770 2750 2829 8, Friedrichstraße 180
2058 2991 3033 3072 We have another novel to add to cur list of recom¬
2022 3062 3036 3136 mended books. which up to now has consisted solely
2019 3113 3026 3184 of" Babbitt.“ On the implied recommendation of John
2028 3152 3024 3197 S. Sumner we have just read “Casanova’s Home¬
2019 3199 3033 3251 coming,“ by Arthur Schnitzler (Seltzer). It seems
2018 3243 3032 3283 to us a glorious piece of work which gains its effects
2016 3280 3022 3334 with an extraordinary economy of effort. We
2027 3319 3025 3370 honestly have not the slightest notion why it was
2024 3361 3029 3416 haled into court. To be sure, Schnitzler has dealt
2014 3403 3018 3443 with one or two scenes of passion, but he has
2020 3449 3012 3501 skipped through them with all the speed and pre¬
2003 3484 2877 3557 cision of a man running across a, quicksand.
2282 3514 3091 3613 Dr Aan
