3436 4320
1510 182 1965 288 box 4/10
255 188 1402 295 30. Casanovas Heimfahrt
946 246 1253 310 HeTmral
1632 1214 3345 1310 das Wort, das ihm von allen das furchtbarfte ist, da es sein; So ist zugleich die
455 1229 1634 1311 es selbst nicht mehr genau — Amalien eines Morgens in
1632 1266 2465 1357 endgültiges Urteil spricht: Alter Mann.“
441 1296 1624 1353 einer Kirche erblickte. Nun aber begegnet der alternde Aben¬
2800 1290 3341 1370 Nicht ein Abenteuer unte
1725 1315 2802 1392 Diese Handlung wird in einer ungemein edlen Sprache
450 1338 1636 1405 teurer im Landhause Olivos dessen Nichte, der ebenso
2798 1340 3349 1411 erzählen, nicht eine #
1637 1370 2795 1430 vorgetragen, die niemals ihre schöne Gelassenheit unterbricht,
442 1403 1632 1451 liebenswürdigen wie gelehrten Marcolina. Und an diesem
2804 1401 3352 1467 Casanova selbst gleich schin
1645 1417 2809 1487 sondern das leidenschaftliche Geschehen sanft verklingen läßt
451 1435 1637 1502 höchst anmutigen Geschöpf wird zum ersteumal die erfahrene
2801 1436 3352 1517 reiht, sondern ein seelische
1632 1470 2800 1531 wie ferne Glocken in der Abendröte. Freilich ist uns dieser
442 1475 1635 1539 Kunst des Abenteurers zuschanden. Das blendende Feuer¬
2792 1489 3343 1560 ins allgemein Menschliche
1633 1511 2798 1571 alternde Casanova — ein Casanova, der die eigene innere
445 1532 1635 1581 werk seiner Verführung, das er vor ihr verpufft — zischende
2805 1538 3335 1602 wird das schöne Wort i
1634 1570 2799 1631 Zerfallenheit durchschaut und vor ihr erschrickt — zuerst
454 1563 1637 1637 Raketen und ganze Sonnen von bengalischem Licht — hat
2801 1574 3320 1642 Maler, dessen Meisterschaft
1631 1593 2803 1673 ein wenig fremd. Man kann sich ihn nun einmal nicht
440 1622 1637 1692 über ihre lächelnde Unbefangenheit keinerlei Macht. Hier
2797 1628 3348 1704 Vorwurf auf die Leinwan#
1631 1668 2803 1721 anders als siegreich denken. Der Prinz von Ligne, der ihm
442 1666 1639 1732 offenbart sich ihm eine so durchaus weibliche Geistigkeit, die
2794 1670 3345 1738 müsse der Künstler durch
1622 1703 2809 1774 doch um Jahrzehnte später begegnete, fand ihn keineswegs
454 1714 1629 1778 nicht nur in Wortgefechten aller Art zu bestehen vermag,
2804 1723 3344 1794 aus dem Bilde zu uns an
1636 1749 2808 1814 nicht abgeklärt oder abgefunden. „Es wäre noch immer ein
457 1756 1633 1837 sondern auch die Werbung Casanovas, die allen anderen
2796 1781 3340 1838 wir in „Casanovas Heimf
1634 1804 2806 1860 sehr schöner Mann,“ so lautet sein Urteil — „wenn er nicht
453 1811 1629 1860 Frauen wohl gemäß sein mochte, recht plump, beinahe ein¬
2795 1823 3336 1902 sonderen dichterischen We
1629 1859 2805 1911 häßlich wäre. Er ist groß, wie ein Herkules gebaut, und
451 1849 1633 1919 fältig erscheinen läßt. Zur Vollendung seiner Qual muß
2797 1866 3330 1942 höchst persönliches Eige
1639 1890 2811 1962 seine Ausdrucksweise hat etwas vom schwerfälligen Harlekin
456 1901 1635 1963 Casanova überdies mit dem Spürsinn des Eifersüchtigen
2807 1906 3340 1980 Casanovas, wie es uns
1638 1942 2813 2003 und vom Figaro; dadurch wirkt er sehr scherzhaft.“ Artur
463 1950 1639 2007 schnell dahinter kommen, daß Marcolina keineswegs allen
2806 1965 3339 2024 süßen, kummervollen Sch
1641 1991 2813 2062 Schnitzler zeigt uns Casanova als eine tragische Figur.
454 1991 1633 2061 Liebeswerbungen unzugänglich ist, sondern daß sie mit jener
2808 2020 3345 2087 sind hier die Tränen sehr
1633 2039 2805 2099 Mitten durch den edlen Vortrag des Dichters hört man
449 2041 1636 2102 bezaubernden Leidenschaftlichkeit, die sonst ihm die Frauen
2801 2066 3337 2130 Unbedenklichkeit ein klug
1631 2088 2804 2149 freilich bisweilen den Abenteurer selbst die wunderbaren Er¬
448 2083 1634 2156 in die Arme trieb, sich dem Leutnant Lorenzi ergeben hat,
2805 2109 3346 2179 Lebens: Herbstabend voll
1638 2133 2810 2202 lebnisse seiner Jugend mit welscher Lebhaftigkeit durch¬
450 2128 1618 2195 einem Taugenichts ohne jeden moralischen Halt, doch so
2808 2143 3341 2225 guten Olivo ist voll mit
1627 2187 2809 2241 einandersprudeln: von der seltsamen Unbekannten, die
455 2178 1630 2238 vortrefflich in seinen äußeren Gaben, wie Casanova es nur
2814 2201 3347 2273 Casanova steht vor uns,
1633 2226 2809 2296 wochenlang mit ihm als Offizier verkleidet herumgereist
459 2226 1631 2286 je selbst in seiner Jugend war. Ein Zufall fügt es nun,
2801 2247 3352 2318 Seine Karten sind aufgedec
1634 2273 2813 2340 und eines Morgens plötzlich von seiner Seite verschwunden
463 2267 1635 2330 daß der Leutnant Lorenzi durch einen nicht ganz sauberen
2813 2300 3346 2363 arm, so ausgeplündert vor
447 2323 1633 2390 Geldhandel dem Abenteurer auf Gnade und Ungnade ver¬
1637 2325 2802 2383 war; von der lieblich unschuldigen Manon Balletti, der
2800 2341 3347 2415 unendlich Rührendes. Ger
458 2363 1637 2449 fallen ist, und Casanova gerät auf die teuflische Eingebung,
1639 2372 2822 2439 einzigen, die er beinahe geheiraret hätte, von jener schlechten
2807 2395 3343 2463 sals läßt die leichte Handl
451 2410 1634 2471 Lorenzi nur unter der Bedingung aus der Schlinge zu lassen,
1637 2419 2809 2479 Sängerin in Warschau, die er ausgepfiffen, worauf er sich
2811 2441 3348 2514 wenn Casanova nach seinen
459 2460 1635 2516 daß er ihm für eine Nacht den Weg in das Gemach Marco¬
1641 2468 2806 2525 mit ihrem Geliebten, dem Krongeneral Branitzky, hatte
2805 2493 3335 2550 endlich das heißgeliebte
454 2514 1641 2563 linas freigebe. Der schimpfliche Betrug gelingt; den blauen
1636 2511 2808 2589 duellieren und aus Warschau fliehen müssen; von der bösen
2808 2525 3334 2609 seiner Jugend, und es ist
458 2555 1630 2621 Reitermantel Lorenzis um die Schultern geschlungen,
1636 2563 2805 2624 Charpillon, die ihn in London so jämmerlich zum Narren
2810 2588 3340 2655 worden als einst, kalt un
465 2603 1637 2665 schleicht sich Casanova in die Umarmung der geliebten Frau.
1637 2609 2810 2680 gehalten; von einer nächtlichen Sturmfahrt durch die
2809 2628 3345 2698 Erleben verschwistern sich.
465 2665 1641 2724 Was er aber beim ersten Morgengrauen in Murcolinas ent¬
2557 2653 2815 2721 Aber auch
1629 2660 2497 2731 Lagunen, die ihm fast das Leben gekostet.
2805 2677 3342 2737 unter die Bleidächer ein,
465 2696 1644 2761 setztem Blick lesen muß, ist nicht, „was er tausendmal lieber
1647 2705 2812 2776 alles, was er selbst erzählt, brivat er hier ohne jede Zwei¬
2812 2728 3335 2803 die Freiheit. Gebeugt und
466 2742 1642 2818 darin gelesen: Dieb — Wüstling — Schurke —; er liest
1641 2754 2820 2818 deutigkeit vor, so daß man eher den Bericht „eines gefühl¬
2813 2772 3333 2846 nun selbst klägliche Späh
462 2784 1645 2841 nur dies eine —, das ihn schmachvoller zu Boden schlägt als
1643 2795 2829 2883 vollen Narren der Liebe, als den eines gefährlich wilden
1303 2843 1563 2892 itten — ##
479 2836 3339 2941 ulle anderen Beschimpfungen vermocht häu#  Verführers und Abenteurers zu hören vermeint“.verdienen, das bittere V##
