3436 4224
450 44 1851 141 Ope Generet din Dileimnite, inreene san 1. en  ene  e een enegege
1902 81 2616 133 Duch Sera runigee parimi les Pie
1184 105 1890 154 ses désirs de grandeur! Elle donnera
1891 123 2626 176 les; plus intéressantes suscitées par le
447 123 1170 172 mais tout à fait professionnel, qu'il
1187 143 1890 192 un bal auquel elle invitera deux cents
1902 163 2621 211 Centenaire, tout à côte de celle que M.
439 162 1182 216 s’agisse d’intrigue, de lettres, de diplo¬
1182 181 1897 232 personnes qu'elle connaft à peine, et sa
1902 201 2639 254 le ministre Paul Hymans consacre à
448 197 1178 249 matie, de vol., II a un pied dans lous
1178 220 1894 268 vieille cousine Isabelle, uniquerent
1908 226 2632 295 a la Vie Intellecinelle de 1830 à 1930 „.
441 244 1177 288 des mondes, mais n’appartient tout à
1180 259 1897 305 celle-ci, pour qu'elle aille renseigner le
1923 268 2637 332 C’est le texte de l’admirable discours
451 277 1178 323 fait a auchn. II ne sert rien, ni per¬
1185 296 1900 346 lendemain la famille et la fasse ainsi
1906 317 2628 364 qu’il prononça à la récenle séance pu¬
446 314 1182 378 sonne, mais se sert de tont ei de tous.
1186 338 1887 380 crever de jalousie et de dépit. Mais
1908 354 2629 404 blique des Academies et qui résume
444 358 1174 403 Sa seule affaire est de vivre et d’ai¬
1176 369 1899 421 Mme Kampf compte sans sa fillette, la
1896 387 2639 447 avec tant de bonheur l’effort de la Bel¬
450 393 1172 442 mer, d’aimer le plus possible, jusqu'à
1186 417 1895 461 maigre et rageuse Antoinette qui, ex¬
1905 427 2627 481 gique, depuis cent ans, pour affirmer
439 431 1175 496 T’exaspération, jusqu'a l’épuisement:
1177 449 1896 510 elue du bal parce qu'elle n’a que qua¬
1900 471 2624 528 dans le monde sa personnalité morale.
438 464 1184 517 non pas à la fagon de don Juan, qui
1190 487 1896 545 torze ans, et surtout parce que sa
1906 507 2641 562 Plusieurs pages de cet essai magistral
437 512 1175 564 n’aime pas qui hait au contraire la
1185 534 1896 586 mère n'a pas envie de se vieillir en
1905 556 2627 605 sont consacrées au mouvement ascen¬
437 541 1183 603 femme, el dont la seule joie — joie fu¬
1184 569 1887 615 T’exhibant, se venge en jetant toutes les
1904 576 2637 634 sionnel de nos Lettres. Ce ne sont pas
446 584 1168 642 nebre et démoniaque — est de tromper,
1183 607 1889 652 invitations dans la Seine. Le soir du
1907 624 2632 677 celles ou l’on sent le moins d’ardeur
441 625 1173 689 de seduire, de perdre.., mais à la fa¬
1187 642 1901 694 Bal, il ne vient personne, personne
1912 658 2628 716 et de généreux enthousiasme. Et ce
448 662 1170 710 gon de Casanova, le seul, l’unique, qui
1181 690 1898 738 qu'lsabelle. On imagine cette scène
1908 687 2637 751 n’est pas M. Paul Hymans non plus
446 697 1171 764 aime pour aimer, tout bonnement, tout
1176 713 1898 769 tragi-comique, peinte avec le pinceau
1898 740 2644 804 qui estimerait que le littérature est un
448 740 1173 797 simplement, pour goüter du bonheur,
1189 744 1903 818 sobrement énergique de l’auteur, Mme
1911 774 2311 840 agréable passe-temps !
442 782 1177 836 et plus encore pour en donner,, et quf
1186 789 1890 850 Némirovsky, certes, ne volt pas la vie
449 815 1182 873 n’eut qu'im seul fort: de tout subor¬
1180 834 1897 897 en rose. Mais quels admirables & Fo¬
446 857 1171 919 donner á ce bul, si bien que, vieur tout
1187 880 1646 944 rain ## elle sait boriner!
1925 858 2628 931 „ Nos Rois an serrice de la Patrie .
450 892 1175 942 à coup, il s’enfonça dans un abomina¬
1889 897 2637 976 de M. L. de Paeuw, directeur général
1481 919 1616 986 4%
445 924 1186 994 bie desespoir d’ou ne le tira que la loie
1899 964 2636 1022 de l’Enseignement normal au ministère
447 969 1180 1038 d’écrire ses miémoires, de revivre en¬
1201 955 1896 1026 M. Gaston-Denys Périer est un apo¬
1904 1003 2623 1035 des Sciences et des Arts, est un ou¬
448 1010 1176 1077 core en les racontant les délices d’au¬
1176 1014 1895 1064 tre des Noirs au pays des Gentils. C’est
1900 1035 2619 1085 vrage sérieusement documenté, écrit
1176 1056 1898 1112 nous qu'il entend convertir, convainere
444 1058 650 1112 trefois
1901 1070 2623 1126 avec clarté et agrément, orné de beaux
468 1068 1169 1138 L’éditeur de  Casanova v de Zweig
1187 1092 1904 1145 de l’intérêt puissant Jue présente de né¬
1907 1113 2626 1163 portraits photographiques, II expose
452 1131 1182 1187 nous donlie en memne temps une bonne
1193 1133 1896 1185 gre du point de vue artistique: sculp¬
1904 1154 2605 1199 nettement, preuves à l’appui, sans fla¬
442 1171 1180 1236 traduction, par M. Maurice Rémon, du
1190 1168 1902 1225 teur, graveur, ouvrier d’art en Afrique;
1909 1192 2609 1242 gornerie, ce que la Belgique doit à l’ac¬
496 1207 1181 1257 Retour de Casanova „, d’Arthur
453 1221 507 1254 6
1185 1201 1899 1270 poète et musicien aux Etats-Unis. Et
1905 1236 2613 1287 tion prudente, attentive. persévérante
446 1241 1179 1311 Schnitzler,le grand romancier antri¬
1184 1252 1905 1299 d’est de son sujet favori qu’il nous en¬
1914 1271 2625 1321 de ses Rois. La monographie, consacrée
451 1274 1196 1331 chien, l’auteur de. Madame Béate et
1182 1285 1904 1349 tretient avec beaucoup de pertinence et
1905 1303 2635 1358 à Léopold II, est particulièrement émou¬
442 1320 1185 1376 son fils v. C’est une nouvelle digne de
1174 1331 1901 1385 de charme dans a Negreries „, tandis
1908 1348 2627 1393 vante. Cet homme, que nous avons mé¬
442 1373 1904 1422 figurer à le suite des fameux a Mé-que, dans  Notes de Littérature colo¬
1912 1380 2623 1427 connu, était vraiment un géant. J’é¬
449 1405 1187 1466 moires e. M. Schnitzler imagine que
1187 1402 1907 1466 niale n, il rappelle tout ce que le Congo
1906 1423 2628 1476 prouve, pour ma part, une sörte de re¬
461 1442 1178 1487 Casanova, ayant franchi le cap fatal de
1187 1450 1906 1501 a dicté à da plume des écrivains d’ich et
1911 1460 2636 1511 mords de ne point l'avoir assez admiré,
442 1478 1177 1523 la cinquantaine, et désireux de revoir
1197 1485 1898 1532 d’ailleurs. Remarquons la place impor¬
1909 1510 2644 1552 vénéré, landis qu'il était parmi nous.
444 1508 1193 1575 sa Patrie qui consent enfin à lui rou¬
1184 1518 1903 1574 tante qu’il donne à Banning, ce mora¬
1917 1544 2644 1599 II me semble que M. L. dé Paeuw m’est
455 1553 1183 1617 vrir ses portes, rencontre sur ie chemin
1194 1560 1900 1611 liste trop oublié, dans l'histoire de no¬
1908 1574 2635 1629 pas étranger non plus à ce sentiment.
444 1605 1190 1662 Edu retour sa dernière aventure et peut¬
1185 1602 1907 1660 Ttre colonie. Et convenons avec lui que
1921 1602 2640 1673 A ce propos, peut-on dire ici qu'au
456 1634 1176 1680 être la plus tragique. Le Jeu et
1193 1640 1899 1692 nos compatriotes n’attachent pas assez
1908 1652 2636 1714 cours des fetes du Cenlenaire, on au¬
446 1665 1185 1736 Fl'Amour s’y meient en proportions éga¬
1188 1677 1900 1747 de prix à la Littérature, considérée
1913 1697 2632 1754 rait bien pu organiser une manifesta¬
457 1708 1182 1779 les et conduisent les personnages à un
1196 1718 1899 1770 comme agent de pénétration et de pro¬
1909 1739 2626 1779 tion à la stalue du grand Roi? L’autre
460 1746 1190 1809 étrange duel d’hommes nus, dans le
1188 1758 1900 1818 pagande coloniale. Mais faut-il tant s’en
1907 1776 2632 1834 matin, un maigre bouquet se fanait à
454 1780 1179 1855 frisson de-Taubequi est dien la scène
1191 1793 1905 1848 étonner? N’est-elle pas toute récente,
1920 1810 2635 1881 ses pieds. C’était peu pour traduire
455 1829 1185 1899 la plus étonnante qu’on puisse ima¬
1186 1842 1908 1888 cette réplique d’un de nos hommes po¬
1914 1853 2403 1917 Thommage de la nation!
458 1874 614 1942 giner.
1180 1870 1912 1921 litiques les plus en vue, d un jeune
858 1873 985 1929 Ce
2208 1899 2345 1967 „%
751 1906 904 1970 4%
1183 1896 1913 1966 homme qu’on venait de lui présenter
1197 1946 1914 2019 comme un Poête ayant déjä montré du
1933 1929 2629 2006 . Grandes Figures v, de M. H. Depes¬
475 1947 1184 2013 M. Emmanuel Bove, l’auteur de
1188 1992 1355 2053 talent:
1913 1993 2627 2038 ter, s’inspire de cette pensée de M. de
446 2003 1179 2058 a Mes Amis v, excelle à camper des ly¬
1211 2002 1906 2076 Ah! Vous vous occupez de littéra¬
1905 2030 2629 2083 Maèster:  Tous les peuples sont con¬
446 2038 1190 2111 pes de maniaques, de déséquilibrés qui
1194 2074 1900 2122 ture? C’est un agréable passe-temps! „
1909 2074 2618 2114 venus de placer au premier rang des
469 2079 1188 2135 #t songer à la fois à des héros de
1217 2099 1910 2167 Et dire que ce sot personnage croyait,
1909 2112 2623 2154 grands hommes les citoyens qui eurent
450 2116 1193 2186 romans russes et à Bouvard et Pécu¬
1190 2139 1897 2204 sans nul doute, s’être montré extréme¬
1906 2145 2633 2209 I'honneur d’arracher leur pays au joug
451 2154 1192 2225 chet du hon Flaubert. Dans a Un Père
1190 2194 1483 2249 ment aimable!
1905 2189 2624 2238 de l’étränger“ héros s’ils ont réussi,
445 2201 1183 2251 et sa Fille n, il nous présente un père
1906 2227 2625 2279 ou martyrs s’üs ont echout, leurs noms
1490 2210 1624 2292 4%
449 2237 1192 2300 Goriot devenu. à peu près güteux par
1917 2271 2415 2326 traverseront les siècles. .
1206 2261 1904 2332 Deux e évocations s, dues à des plu¬
453 2259 1200 2336 suite d’un amour paternel excessif #t
1927 2287 2641 2366 Je ne suis pas assuré que, dans la,
1196 2314 1916 2365 mes féminines, particulièrement ex.
456 2314 1178 2362 refoulé. Un soir chez Blutel s, la
1910 2317 3330 2395 pratique, la Belgique de 1930 realsmmmmmnommmnmgtrt. .EE
460 2351 1188 2413 deuxième nonvelle du livre, nous mon¬
1196 2351 1900 2408 pertes à réveiller de chères mémoires
1911 2386 2630 2428 bien exactement ce programge
452 2387 1184 2440 tre un raté, Maxime, passant la soirée
1196 2395 1908 2450 avec tout le tact, ioute in délicatesse qui
2632 2377 3351 2454 dans 1'u Ardenne Mysterieuse# 1e
1913 2428 2625 2480 Ou'elle connaisse et révère leg#ms
460 2421 1185 2483 chez un ami et y rencontrant de va¬
1194 2439 1461 2497 conviennent:
2632 2440 3351 2502 u Légendaire Ardennais 5, il nous dé¬
1912 2458 2628 2518 des hommes de 1830, on l’admet völon¬
447 2464 1198 2519 gues humanités. Aucune intrigue. Des
1220 2454 1910 2519 Mme Madeleine-Octave Maus, dans
2637 2477 3230 2529 couvre les sources de cette poé¬
1916 2495 2627 2548 tiers. Mais qu’elle soit bien au courant
446 2507 1192 2569 portraits psychologiges qui se suivent,
1202 2512 1908 2562 s Evocation de Lucie Couturier n, parle
2636 2518 3206 2578 stinctive, créée par l’imaginatio
1916 2535 2627 2599 des services qu’ils ont rendusg on en
452 2548 1182 2606 avec des conversations d’un vide, d’une
1200 2551 1906 2605 avec un lyrisme mélancolique et étouf¬
2627 2556 3218 2608 laire, qui est,-qui demeure l’exp
1924 2572 2630 2633 est beaucoup moins certain, Aussi lira¬
462 2583 1182 2639 banalité sans fond. Le talent de M. Em¬
1196 2588 1910 2639 fé (on croirait entendre du Chopin) de
2641 2594 3271 2661 la plus vraie, la plus émoufante
1919 2614 2632 2661 t-on avec profit le petit ouwage de M.
451 2624 1182 2678 manuel Bove consiste précisément à sa¬
1189 2631 1905 2676 celle qui, peintre, résuma l’effort supre¬
2639 2629 2985 2689 l’äme d’une race.
1912 2655 2623 2697 Depester, on défilent, en un glorleux
450 2668 1185 2712 voir trouver les détails qui feront ie
1202 2662 1913 2717 me de l'Impressionnisme et, écrivain,
2648 2671 3307 2726 Dans 1'# Ardenne superstitieus
1918 2695 2635 2746 péle-méle, les de Gerlache, les de Haer¬
456 2695 1196 2754 mienx sentir l’effroyable inanité de ces
1196 2709 1912 2756 révélg à la France, pendant la guerre,
2639 2714 3350 2763 vient de paraitre, iI poursuit s # utile
1912 2737 2620 2788 ne, les de Mérode, les De Potter, les
462 2743 1192 2797 ämes des contemporains. C’est par lä
1203 2747 1903 2794 la beauté de l’äme negre On entrevoit,
2628 2738 3358 2800 besogne. Nous y trouverons groupes
1923 2774 2621 2819 Devaux, les D’Hoogvorst, les Gende¬
1194 2787 1913 2840 à travers ces pages, le fantöme char¬
460 2779 1188 2837 surtout qu'il rappelle la manière cruelle
2632 2785 3344 2839 avec ordre et méthöde: les Pronostics
1905 2813 2635 2871 bien, les Lebeau, les Nothomb, les Ro¬
459 2820 1187 2869 de Flaubert. Par son style, il ferait plu¬
1199 2814 1916 2875 mant et frele de cette femme exquise
2626 2823 3348 2895 sur le Temps; les Présages amoureux
1915 2851 2632 2899 denbach, les Rogier, les Vande Weyer,
455 2860 1183 2909 töt songer à Proust. Mais quelles in¬
1202 2866 1910 2908 que ses amis appelaient u l’Ange des
2637 2863 3349 2919 (ce chapitre est, on sien doute, parli¬
1915 2899 2629 2943 les Van Halen, les Léopold.ler, pour ne
459 2899 1195 2955 corrections dans le texte! Qui faut-il en
1201 2907 1907 2955 Ténebres n, tant, vivante, elle évoquait
2628 2906 3356 2957 culièrement savoureux); les Signes de
1916 2923 2622 2978 citer que les principaux de nos épo¬
463 2936 1196 2987 accuser? L’auteur? Le correcteur' Je
1200 2933 1914 3004 déjà la nuit éternelle et mystérieuse ou,
2624 2940 3364 2993 Nouvelles; le Tirage au sort (dancien¬
1915 2963 2097 3021 nymes.
452 2978 1194 3047 cueille quelques phrases, presque au
1207 2982 1916 3035 jeune encore, elle allait bientôt entrer.
2641 2968 3358 3031 ne mémoire); le Folklore médical, tout
1926 2982 2627 3053 Et l’on pourra illustrer cette lecture
1214 3019 1923 3076 Mme Georges Rodenbach, de son
2637 3021 3354 3069 l'ahurissant arsenal des remedes de
457 3023 665 3076 hasard:
1925 3046 2625 3088 en se donnant la représentation men¬
1196 3051 1910 3116 côté dans & Constant Rodenbach, dé¬
489 3037 746 3113 Page 146:
2630 3052 3360 3109 bonnes lemmes et de rebouteuses: en¬
1917 3077 2636 3138 tale du Drame historique de M. Joseph
493 3075 1186 3151 Eh bien, tout cela, je l’ai acquis
2633 3090 3359 3147 fin, une glane de s traditions v relatives
1199 3099 1918 3155 puté au Congrès national de Belgique,
1927 3126 2633 3166 Francq: * Vers l’Indépendance v, ou
448 3127 1192 3187 par mon travall, ##s’ens m’en rendre
1197 3137 1919 3182 et ses Frères n, ressuscite l’afeul de son
2631 3145 3348 3198 à l’apiculture, à- Pavicultureaux bos¬
1921 3154 2621 3207 l’auteur a réussi à grouper, en cind
456 3178 685 3228 compte.
1189 3176 1908 3222 mari et deux de ses grands-oncles. Ce
2644 3168 3358 3242 sus, aux roux, à In veillée des morts.,
1918 3194 2629 3250 actes et onze tableaux, tous les événe¬
480 3200 728 3271 Page 147:
1195 3220 1909 3266 & Constantin Rodenbach n, ancien mé¬
2874 3223 2926 3279 □
2911 3216 3098 3286 %
1925 3240 2636 3283 ments qui ont assuré notre libération,
518 3227 1198 3297 a Geneviève était changeante. Sans
1195 3253 1909 3301 decin militaire de I’Empire, prisonnier
1923 3280 2640 3326 depuis la e Déchéance de Joseph il „
2659 3259 3352 3336 Nos poètes né chöment pas, encore
1198 3293 1912 3336 en Allemagne pendant 3 mois, après
466 3290 1191 3337 que T’on e fit s un geste ou que l’on
1919 3321 2630 3377 au 1er acte, jusqu’à l’offensive libéra¬
2626 3321 3356 3375 que les moyens leur manquent de plus
1194 3327 1916 3379 Lützen, jona un röle fort important
466 3331 1193 3385 & prononça.v une parole qui e pusse v (!)
1929 3345 2188 3416 trice de 1918.
2627 3355 3359 3418 en plus de noüs fäire connaftre leurs
468 3367 1190 3430 la froisser, elle passait tout à coup,
1201 3368 1920 3425 dans notre Révolution de 1830. Député
2224 3377 2364 3449 4%
2624 3390 3349 3450 ceuvres. II faudra bien que l’on songe,
461 3402 646 3460 etc. „
1202 3402 1882 3455 de Roulers, puis de Saint-Nicolas,
2630 3434 3354 3491 devant la carence des éditeurs, à fücili¬
1947 3426 2629 3488 On connait de longue date et l’on ap¬
1196 3434 1934 3500 se montra aussi énergique qu'avisé st
487 3441 744 3498 Page 206 :
2638 3477 3352 3526 ter un peu leurs débuts. Groupés pro¬
1923 3484 2621 3528 précie les beaux travaux de M. Louis
523 3466 1197 3530 „ Elle était tres jalouse. Souvent elle
1210 3486 1921 3533 sut, à l’occasion, faire de coup de kusil
2631 3499 3356 3569 fessionnellement, en dehors de toute
1918 3521 2632 3568 Banneux sur les petits-métiers et sur
467 3522 1189 3583 dui disait qu’elle ent donné  je ne sals
1198 3527 1923 3571 comme un simple troupier. C’est à la
2630 3556 3355 3617 idée d’école ou de parti, ne pourrdient¬
1930 3560 2623 3608 le folklore de l’Ardenne. Avec une pa¬
474 3564 1201 3622 quoi n pour le suivre # s’en n (récidivel)
1212 3567 1915 3617 suite d’un de ses discours, magnifique
2642 3592 3351 3642 ils e lancer v une“ manière d’antholo¬
1919 3597 2628 3644 tience et un discernement remarquables.
461 3599 865 3665 qu'il s’en doutät. .
1193 3605 1922 3642 harangue digne de l“loquence d'un
2642 3625 3348 3681 gie périodique, un &' Parnasse e beige,
1916 3635 2622 3690 il s’en va glaner, dans la plus rustique
489 3640 750 3704 Page 211:
1185 3635 1925 3696 Mirabeau, que le Congrès, s’arrschant
2636 3665 3360 3712 avec l’appui de la poignée de mécènes
1211 3675 2636 3728 à toute hésitation comme à toute timi-Ide nos provinces, les histoires de jadis,
507 3658 1202 3732 g ll souffrait de sortir sans avoir au¬
2636 3702 3361 3755 que compte notre avare population?
1202 3714 2622 3764 dité, déeida enfin l’exclusion de la fa-Iles proverbes, les traditions caractéristi¬
468 3713 1198 3774 paravant & retourner # ses poches pour
2644 3744 3352 3791 Je soumets cette idée à Mlle Marc Au¬
1198 3746 2628 3806 mille de Nassau du Tröne de Belgi-Iques, II fait de tout cela son miel et
473 3762 1092 3822 en chasser les brins de tabac.
2635 3778 3354 3838 gis. à qui l’on doitedéjà tant d’intéres¬
481 3789 736 3855 Page 242 :
1196 3791 2629 3844 que. Constantin perdit son mandat de ldans 1’ a Ame des Humbles # (ire et
2635 3816 2965 3882 santes initialives
514 3825 2647 3891 au #ll s eut suffit s qu'il écrivit à sa jdéputé pour avoir résisté avec trop de 2e série), dans les a Fées du Hultai „,
