3436 4320
471 172 1281 236 asanovas Heinfahr
1489 158 1926 255 box 4/10
231 160 1355 278 30  ne en een
2282 791 2381 865 281
1464 793 1700 871 Rundschau.
1587 936 2431 991 Fischer. Und über diesem Getriebe der Duft
725 927 1578 1011 bezeichnet hat. Es ist besonders zu begrüßen,
1583 978 2429 1033 dänischer Atmosphäre — Frauen, wie sie
729 996 1565 1057 daß Molo auch Strindberg in den Kreis
1585 1039 2431 1090 Jakobsen in so unerreichter Grazie gestaltet
731 1038 1573 1097 seiner eindringlichen Betrachtungsweise ge¬
1586 1080 2428 1129 hat. Da ist das elegante Weltkind Ellen
734 1081 1568 1146 rückt hat, und zwar nicht so sehr den Dichter
1594 1121 2422 1166 Kruse, des mächtigen Departementschefs ver¬
729 1124 1577 1191 des Problems „Mann und Weib“ als den
1600 1169 2434 1221 wöhntes Töchterchen, die dämonische Agnete,
741 1184 1577 1226 weniger bekannten historischen Erzähler
1599 1212 2436 1267 die schließlich eine brave Holzhändlersfrau
732 1225 1582 1271 Strindberg“. Es sind Sagenstoffe der nordi¬
1594 1247 2429 1303 wird, und das heitere Kind des Volkes
742 1262 1582 1325 schen Heimat, aber auch blitzartig erhellte
1592 1308 2434 1359 Lisbeth — alle Stände und Individualitäten
738 1292 1580 1368 Episoden aus der Reformation und aus der
1588 1340 2436 1401 des dänischen Tageslebens sind vertreten.
739 1355 1574 1418 französischen Revolution — immer sind es
1587 1384 2435 1444 Freilich, das letzte fehlt: jene unerhörte Hell¬
734 1400 1567 1447 Höhepunkte der Menschheit von Ewigkeits¬
1588 1427 2443 1487 sichtigkeit, die Jakobsens „Niels Lyhne“ zum
742 1437 1577 1490 gehalt, die Strindberg bis in die letzten
1587 1474 2438 1534 Roman einer ganzen Generation machte, die
738 1474 1574 1538 Tiefen durchleuchtet. Diese Kraft kann man
1601 1522 2432 1577 Anmut Peter Nansens, dessen letzte Gabe
729 1523 1584 1590 leider dem letzten Roman Aage Madelungs““
1594 1563 2440 1613 ein Novellenband“ ist, der aber auch
737 1563 1571 1635 nicht nachrühmen. Während der Pogrom¬
1599 1605 2445 1672 des Lebens Bitterkeit zu schildern weiß. Er
729 1607 1572 1667 roman Madelungs („Die Gezeichneten",
1591 1654 2442 1716 erzählt von einer Ehe, die sich in Haß zer¬
740 1659 1584 1717 S. Fischer, 1917) von individuellem Leben
1598 1697 2433 1756 setzt, er erzählt von einem Glücklichen und
745 1706 1571 1777 strotzt, it hier bei allem Aufwand sensationeller
1602 1743 2439 1799 Zufriedenen, dessen Blick aber nicht die Ge¬
739 1746 1578 1800 Motive eine gewisse Kahlheit und Ersin¬
1600 1782 2443 1842 meinheit des Lebens zu durchdringen ver¬
739 1791 1574 1842 dungsarmut zu konsiatieren. Die Gestalten,
1593 1823 2436 1877 mag, und der Schlußpunkt ist ein grotesker
735 1835 1587 1897 vor allem der Held, ein zum Sozialreformer
1599 1870 2440 1922 Bridgeabend im Irrenhaus. Es ist tief be¬
743 1879 1583 1946 emporgesteigerter ehemaliger Gaukler, mit dem
1609 1921 2443 1988 deutsam, daß dieser anmutige Gestalter mit
749 1927 1578 1986 symbolischen Namen Peter Mensch, haben
1601 1963 2441 2032 so ernstem Wort von uns schied — mit einer
739 1968 1576 2016 kein Blut in den Adern — die satirische
1606 2013 2447 2074 Bitterkeit, wie sie etwa des unglücklichen
746 2007 1591 2081 Grundidee, den sozialistisch= Zukunftsstaat
1595 2065 2439 2111 Hermann Bang kostbare Romane und No¬
742 2069 1580 2113 ad absurdum zu führen, v. lingt alles an¬
1606 2103 1972 2162 vellen durchtränkt.
738 2100 1584 2165 dere, der utopistische Appara. mucht sich auf
1685 2147 2435 2200 Die geistig=sittliche Bedeutung der
749 2157 1578 2209 Kosten der seelischen Qualitäten allzusehr
1602 2188 2437 2245 Schweiz hat schon während des Weltkrieges
735 2204 1585 2254 breit: wohl das Schicksal aller Utopien, die
1608 2230 2442 2281 und jetzt, da der dewokratische Gedanke
746 2246 1575 2301 ja eigentlich weniger erzählende Kunstwerke
1606 2275 2439 2338 siegreich zum Durchbruch gelangt, über¬
748 2282 1581 2338 als in Romanform gekleidete Propaganda¬
1607 2330 2448 2380 all Anerkennung gefunden. Die hübschen
744 2322 1590 2379 schriften sind. Die politische Note ist ja in
1609 2365 2442 2424 Bändchen der schweizerischen Erzähler““ ver¬
747 2370 1582 2430 den stets erregten nordischen Ländern ein
1602 2406 2445 2464 mitteln in anmutiger Weise die Bekannt¬
742 2411 1588 2466 wesentliches Motiv; aber es muß sich doch
1608 2461 2449 2510 schaft mit den bedeutendsten Prosadichtern
744 2462 1586 2515 mit den menschlich bedeutsamen Elementen
1608 2508 2442 2557 der heutigen Schweiz. Da ist die erschütternde
752 2510 1583 2569 organisch verbinden. Dies ist in dem zwei¬
1611 2539 2447 2591 Geschichte des Raubmörders Stüssy („Frau
751 2547 1585 2600 bändigen, in Dänemark wielenden neuen
1600 2593 2439 2648 Stüssy und ihr Sohn“) von Jakob Schaffner,
741 2588 1579 2650 Roman von Lanrids Brunn recht glücklich
1598 2630 2447 2696 da ist Max Pulvers zarte Mädchennovelle
749 2635 1595 2689 der Fall***. Das dänische Beamten= und
1604 2676 2447 2735 „Odil“, das abgeklärte ergreifende Tagebuch
752 2680 1589 2738 Industriellenleben tritt uns in tausend sein
1609 2717 2442 2768 einer Leidenden von Ruth Waldstetter, Co¬
756 2722 1586 2777 beobachteten, lebensvollen Zügen entgegen,
1606 2769 2440 2840 bert Faesis klassische Soldatengeschichte vom
754 2775 1582 2835 der große Bankherr Welten ebenso wie der
1601 2804 2449 2872 Füsilier Wipf, Rohert Walsers kapriziös
746 2809 1587 2877 elegante Figurant Prinz Adolph, der so gerne
1609 2855 2455 2910 gestrichelter Spaziergang, um nur einige zu
754 2857 1587 2918 mit den hübschen Gemahlinnen seiner Mini¬
1606 2899 2442 2955 nennen. Besonderes Interesse hietet die
739 2891 1591 2958 sterialbeamten à deux soupiert. In dieses
1609 2938 2443 2996 Blütenlese westschweizerischer Erzäbler, der
743 2947 1581 3009 etwas pariserische Kopenhagener Gesellschafts¬
1607 2978 2445 3044 Novelen von Benjamin Valloton, C. F. Pa¬
746 2993 1585 3051 treiben weht der frische Hauch der dänischen
1607 3032 2460 3078 muz, Samuel Cornut, Gonzaque de Reynold,
745 3029 1586 3093 Provinz, der arbeitsamen Fischerstädte. Von
1603 3080 2445 3139 Robert de Traz, Charles Gos enthält und
743 3078 1596 3147 der Provinz aus erobert Svend Byge, aus
1612 3120 2445 3189 so im Sinne der Völkerverständigung und
755 3125 1599 3174 dem alten Bauerngeschlecht der Byge mit
1607 3162 2446 3227 des kulturellen Ausgleics wikt. Diese
757 3172 1593 3220 dem trotzigen Nacken, aber schon verdünnten
1610 3201 2450 3276 schönen Ziele verfolgt auch der in Zürich,
750 3215 1599 3270 Blut, die Hauptstadt, als Vertreter der in
1609 3254 2453 3308 Wien und Leipzig beheimatete Amalthea¬
744 3263 1597 3324 allen Amtern mit Redensarten abgespeisten
1606 3295 2454 3353 Verlag, der soeben seinen ersten Almanach
883 3324 1586 3383 Die schönsten historischen Erzählungen von
1604 3354 2450 3406 in die Welt sendet**. In vorbildlicher Aus¬
749 3373 1588 3428 Strindberg. Ausgewählt und eingeleitet von Waltet von
1712 3393 2445 3464 Des Lebens Last. Novellen von Peter Ransen.
750 3406 1347 3462 Moto. Albert Langen. München 1918.
1600 3425 1987 3488 Berlin 1918. S. Fischer.
877 3429 1593 3512 Aage Mahelung, Zirkus Mensch. Kurt Wolff,
1710 3464 2458 3538 Schweizerische Erzähler Frauenfeld und Leipzig,
753 3475 985 3528 Leipzig., 1918.
1606 3503 1934 3557 Verlag Huber & Co.
813 3500 1580 3562 ** Lanrids Pruun: Aus dem Geschlecht der Byge.
1652 3536 2446 3585 Amaltheei=Bücherei. Almanach auf das Jahr
750 3545 1586 3599 Roman vom Jahrhundertwechsel. Erster und zweiter
1616 3577 2291 3646 1919. Zürich=Wien=Leipzig, Almathea=Verlag.
741 3579 1282 3644 Band. Weimor 1918, Kiepenheuer.
