3392 4256
1413 123 1603 211 box
377 120 1242 198 asanovas Heinfahrt
1613 121 1833 220 4/11
148 140 1252 239 30 Ge
346 289 467 347 ARO*
236 290 319 360 ein
711 273 1491 369 (19, auf. Wir werden noch gelegen.,
231 345 301 393 alt
1516 338 1632 401 Regl.
346 328 1024 417 auf die Ausstellung zurückkommen.
1235 337 1460 405 A. F. S.
1514 375 1688 452 Struad.
203 437 332 512 tiven
375 436 1465 531 Schnitzlers „Casanovas Heim¬
1504 455 1685 534 lung
192 478 331 540 annt,
1516 509 1647 576 folgt f
202 529 326 591 Auch
347 506 1493 609 kehr“ — kein unsittliches Werk.
1513 554 1658 609 spen
221 579 326 635 un¬
1517 592 1668 655 Käth
331 581 1498 646 Die Beschlagnahme in Newyork aufgehoben.
187 620 320 684 ndy,
1512 635 1661 687 „Des
982 643 1467 707 Newyork, 25. Oktober.
170 669 332 729 Ziener
1512 678 1670 741 Lessing
412 677 1486 764 Eine Gerichtskommission unter Vorsitz des Distriktsstaats¬
181 716 316 782 einige
330 733 1482 802 anwaltes Crain beriet gestern über die Beschwerde, welche die
1505 759 1661 822 Lustspi
168 766 317 824 nger
338 792 1482 848 Newyorker „Gesellschaft für Unterdrückung des Lasters“ durch
1507 802 1647 851 Garai
212 813 317 873 von
332 834 1485 901 ihren Präsidenten Summer vor einiger Zeit gegen den Ver¬
1506 845 1657 899 führur
158 861 312 923 Dan¬
1509 888 1658 943 Reime
330 876 1501 948 leger der Novelle „Casanovas Heimkehr“ von Arthur
192 905 319 964 aber
1503 930 1648 987 Opper
333 937 1492 998 Schnitzler wegen Verbreitung unsittlicher Druckschriften ein¬
164 951 317 1010 h mit
1502 973 1641 1025 Susat
324 966 625 1034 gebracht hatte.
157 1003 328 1065 mteren
1492 1014 1638 1068 Wlas
410 1020 1486 1091 Die Jury verwar die Beschwerde der „Gesellschaft für
203 1044 315 1108 Wir
1506 1057 1631 1122 Geyl
330 1064 1496 1137 Unterdrückung des Lasters“ und stellte in der Begründung ihres
154 1092 215 1153 f
209 1096 316 1151 von
327 1113 1484 1166 Verdiktes fest, daß die Novelle Arthur Schnitzlersein
186 1138 310 1201 Bild,
332 1160 1489 1212 literarisches Werk von hohem Rang sei und
180 1188 312 1245 rotz¬
324 1205 1484 1275 keinesfalls gegen das Bundesgesetz bezüglich der
175 1234 308 1291 sträts
1498 1247 1669 1305 komm.
333 1250 1489 1316 Verbreitung unsittlicher Druckschriften verstoße. Die seiner¬
186 1280 308 1343 igens
323 1309 1487 1378 zeit bei dem Verleger beschlagnahmten Exemplare des Buches
198 1329 315 1387 aber
1490 1328 1655 1394 schränk.
325 1339 704 1411 wurden freigegeben.
1539 1379 1673 1441 — Fra
459 1575 872 1688 Journat#
459 1658 979 1746 Milnaukee 7is
414 1929 1082 2002 Once more, and for the fourth time
394 1979 1084 2054 in seven years, Arthur Schnitzler’s
388 2041 1072 2100 novel,Casanova's Homecoming,“
382 2075 1072 2141 has been cleared in Cbüft of charges
386 2137 1075 2180 of obscenity brought against it by
398 2163 1076 2234 John S. Sumner, chief agent of the
385 2214 1072 2276 Neu York Society forthe Suppression
396 2261 1079 2307 of Vice. Schnitzler's publishers.
397 2298 1067 2346 Simon & Schuster, celebrute by
396 2335 1071 2395 bringing out a new and cheaper edi¬
392 2368 1064 2411 tion of the book. A new D. H.
389 2407 1071 2455 Lawrence novel, The Virgin and the
386 2436 1069 2492 Gipsy.“ the manuscript of which was
392 2483 1067 2527 found among Lawrence's effects fol¬
393 2518 1070 2557 lowing his death. will be a Novem¬
401 2550 1080 2598 ber publication of Alfred A. Knopf.
398 2590 1076 2643 Inc. What is described as a Pre
400 2621 1080 2668 vised“ edition of D. H. Lawrence's
386 2668 1085 2710 famous novel, Lady Chatterley's
374 2695 1074 2751 * Lover.“ which is being sold by some
391 2730 1079 2800 merican Looksellers, is an absolutel:
399 2789 1099 2859 unauthorized version, according to
387 2822 647 2884 Mr. Knopf.
1998 381 2618 464 HEMSTREET
2024 450 2578 527 96 WARREN STREET
2063 494 2545 588 NäN VORK CITV
1946 715 1991 791 4
2022 715 3053 836 Casanova's? Vindication
1812 892 3180 962 Mr. Schuster Writes of a Clean-Cut Decision Signi¬
2075 950 2912 1035 ficant in the World of Letters
2495 1052 3205 1125 best of our ability and hafeguard a
1811 1055 2444 1127 To the New York Herald Tribune:
2515 1109 3205 1170 classic of modern fiction against thel
1836 1108 2497 1174 May we ask the hospitality #f your
2505 1154 3204 1205 misguided zeal of an extra-legal society!
1809 1152 2492 1204 columns to correct a perhaps ine itable
2509 1186 3189 1245 which is pitting its opinion agalnst the
1810 1200 2492 1252 injustice to one of the world's out¬
2501 1221 3191 1293 virtually unznimous edict of critics.
1805 1238 2152 1298 standing authors!
2512 1274 3198 1329 scholars, men of letters and clvilized
1836 1265 2492 1347 When Mr. John S. Sumner, secretary
2508 1305 3191 1370 readers generally. It is now for the
1809 1323 2477 1386 of the New York Society for the Sup¬
2505 1348 3200 1423 courts 20 determine which side is right
1800 1367 2483 1415 pression of Vice, instituted his attacks
2509 1398 2961 1450 in the eyes of the law.“
1801 1412 2488 1453 on Casanova’s Homecoming, by Dr.
2532 1437 3187 1485 That answer has now been given in
1797 1450 2499 1514 Arthur Schnitzler, widespread publicity
2512 1472 3201 1543 an unmistakable manner, and all of
1800 1489 2482 1546 was given to his charges and to the
2500 1515 3193 1570 Mr. Sumner’s charges have been dis¬
1805 1540 2488 1593 so-called Praid“ on the publishers.
2510 1542 3204 1630 missed and invalidated in their en¬
1800 1569 2489 1633 After a series of hearings and investi¬
2504 1603 2631 1655 tirety.
1794 1614 2493 1674 gations, the conclusion of a sevon-year
2524 1624 3192 1699 It now seems absurd that so in¬
1798 1658 2493 1716 legal battle on this book was finally
2497 1681 3197 1747 volved and so costly a procedure of de¬
1800 1699 2494 1756 reached last week, when the grand jury
2509 1731 3202 1776 fense was becessary in a case where no
1793 1727 2495 1792 of New York County officially dismissed
2512 1774 3192 1831 reasonable man could have any just
1801 1790 2489 1842 all of Mr. Sumner’s complaints and an¬
2507 1817 3190 1859 doubt. Here was a book issued openly
1798 1818 2497 1884 nounced that there was no basis for
2501 1852 3198 1912 and proudly by a reputable publishing
1802 1863 2120 1922 any indictment.
2492 1894 3191 1941 house under its ywn imprint, 4 firm
1837 1910 2487 1972 This decision, coming as it did on
2503 1919 3202 1991 which had up to chat time brought out
1803 1951 2489 2009 top of an opinion rendered by Magis¬
2497 1981 3201 2040 close to 3.000,00. volumes under its
1798 1998 2491 2054 trate Maurice Gottlieb, ccmpletely
2501 2022 3203 2068 own name without the slightest sug¬
1798 2040 2490 2099 absolving the book from any charge
2509 2058 3187 2113 gestion, direct or Indirect, of any viola¬
1793 2082 2495 2142 of obscenity, marks the final and irre¬
2508 2093 3190 2151 tion of the canons of propriety or
1800 2121 2495 2186 vocable vindication of the hook, the
2502 2132 3192 2197 decency; here vas z book translated
1805 2156 2312 2218 author and the publishers.
2502 2178 3197 2238 and acclaimed in virtuallj every civil¬
1838 2207 2489 2268 We are not unmindful of the techni¬
2496 2215 3190 2278 tzed country in tlierld; a work sin¬
1797 2256 2484 2315 cal exigencles of news administration:
2497 2264 3194 2325 gled out for indorsemelt, by the Co¬
1791 2295 2490 2347 there is probably more "spot“' news
2497 2296 3201 2350 lumbia University course in world lit¬
1797 2342 2496 2392 value in an attack or a complaint
2514 2343 3201 2392 erature sponsored by President Nicholas
1798 2374 2493 2432 than there is in a defense or an ex¬
2510 2389 3200 2439 Murray Butler and by the Enciclopedia
1790 2424 2491 2482 oneration. For this reason, we are not
2509 2425 3199 2482 Britannica: a bock admitted through
1800 2461 2496 2519 criticizing the newspapers for glving
2509 2471 3193 2522 the customs and the mails; sold even
1790 2506 2492 2552 extensve space to the origin charges
2506 2500 3196 2559 In Boston; recoramended in representa¬
1800 2550 2494 2599 and recording the final vindicacion and
2509 2552 3199 2608 tive institutions of higher learning:
1800 2593 2497 2641 conclusion of the case in a few meager
2508 2586 3193 2642 widely edvertised and reviewed in the
1794 2634 2486 2679 and routine paragraphs. Nevertheless,
2511 2630 3189 2678 press; preminently displayed and fea¬
2502 2656 3199 2731 tured by distingulshed bock stores, and
1797 2669 2494 2728 we feel it is only fair to Dr. Arthur
2514 2711 3189 2769 approved by sochal agencles and civic
1797 2719 2484 2769 Schnitzler and to ourselves to direct
2513 2729 3201 2822 bodies—attached only by Mr. John
1788 2750 2493 2811 further attention to the clean-gut de¬
2505 2794 2742 2854 S. Sumner.
1800 2796 2490 2864 cision and to its zignificance in the
1800 2837 2117 2897 world of letters.
2516 2818 3193 2894 A vital principle was at stake in this
2506 2869 3197 2927 case. If wa were guilty, then the news¬
1826 2863 2494 2944 Apparently, nobody in the com¬
2506 2916 3191 2977 papers, magazines, the universities,
1795 2923 2493 2986 munity found any fault with Casa¬
2510 2949 3190 3023 the chools, the libraries of America
1796 2956 2505 3025 nova's Homzcoming“ except Mr. Jonn
2510 3002 3201 3063 were also guilty of purveying r5jec¬
1793 3010 2493 3056 S. Sumuer. Speaking as the paid
2499 3044 3192 3093 tionahle and obscene reading matter.
1789 3051 2489 3107 agent of an extralegal society, Mr.
2508 3085 3193 3139 Herenzter Mr. John S. Sumner and his
1798 3096 2495 3148 Sumner took it upon himself to extract
2504 3124 3201 3182 staff sill be better advised if they con¬
1798 3128 2486 3194 passages of the book from their con¬
2503 3163 3196 3224 fine their energies to the legitimate
1794 3173 2490 3230 text and to brand the work as a
2498 3198 3189 3259 field of curbirg dissemination of dirty
1804 3210 2484 3272 whole as 'not only obscene, but con¬
2514 3246 3192 3295 postcards and ornographie fllms. Let
1805 3258 2491 3300 secutively obscene.“ Thus spoke Mr.
2500 3273 3192 3344 them respect in freedom of genuine
1810 3294 2487 3349 Sumner. But hé spoke alone. No
2503 3326 3190 3379 literature in Ameriga, and let them give
1798 3339 2488 3396 court, no judge, no legal body saw fit
2507 3369 3192 3424 heed to the edicts of good taste and
1804 3378 2493 3426 to validate his charges. On the con¬
2509 3412 2854 3471 civilized opinion.
1802 3424 2496 3480 trary, the leaders of modern life, the
2528 3441 3191 3512 Pornography is never published in an
1807 3468 2492 3517 teachers, the editors, the educators, the
2512 3496 3186 3551 open spirit, in the white light of fame
1794 3508 2490 3562 physiclans, the critics, the psychlatrists,
2502 3539 3186 3595 and community indorsement. it 1s
1796 3548 2493 3607 the ministers promptly and impres¬
2501 3587 3188 3635 offered in dark places and under sinis¬
1800 3587 2491 3638 sively rallied to the defense of an in¬
2509 3613 3191 3679 ter and suspiclous circumstances. Raids
1805 3630 2490 3681 contestable classic of modern litera¬
2507 3661 3185 3718 by Mr. Sumner's minions should be
1801 3675 2495 3734 ture. Theré was no doubt as to the
2505 3709 3195 3761 confined to the back alleys of filth, and
1801 3702 2490 3775 enlightened judgement of the #on¬
2504 3743 3184 3798 not to the broad highway of dis¬
1805 3751 2490 3802 munity. From the outset it was not
2509 3783 3110 3841 tinguished creative literature.
1801 3803 2486 3845 a clash of representative opinlons, but
2496 3799 3192 3875 That is the lesson of the case of Casa¬
2501 3863 3194 3919 nova’s Homecoming,“ now happily a
1829 3876 2487 3922 Nevertheless, Mr. Sumner's tactics
2505 3909 2796 3972 closed ineident.
1801 3918 2484 3972 necessitated the long drawn out prö¬
2666 3931 3155 4004 M. LINCOLN SCHUSTER.
1807 3965 2509 4021 cedure of several court actions, elab¬
2521 3978 2963 4048 New York, Nov. 5. 1930.
1805 3994 2507 4059 orate and costly legal defense, ex¬
1796 4032 2506 4093 tended correspondence, symposia, re¬
1801 4073 2507 4112 search and questionnatre and the en¬
