3392 4256
517 147 938 214 Casanovas
938 139 1340 219 Heimfahr
1558 125 1995 236 box 4/11
282 147 1469 244 30A
968 964 2180 1048 eidents in whore houses. (See People v. Brainard,
967 1031 1463 1110 192 App. Div. 816.)
1019 1089 2176 1178 Well of Loneliness,“ a novel dealing with sexual
959 1159 2175 1214 abnormalities, inversion and Lesbianism. (See
963 1228 2173 1286 People v. Donald Friede and Corici Friede, Inc.,
965 1269 2184 1339 Court of Special Sessions, New York County, April
972 1336 1215 1413 19, 1929.)
1039 1397 2171 1465 Jurgen, an imaginative and fantastic tale of
959 1458 2184 1516 amorous adventures. (See opinion of Judge Nott of
970 1521 2119 1574 the Court of General Sessions, October 19, 1922.)
1038 1586 2161 1656 "A Young Girl’s Diary' and“Women in Love“.
972 1646 2168 1698 (See opinion of Magistrate Simpson in People v.
960 1701 1951 1768 Seitzer, N. Y. L. J. September 30, 1922.)
1021 1765 2176 1845 Decameron of Boccaccio“ and“Heptameron“
968 1832 2063 1894 (See In re Worthington, 30 N. V. Supp. 361.)
1007 1893 2162 1955 In all of these cases the courts were mindful of
950 1949 2168 2007 the fact that the community had accepted the vol¬
951 2016 2163 2087 umes. It is obvious that the law must keep in step
963 2065 2168 2142 with the customs of the people; otherwise it docs
948 2134 2161 2206 nothing but encourage disrespect and nullification.
955 2189 2160 2244 Certain it is that President Butler of Columbia
951 2245 2151 2327 University cannot bé called a supporter of porno¬
960 2316 2152 2391 graphy. Surely the press of this city do not cham¬
949 2374 2167 2435 pion smut. The department stores and bookdealers
959 2444 2164 2505 of this land fall in line with the current mores of
948 2498 2159 2567 the community. Are they all criminal? Who then
950 2557 2164 2620 is out of step: the defendants in this case orthe
952 2609 2151 2662 complainant, who for fifteen years has been bring¬
954 2678 2160 2722 ing case after case into courts and never once pro¬
952 2728 2163 2793 curing a conviction where the bookdealers and the
946 2795 2159 2870 press and the educators have stood back of the
953 2851 1187 2924 volume?
989 2896 2160 2988 The newspapers and periodicals which have
951 2980 2163 3038 severely criticised the prosecution of“Casanova’s
943 3039 2160 3116 Homecoming,’ or have commended, reviewed er ad¬
958 3102 1600 3163 vertised the book include:
