3436 4320
260 234 1377 337 30. Casanovas Heinfahrt.
1247 227 1980 352 # box 4/10
849 286 1190 350 S 110 1 1
177 1384 322 1476 V
2261 1489 2660 1588 # eneer ae Sgn en  dn
1768 1505 1864 1582 S .
2944 1494 3108 1577 —
555 1544 3115 1636 feiner lseinen Zeberge Manna aus, in die sich der Ruselose rit Framenipen. „Caanova, nichte als der Rane, doch mit eine
564 1607 3109 1685 seiner Armut geflüchtet, bestürmt er den Rat der Zehn zu Venedig Ausdruck, wie ihn Casanova noch niemals gehört zu haben ver¬
581 1643 3111 1739 mit seinen flehentlichen Gesuchen um Gestattung der lange ver- meinte. Ob eine einstmals Geliebte — ob eine niemals Geschaute
574 1701 3108 1774 weigerten Heimkehr Wie ein sterbender Vogel umkreist er immerichen ein heiliges Gelübde gebrochen, um ein letztes — oder ein
175 1701 577 1798 r Schpitziers.
578 1747 3112 1840 ntyer die geliebte Heimatsstadt. Um sich ihre Räte gefügiger zu erstes Mal seinen Namen in die Luft zu hauchen — ob darin
172 1781 583 1863 schers Verlag, Berlin)
590 1799 3105 1868 machen, schreibt er ein Pamphlet gegen den verhaßten Gottes= die Seligkeit eines unerwarteten Wiedersehens, der Schmerz um
2774 1845 3101 1927 ezi#t, daß ein
574 1859 2800 1921 lästerer Vektaite, gegen den Dichter von „Pucelle“, mit dem ersein unwiederbringlich Verlorenes oder die Klag: gez
579 1897 3109 1977 in jungen Jahren einst zusammentraf. Der Name Casanovas, der den heißer Wunsch aus fernen Tagen sich so späl und nutzlos erfällte
592 1945 1859 2019 Frauen so viel Zauber und Verführung bedeutete, ist zu einem leeren
1900 1945 3105 2012 Casanova vermochte es nicht zu deuten; nur dies eine wußte
189 1970 3110 2062 t allen Köstlichkeiten, Klang geworden, bei dem nur noch die Alternden erschauern. er, daß sein Name, so oft Zärtlichkeit ihn geflüstert, Leidenschaft
169 2035 3109 2138 ück umschimmert, und Von allen Gaben, mit denen die Natur und das Glück ihn in ihn gestammelt, Glück ihn gejubelt hatte, heute zum erstenmal
162 2080 609 2139 Essenheit, Armut: an
598 2096 3088 2165 so verschwenderischer Weise ausstattete, ist dem Gealterten nur mit dem vollen Klang der Liebe an sein Herz gedrungen war.“
147 2123 594 2192 s Schnitzler den be¬
591 2149 1858 2210 der schöne Rest“ geblieben. Blickt er in den Spiegel, dann sieht
1923 2152 3109 2247 Dieser wunderbar poetische Moment ist auch der reinste
167 2177 1855 2257 asanovas Heimfahrt“,er sein eigenes Gesicht verzerrt, eine Grimasse des Hohns über
1834 2219 3105 2285 Klang in dieser Erzählung von dem zynischen Liebesvirtuosen,
186 2229 1856 2305 nicht glaußen. In den eigenen Verfall. Der Resignierende will seine Rechnung mit
1843 2272 3103 2326 der durch ein schmähliches Mittel in die Arme der schönen,
156 2276 1841 2348 al die Leidenschaften Gott und dem Leben machen, aber in diesem Moment tritt ihm
1835 2316 3109 2380 spröden Marcolina gelangt. Lorenzi ist in seiner Lasterhaftigkeit
173 2316 1839 2394 noch ist der Horizont noch einmal das Schicksal, ein letztes, gefährliches Liebeserlebnis
1830 2358 3108 2435 auch dem Spiel ergeben. Er hat im Spiel mit einem greisen
173 2360 1839 2457 ir die Sehnsucht nach entgegen. Auf einem nachdenksamen, von bitteren Erwägungen
1844 2402 3107 2471 Manne, dessen junge Frau er zu seiner Geliebten gemacht, sein
149 2421 607 2474 ern er einst in einer
591 2434 1836 2499 erfüllten Spaziergange begegnet Casanova seinem früheren
1835 2463 3105 2519 Ehrenwort verpfändet. Lorenzi kann jedoch seine Spielschuld nicht
158 2457 598 2534 nova wie herbstliche
1292 2476 1852 2556 Hauslehrer, dem er mit
594 2469 1293 2542 Freunde Olivo, dem gewesenen
1825 2507 3107 2570 einlösen, und Casanova benutzt die Notlage des Rivalen bei
581 2531 1288 2601 seinen letzten Goldstücken einst
1278 2525 3106 2631 zur ehelichen Vereinigung Marcolina, um für seine Hilfe die Ueberlassung der Geliebten zu
1265 2574 1412 2641 von
167 2543 1270 2641 rischem Reiz birgt die mit der Geliebten verhalf,
1399 2572 1850 2643 der der Wüstling
1837 2606 3107 2673 erzwingen. In Lorenzis Gewändern dringt Casanova in Mar¬
162 2622 1843 2681 esonneren Tagen. Es selbst den Liebesdank vorher sich sicherte. Im Hause
1830 2655 2998 2709 colina Schlafgemach, die in dem Vermummten den
157 2654 1848 2732 rgreisenden, sich be= Olivas lernt Casanova dessen in Schönheit strahlende Nichte
162 2654 3095 2770 n um ie Fünfzig Marcolina kennen, eine scheinbar spröde Philosophin, die dem in warteten Geliebten umarmt. In der dämmernden Morgen¬
2703 2734 3110 2814 im Duell. Er
155 2770 2704 2833 er Ironie gesprochen; wahnsinniger Leidenschaft jäh Entflammten nur Abscheu entgegen frühe tötet Casanova den Rivalen
1840 2777 3107 2853 darf nach Venedig zurückkehren und muß seiner Vaterstadt die
164 2816 1856 2875 nerz einerrängenden bringt. Casanova kämrft gegen dieses Versagen vergeblich mit
151 2855 3110 2904 em Dichter ein solches allen Waffen eines unverminderten Geistes und allen schändlichen Dienste eines Polizeispions anbieten. Arm, ein aus¬
160 2884 3097 2962 e de alternde Liebes= Finessen seiner Verführungskunst. In einer Nacht wird der gebrannter Vulkan, begibt sich Casanova auf die Flucht in die
1841 2944 3096 2999 Heimatstadt. Das ist die Heimkehr des groß à Abenteurers: in
148 2944 1843 3014 Einesse zur Darstellung Rasende Zeuge einer Liebesstunde, die die spröde Marcolina ihrem
1833 2993 3100 3051 der unsagbar armseligen Stube eines Gasthofes, „mit einem
160 3006 1841 3062 anovas Lebensabend jugendlichen Bewerber Lorenzi gewährt. Lorenzi ist ganz das
157 3039 3108 3115 en, reissten, von Duft Ebenbild des jungen Casanova, schön und lasterhaft, wie dieser es bitteren Nachgeschmack auf den Lippen, den er gleichsam aus dem
158 3079 3109 3171 ffinierte Feinschmecker. einstmals war. Doppelt schmerzlich empfindet er die eigene Ohn= Innersten seines Wesens nach oben steigen fühlte", findet
1841 3128 2573 3198 Casanova den eisehnten Heimatsschlaf.
168 3146 1655 3215 ltenen Akzenten, um macht, das Versagen des früher so treuen Liebesglücks
164 3199 512 3265 ik auszuklingen.
1931 3179 3103 3275 Mit diesem schwermütigen Ausklang schließt dieses schwüle,
700 3192 1854 3265 Wie ein letztes Echo früherer Tage, der verdämmerten
1837 3247 3097 3310 an Schönheiten reiche und so zeitfremde Werk Schnitzlers, eine
154 3248 1849 3313 nova und er steht vor Jugend vernimmt der von Leidenschaft noch einmal Aufgewühlte
151 3295 3117 3353 ergessenheit sich herab=während eines Besuches in einem Nonnenkloster den eigenen blendende Köstlichkeit, wie verloren in diesen dumpfen Tagen der
159 3344 2470 3398 rückkehren, und von Namen wie einen schmerzlich verhallenden Schrei. Er kam von bangen Sorge und barten Not.
