3392 4256
289 66 1683 134 further astention to ihe clean-eut de- bodies—attacked only br Mr. John
301 114 1226 171 cision and to#ite signiftcance in che S. Sumner.
1898 117 2776 190 Casanovas Heimfahrt
1699 116 1938 218 30.
295 158 605 217 world of letter.
2250 174 2345 218 nen n
1012 147 1680 213 A vital prineiple was at stake in this
2714 158 2793 226 L
2046 166 2195 223 A4# 2
314 204 1695 256 Apparentiy, nobody in the com- ase. If we were guilty, then the news¬
284 242 1689 293 munity found any fauit with“ Casa- papers, magazines, the universitien,
990 281 1689 333 the schools, the librarles of Ameries
289 287 992 346 nova's Homecoming“ except Mr. John
994 325 1692 376 were also guilty of purveying objee¬
280 327 986 397 S. Sumner. Speaking as the paid
996 357 1720 411 tionable and obscene reading matter.
293 370 993 431 agelit of an extralegal society, Mr.
999 405 1705 454 Hereafter Mr. John S. Sumner and his
284 414 986 461 Sumner took it upon himself to extract
993 448 1706 497 staff will be better advised if they con¬
298 457 978 511 passages of the book from their con¬
2543 445 2716 531 New X
993 490 1706 543 fine their energies to the legitimate
286 497 978 555 text and to brand the work as a
2559 519 2636 573 Not
995 526 1694 570 field of curbing dissemination of dirtv
294 542 983 590 whole as "not only obscene, but con¬
996 559 1697 622 postcards and pornographie films. Let
294 582 985 635 secutively obscene.“ Thus spoke Mr.
1003 599 1695 661 them respect the freedom of genuine
293 616 985 672 Sumner. But he spoke alone. No
993 655 1704 701 literature in America. and let them glv¬
294 662 983 724 court, no judge, no legal body saw fit
996 699 1700 750 heed to the edicts of good taste and
300 713 985 751 to validate his charges. On the con¬
1004 728 1330 792 civilized opinion.
296 742 992 791 trary, the leaders of modern life, the
1021 780 1703 831 Pornography is never published in an
286 787 1000 842 teachers, the ec tors, the educators, the
1001 817 1695 873 open spirit, in the white light of fame
286 826 985 884 physiclans, the critics, the psychlatrists.
997 861 1693 911 and community indorsement. It is
293 878 980 923 the ministers promptly and impres¬
996 900 1695 956 offered in dark places and under sinis¬
295 919 979 961 sively rallied to the defense of an in¬
1004 934 1699 995 ter and suspicious circumstances. Raids
298 955 983 1000 contestable classic of modern ltera¬
1007 980 1701 1039 by Nr. Sumner’s minions should be
287 992 978 1053 ture. There was no doubt as to the
996 1026 1695 1076 confined to the back alleys of filth, and
292 1032 977 1075 #enlightened iudgement of the com¬
996 1072 1695 1116 not to the broad highway of dis¬
303 1073 979 1120 munity. From the outset it was not
994 1107 1610 1160 tingulshed creative literature.
301 1121 984 1164 a clash of representative opinions, but
992 1132 1695 1198 That is the lesson of the case of“ Casa¬
299 1163 987 1207 a preponderance in faver of thr book.
999 1177 1705 1253 nova’s Homecoming,“ now happily a
318 1198 984 1251 Nevertheless, Mr. Sumner’s tactics
995 1226 1305 1294 closed ineldent.
292 1240 979 1302 nec#snitated the long drawn out pro¬
1177 1256 1662 1330 M. LINCOLN SCHUSTER.
295 1283 998 1342 cedur of several court actions, elab¬
1021 1296 1465 1368 New Vork, Nov. 5, 1930.
286 1317 997 1373 orate and costly legal defense, ex¬
297 1341 1007 1411 tended correspondence, symposia, re¬
1124 1351 1231 1421 Gasen
296 1400 997 1445 search and questionnaires, and the ex¬
300 1439 994 1500 penditure of the city’s money in ad¬
300 1482 913 1535 ministrative and juristie routine.
331 1519 1006 1582 The fülr name of one of the greatest
297 1564 1005 1620 writers of modern literature was sullled
294 1596 1000 1659 and assalled by sensational accusations
285 1655 996 1702 a bcok of unimpeachable integrity wall
294 1679 1002 1744 falsely charged with obscenity; a valu¬
291 1721 1016 1789 able literarr property was impaired
297 1763 1013 1822 through deferinent and suspension of
299 1819 1007 1862 sales; costig advertising and promotion
302 1852 1012 1910 material that could not be recalled
301 1891 1019 1944 was nullified during the perlod of ad¬
293 1940 1018 1983 judication, and a decorous and law¬
292 1976 1010 2028 abiding publisFing house subjected to
305 2001 1012 2072 the machinatiuns of snies, agents pro¬
302 2068 1012 2112 vocateurs, strong-zrm raids and relz¬
298 2095 429 2149 üres.
333 2134 1016 2196 When Mr. Sumner's ccmplaint was
1475 2145 2034 2249 Anerican Hebren
296 2166 821 2225 filed on Algust 8 we stated:
328 2203 1016 2276 We not only publish all the works
1660 2206 2015 2295 Jov 21-30
291 2250 1008 2325 of Arthur Schnitzler in America, having
1532 2275 2215 2335 But what standards are we to judge
299 2298 1017 2362 isstied nine of his books since 1925.
1492 2327 2205 2375 obscenity in fiction? Magistrate Gott¬
298 2346 1017 2390 but respect them and admire them.
1491 2356 2205 2400 lieb in dismissing Mr. Sumner’s ac¬
296 2390 1007 2437 We shall fight this case in that spirit.
1495 2387 2209 2449 ber against Cas#iova’s Homecoming.
297 2421 1009 2473 We have always published his books
1494 2425 2210 2490 by Arthur Schnitzler, declared that
1498 2467 2210 2518 the book was not to be judged by the
290 2457 1003 2523 and those of other Inner Sanctum nov¬
1513 2506 2205 2561 'standard of mid-Victorian days.
302 2509 1010 2565 elists with dignity, and# #et that Mr.
1505 2533 2213 2589 Criteria prevailing at the present time
297 2550 1015 2599 Sumner’s tacties may lead to a type
1508 2571 2220 2622 are to be used. The task of lohn S.
304 2570 1032 2645 of public discussion that is susceptible
1509 2603 2217 2673 Sumner and the Society for the Sup¬
294 2615 1004 2690 Tof misinterpretation in some quarter¬
1512 2643 2220 2704 pression of Vice these days is not an
295 2648 1015 2729 But since he has seen fit to initlate the
1505 2678 2214 2740 casy one. In spite of their existence
302 2705 1020 2772 action, we will defend the bock to the
1509 2718 2229 2780 th# newsstands are literally barnacled
1516 2758 2223 2819 with cheap magazines that lie abent
1518 2799 2224 2857 life and that substitute pepper for
1520 2835 2226 2884 plausibilitv. But it is a pity to banish
1513 2871 2225 2926 a work of art by a recognized master
1520 2906 2226 2953 like Schmitzler because he deals with
1525 2936 2227 3009 his theme frankly and without the
1525 2978 2232 3040 public reticences of mid-Victorianism.
1518 3023 2235 3071 Such a work ought not to be confused
1524 3048 2232 3123 with the trash which calls itself
1534 3099 1718 3152 “snappy.
2688 3616 2803 3665 rent lie
2689 3652 2725 3691 G
2674 3685 2819 3735 Me by T
2667 3719 2829 3776 appear o
2672 3755 2815 3804 and vor
2677 3791 2851 3837 stores imn
2687 3824 2869 3875 two glorion
2690 3863 2829 3908 be destin
2728 3968 2769 4012 nei
2952 114 3335 208 box 4/1
3254 3722 3291 3768 V
