3436 4320
254 178 1361 250 30. Casanovas Heimfahrt.
447 196 1950 282 box 4/10
1144 910 1906 997 symbolische, für das Dauerwesen mensch¬
1926 927 2712 1004 einige Dialoge und Erzählungen ähn¬
1138 978 1904 1039 licher Gesellschaftsvorgänge bezeichnen¬
1922 991 2709 1047 licher Themas, von innigerer Leiden¬
1140 1020 1916 1086 den Züge ins Licht zu stellen sucht.
1926 1039 2709 1082 schaft, aus einem Schicksal geboren,
1139 1062 1909 1116 Wohl aber überwiegt der Anreiz
1926 1070 2709 1135 nicht aus einem differenzierten Denk¬
1136 1105 1914 1168 zum Lächeln, trotz der Bitterkeit des
1936 1124 2714 1184 und Beobachtungsapparat. Zuweilen
1132 1148 1916 1206 Ganzen, die Erschütterung. Ponten hat
1923 1169 2703 1234 scheint die Novelle Tragisches berühren
1140 1201 1903 1258 eine Vorliebe für den „starken Stoff“,
1931 1207 2710 1255 zu wollen, und das Ende ist elend
1139 1242 1916 1290 und am Stoff bleibt er leicht etwas
1922 1245 2711 1312 genug: in Wahrheit aber bleibt sie im
1123 1273 1903 1347 hängen. Er meistert ihn klug, holt he¬
1921 1297 2718 1343 Bereich nicht einmal des Tragikomischen,
1136 1313 1921 1397 aus, was an Wirkung drin ist, zeichnet
1932 1340 2700 1401 sondern des Tragisch=Lächerlichen. Un¬
1138 1370 1912 1437 die Einzelgestalt klug und fesselnd,
1936 1384 2709 1436 sere Betrachtung möge indes Freunde
1128 1420 1918 1480 aber eins scheint zu fehlen: Liebe, die
1924 1425 2717 1496 ernster Literatur nicht von diesen
1137 1475 1907 1526 große innige Hingabe des Schöpfers
1922 1467 2709 1535 Büchern fernhalten. Nach Können und
1139 1514 1911 1571 an seine Geschöpfe. Auch die zweite
1930 1520 2702 1577 Gehalt stehen Pontens Erzählungen
1137 1558 1909 1617 Novelle, die er gesondert herausgab,
1918 1542 2713 1623 hoch über dem Durchschnitt. In seiner
1126 1601 1910 1660 „Die Insel“, bestätigt das wohl. Wie¬
1922 1607 2709 1654 Art, wir mögen sie lieben oder nicht,
1134 1645 1910 1702 der eine starke tragfähige Fabel: Ein
1930 1653 2716 1693 ist er ein wirklich „Originaler“, der aus
1127 1675 1913 1745 höchst modernes, entschlossenes und
1927 1693 2705 1740 unmittelbarstem Müssen und reichem
1126 1725 1913 1785 weltkundiges Fräulein aus Deutschland
1922 1740 2402 1794 Können heraus schafft.
2504 1730 2711 1799 J. E. A.
1134 1777 1911 1835 besucht unvermutet eine jener welt¬
1978 1763 2704 1851 Schnitzlers „Casanova“ erschien bei
1129 1809 1901 1881 fremden griechischen Klosterinseln im
1931 1816 2696 1884 S. Fischer in Berlin; Pontens No¬
1140 1855 1904 1926 Mittelmeer. Die Insassen empfangen
1920 1857 2709 1937 vellen bei der Deutschen Verlagsanstast
1127 1906 1901 1968 sie mit Schrecken; noch nie hat ein
1919 1910 2224 1981 in Stuttgart.
1130 1952 1908 2004 Weib, noch nie ein Kind des Teufels
1910 1989 2328 2055 Karl Brugmann 7
1121 1988 1914 2050 die Insel betreten. Trotzdem wird ihr
1129 2031 1911 2094 Gastfreundschaft gewährt. Mit einem
2026 2022 2703 2088 is 19. Jahrhundert gab der Wissen¬
1134 2076 1910 2125 jüngeren Bruder durchstreift sie die
1917 2048 2704 2149 Dschaft zwei sich widersprechende Ziele:
1137 2122 1904 2176 Insel. In allen, zumeist aber in ihrem
1926 2135 2706 2189 das analytische und das synthetische,
1136 2174 1914 2227 klugen Begleiter entzündet sie rasch das
1914 2175 2701 2237 die Untersuchung einzelner Tatbestände
1127 2220 1909 2273 stets unter der Asche der Entsagung
1923 2215 2701 2282 und deren Zusammenschau zu leben¬
1129 2246 1903 2317 glimmende Feuer des Begehrens. Und
1921 2260 2693 2326 digen Einheiten. Die „romantische“,
1129 2296 1907 2359 schon in der ersten Nacht erliegt der
1927 2309 2699 2366 Wissenschaft neigte zur zweiten Arbeits¬
1133 2339 1907 2412 Bruder ihren Reizen. Das Kapitel aber,
1912 2355 2704 2410 weise, bevor die erste genügend zu Wort
1130 2372 1907 2447 halb eifersüchtig, halb besorgt um aller
1922 2390 2698 2439 gekommen war. Natürliche Folge: Re¬
1125 2431 1897 2497 Seelenheil, trennt die beiden gewalt¬
1924 2439 2707 2503 aktion, Umschlag ins Gegenteil, Spezial¬
1127 2472 1905 2526 sam. Es kommt zu einer Art Kloster¬
1921 2484 2704 2527 gelehrtentum, fern aller „Universitas
1119 2521 1896 2584 gericht, in dem das Fräulein durch
1920 2518 2694 2587 litterarum". Einige wenige wahrten
1130 2551 1902 2623 starke Drohung ihrem Buhlen Straf¬
1921 2570 2691 2622 die Einheit beider Betrachtungsformen.
1129 2595 1903 2661 freiheit erwirkt. Dann reist sie ab.
1919 2615 2693 2658 Karl Brugmann gehörte zu ihnen. Die
1120 2641 1893 2712 Ruhe scheint wieder einzukehren. Aber
1922 2658 2699 2716 junge Sprachforschung hatte Verwandt¬
1116 2697 1896 2754 der junge Bruder stürzt sich verzweifelt
1924 2704 2694 2752 schaften, gesetzmäßige Zusammenhänge
1125 2742 1906 2790 ins Meer. Aus drei Elementen ist
1925 2744 2689 2806 zwischen den Sprachen der Mittelmeer¬
1125 2771 1908 2851 die Erzählung kunstreich gewebt. Eine
1918 2792 2701 2835 völker, nein des ganzen alten Europa,
1114 2825 1905 2874 prachtvolle Darstellung südlicher Land¬
1913 2824 2695 2885 schließlich Europas und Indiens ent¬
1125 2873 1900 2924 schaft und südlichen Klimas bildet das
1903 2875 2702 2938 deckt, der Begriff der Völkerfamilie
1130 2916 1888 2966 erste, ein in Anekdoten fortschreiten¬
1911 2920 2695 2981 bildete sich, das in Indien vorgefundene
1125 2951 1896 3011 des Entfalten der Fabel das zweite, ein
1921 2952 2695 3028 Sanskrit schien die gemeinsame Ur¬
1118 2999 1890 3063 in klugen Gesprächen gegebenes Bloß¬
1913 3010 2685 3061 sprache aller. Später nahm man man¬
1117 3040 1900 3113 legen des Sinns und der Bedeutung
1911 3056 2687 3116 ches als übereilt zurück. Das Einzel¬
1119 3093 1898 3149 dieser rasch keimenden und in Halm
1913 3100 2686 3160 studium setzte ein, die Wege liefen
1112 3128 1890 3189 und Frucht schießenden Liebe das dritte.
1913 3136 2684 3190 scheinbar wieder auseinander, es gab
1116 3173 1898 3238 Dieses letzte Element ist fesselnd wie
1918 3193 2690 3244 tausend Erscheinungen, die sich nicht
1119 3219 1901 3280 der Denker Ponten immer ist. Man
1907 3237 2697 3299 mit der neuen Zauberformel erklären
1112 3264 1905 3331 liest nicht jeden Tag so Sinnreiches
1915 3271 2674 3336 ließen. Die Zahl der „Lautgesetze“
1124 3312 1886 3368 und Blutvolles über Enthaltsamkeit,
1903 3321 2692 3392 mehrte sich — und die der Ausnahmen
1127 3352 1897 3411 Sinnenglück und Seelenfrieden, Wahn
1898 3350 2685 3421 von diesen „Gesetzen“. Daß dennoch
1124 3399 2694 3481 und Liebe. Wohl aber lasen wir schon, der große Zusammenhang gewahrt, das
1175 3456 1290 3548 80
