3436 4320
244 187 1388 275 30. Casanovas Heimfahrt
463 187 1958 303 Aut box 4/10
152 993 1579 1096 st, da es sein; So ist zugleich die Stellung des Dichters festgelegt.
419 1057 1572 1130 Nicht ein Abenteuer unter vielen anderen wollte er uns
146 1057 398 1154 len Sprache
416 1110 1581 1189 erzählen, nicht eine kurzweilige Anekdote, wie sie
156 1134 392 1197 unterbricht,
414 1163 1582 1223 Casanova selbst gleich schimmernden Perlen auf eine Schnur
154 1173 394 1248 klingen läßt
413 1215 1576 1280 reiht, sondern ein seelisches Erlebnis über den Abenteurer,
162 1226 399 1293 tuns dieser
422 1255 1584 1333 ins allgemein Menschliche hinauswachsend. Von Lenbach
148 1274 394 1348 gene innere
411 1309 1581 1362 wird das schöne Wort überliefert: der sei ein schlechter
245 1320 393 1387 zuerst
420 1345 1581 1426 Maler, dessen Meisterschaft nur ausreiche, einen bestimmmten
149 1368 400 1444 einmal nicht
413 1389 1581 1487 Vorwurf auf die Leinwand zu bringen; seine eigene Seele
147 1411 396 1483 ne, der ihm
413 1452 1581 1515 müsse der Künstler durch den Zauber der Verwandlung
156 1466 400 1532 keineswegs
412 1506 1580 1557 aus dem Bilde zu uns ansprechen lassen. Und so begeguen
161 1515 397 1571 immer ein
407 1545 1577 1601 wir in „Casanovas Heimfahrt“ einem guten Teile der be¬
156 1555 398 1623 enn er nicht
414 1591 1571 1646 sonderen dichterischen Mel Artur Schnitzlers, die sein
149 1608 395 1671 gebaut, und
405 1636 1584 1716 höchst persönliches Eig im ist. Das letzte Abenteuer
159 1655 394 1730 en Harlekin
407 1677 1566 1748 Casanovas, wie es uns Schnitzler erzählt, ist von einer
241 1705 391 1762 Artur
412 1741 1580 1785 süßen, kummervollen Schwermut beladen, dem Leichtsinn
152 1748 390 1820 sche Figur.
407 1775 1581 1839 sind hier die Tränen sehr nahe und der abenteuerhaften
160 1797 395 1861 hört man
412 1827 1580 1893 Unbedenklichkeit ein kluges und mildes Verstehen des
157 1845 399 1915 erbaren Er¬
405 1878 1577 1948 Lebens: Herbstabend voller Reise; der Obstgarten des
133 1886 392 1966 Feit durch¬
407 1934 1570 1980 guten Olivo ist voll mit Früchten behaugen. Ein entlarbter
143 1936 388 2002 munten, die
414 1976 1578 2038 Casanova steht vor uns, einer, von dem die Maske siek.
148 1989 394 2052 herumgereist
407 2009 1575 2095 Seine Karten sind aufgedeckt. Aber gerade, daß er so bettel¬
146 2036 390 2102 erschwunden
405 2081 1577 2138 arm, so ausgeplündert vor uns erscheint, gibt ihm etwas
150 2086 318 2143 falletti,
407 2117 1573 2168 unendlich Rührendes. Gerade die Auflösung dieses Schich¬
415 2164 1583 2225 sals läßt die leichte Hand des Dichters deutlich werden,
148 2177 400 2252 prauf er sich
404 2209 1583 2278 wenn Casanova nach seinem letzten häßlichen Abenteuer nun
163 2226 392 2291 tzky, hätte
412 2262 1578 2326 endlich das heißgeliebte Venedig wiedersieht, die Stadt
155 2275 392 2339 n der bösen
406 2305 1567 2367 seiner Jugend, und es ist auch hier alles so ganz anders ge¬
151 2320 395 2389 zum Narren
405 2355 1573 2413 worden als einst, kalt und frostig. Aeußeres und inneres
170 2371 390 2433 durch die
407 2401 1573 2454 Erleben verschwistern sich. Einst schlossen ihn die Sbirren
159 2411 389 2482 Aber auch
409 2450 1581 2495 unter die Bleidächer ein, und er fand tollkühn den Weg in
167 2463 389 2530 jede Zwei¬
411 2498 1574 2554 die Freiheit. Gebeugt und gebrochen kehrt er zurück, leistel
142 2513 387 2579 ines gefühl¬
151 2553 1590 2638 lich wilden nun selbst klägliche Späherdienste, um nur sein Brot zu
153 2593 1451 2673 verdienen, das bittere Brot der Heimat,
1957 1060 3326 1120 Auch eine andere Erzählung „Der junge Dichter“ vons offenbart, war
1874 1106 3035 1165 Rudolf Hans Bartsch führt uns in abenteuerhafte Ferne, in
3046 1103 3327 1173 Kastanienulle
1869 1153 3026 1210 ein trostreiches Land der Jugend, wenn auch auf Pfaden,
3041 1155 3320 1217 prunkten. Da
3048 1199 3324 1263 Jakominiplatz
1870 1192 3031 1256 die uns nun schon bekannt sind, die der Dichter
3042 1244 3321 1315 einmal ihren
1873 1248 3031 1303 gleichsam selbst für uns markiert hat. Seine eigene
1872 1279 3029 1343 Heimat aber ist es, in die wir hier reisen, in diese Heimat,
3035 1289 3310 1355 gemäß sei, E
1871 1333 3039 1385 die ihre genaue Mitte hält „zwischen Deutschland und
3038 1338 3293 1402 er schleicht
1861 1389 3031 1443 Italien, wo schon die Zikade singt und wo noch die wilden
3040 1377 3325 1448 zähneklappern
3048 1432 3330 1492 hinabgewiesen
1862 1432 3037 1495 Holztauben gurren, wo der Kuckuck ruft und wo die Berge
1874 1477 3033 1529 bis in den Juni schneeweiße Säume haven, lang hin, an der
3042 1476 3330 1530 über beide J
1872 1528 3033 1582 ganzen Grenze, im Halbkreis um das steirische Land“. Der
3045 1519 3311 1587 loseres gibt,
1866 1574 3032 1631 junge Heinrich Huckwald, der im engen Stüblein bei seiner
3049 1565 3314 1631 Trauben des
1868 1616 3034 1670 Großmutter in Graz seine ahnungsvollen Träume spinnt,
3038 1611 3330 1682 Frau Obristi
3039 1662 3305 1726 haben will,
1874 1657 3029 1718 siebt dem Dichter, der für uns seine sanften, kindhaften Züge
1863 1719 3035 1771 liebevoll nachzeichnet, so ähnlich wie nur ein Bruder dem
3042 1705 3330 1772 Hosen so selts
3041 1753 3324 1814 und die ihm
1869 1746 3031 1814 andern. Rudolf Hans Bartsch erzählt uns seine eigene
1869 1804 3024 1863 Jugend, Wahrheit und Dichtung freundlich ineinander ver¬
3039 1800 3318 1866 aber dem gu
1860 1845 3033 1910 schlungen. Mit seinen Augen blichen wir aus den Fenstern
3039 1847 3323 1910 neuen, zauber
2000 1898 2063 1928 „
1865 1908 3029 1952 der kleinen ebenerdigen Wohnung ins Grüne hinaus: „Von
3041 1895 3331 1957 Huckwald wie
3034 1936 3331 2005 voll Sehnsucht
1862 1942 3023 1998 Großmutters Fenstern sieht die Welt aus, als bestände sie
3031 1985 3325 2051 mittelmäßige,
1856 1985 3037 2053 aus nichts als Träumen, grüngoldenen Blättern, Blumen¬
1871 2040 2714 2100 rabatten, Abenteuern und Vergnügungen.“
3033 2034 3321 2099 jungen Mensch
1953 2052 3027 2140 Ueber diese ersten Erlebnisse also zwischen Träumen
3032 2077 3322 2146 dieses Buch
1868 2128 3023 2168 und Blumenrabatten berichtet uns Rudolf Hans Bartsch.
3029 2118 3316 2205 uns da besche
1865 2175 3016 2241 Galt in der Erzählung Schnitzlers unser Mitleid dem altern¬
3036 2164 3295 2239 shaftet ihm
1864 2205 3029 2264 den Casanova, dessen letztes Abenteuer ihm so schmerzliche
3033 2202 3320 2285 schreitet nicht
1859 2262 3022 2325 Erkenntnis bringt, so begleiten wir hier einen Knaben auf
3033 2265 3305 2330 liche Enstase,
1871 2313 3019 2367 seinen ersten Liebesfahrten im Mai. Er wird zum Verführer
3038 2309 3332 2375 einsetzt ist kal
1852 2356 3018 2418 gegen seinen Willen; der immer wirksame Zauber einer
3040 2358 3299 2422 dem Dichter
3034 2404 3292 2467 wie er sie sel
1853 2407 3030 2455 ahnungslosen Jugend legt hier die Fallstricke aus. Und doch
1858 2447 3029 2514 bleibt auch diesem Knaben das kummervolle Erwachen nicht
3036 2453 3320 2515 Etwas Ursp
1854 2501 3019 2563 erspart. Wunderbarer als alle die Wirklichkeit, in die er sich
3033 2492 3321 2560 schilderungen:
1861 2555 3031 2609 hineingerissen fühlt, schöner als all die schönen Frauen, die
3033 2545 3325 2605 liebevoll erfaß
1864 2588 3032 2660 sich um ihn zum Reigen schließen, begehrenswerter als all der
3032 2592 3326 2659 Heinrich Huckt
1857 2641 3319 2702 wirblige Gienuß, der sich dem Schüchternen, Abseitsstehenden erlebens gem
