3436 4256
515 126 1336 203 Casanovas Heimfahr
1554 128 1964 219 box 4/11
296 118 1424 243 30 Je enenen eren e ee en e
348 470 1028 558 CORNT (Penserfranta! TOrTRNAE
377 540 980 605 Mondar, Aug. 25. 1930
1488 733 1826 819 PAGE THREE
345 673 743 868 +
468 888 1729 1054 Following the Writers
1144 1062 1272 1119 —
367 1131 1829 1197 Journal'’s Weekly Book Review Feature With List Of Ten Best
465 1185 1836 1265 Sellers—Interesting Information About Modern Writers And
473 1238 793 1321 Their Works.
478 1363 967 1439 By PAUL W. WHITE¬
371 1416 1075 1486 United Press Staff Correspondent
365 1453 1102 1536 NEW YORK, Aug. 25.—As thoughi
326 1496 1093 1579 to supply another chapter to Ernestl
319 1559 1085 1640 Sutherland Bates'“This Land of Lib¬
327 1609 1085 1688 erty,“ New York authorities have be¬
320 1661 1084 1728 gun to fight to suppress à re-publica¬
304 1706 1106 1777 #tion of one of the tuilg greal hooks.
329 1756 1088 1825 of the century, Casanova’s Home¬
323 1787 973 1877 coming, by Axffilr Schnitzler.
355 1834 1091 1915 Bates’ volume, published Harp¬
322 1893 1079 1959 er’s, is an intemperate tirade against
320 1947 1082 2019 what he terms the tyranny to which
1187 1932 1336 2017 Sun
321 1981 1077 2058 most Americans uncomplainingly as¬
1182 1986 1843 2081 San Fernando Calif
316 2034 1088 2114 sent. He finds liberty giving way to
313 2088 1091 2152 restriction in every field—in the courtsi
1463 2091 1730 2185 26 1930
337 2125 1074 2200 —the press, the right of free speech.
358 2181 1080 2255 The following chapter headings
1217 2194 1875 2280 This Land of Liberty' is so vic¬
325 2209 1077 2298 well indicate the content of the vol¬
1168 2260 1875 2324 lous a denunciation that the cause
311 2265 1086 2330 ume: Twisting the Constitution's
1165 2297 1867 2375 of liberalism might well be injured
316 2322 1074 2390 Tail; From the Third to the Nth
1160 2339 1863 2400 by the over-statement of which
309 2364 1074 2433 Degree: How We Have Improved on
1160 2375 1865 2455 Bates is quite possibly guilty. Still,
313 2399 1078 2469 Prussia;“ Intoxicated Temperance;“
1165 2421 1874 2492 the prosecution against the Schnitz¬
324 2453 1088 2531 +Comstock Stalks“ ahd“ Education in
1160 2466 1870 2537 ler book is so illustrative of the
308 2507 540 2585 Bondage.
1157 2508 1866 2582 prüdery, the chronic—hysteria,
1160 2556 1864 2631 against which he rails that his
1151 2591 1604 2656 words gain emphasis.
1177 2631 1861 2703 It was in 1921 that Casanova's
1158 2677 1866 2745 Honecoming' was first printed in
1148 2734 1868 2801 English. At that time it was hailed
1150 2775 1859 2833 nto a magistrate’s court and a com¬
1153 2825 1871 2881 promise was reached — the then
1155 2852 1862 2927 publisher agreeing to withdraw the
1147 2899 1868 2977 book as soon as he had disposed of
1158 2935 1500 2994 he first edition.
1190 2963 1871 3047 Simon and Schuster now have
1144 3006 1861 3091 brought it out again as one of the#
1155 3072 1864 3131 Inner Sanctum Novels' at a dol¬
1154 3097 1857 3183 lar. If ever there were a fictional
1145 3139 1522 3202 bargain this it is.
1199 3192 1865 3260 Casanova's Homecoming“ de¬
1153 3234 1859 3305 scribes an imaginary event in the
1152 3270 1864 3344 life of the greatest adventurer of
1144 3308 1851 3394 them all when he has reached the
1152 3356 1856 3430 age of 53 and is returning to Ven¬
1151 3401 1858 3485 ice. There occurs a hideous seduc¬
1152 3449 1850 3526 tion but the scene—to which the
1140 3488 1861 3569 moral agents apparently object so
1149 3527 1857 3616 strenuously—is by no means glori¬
1150 3575 1845 3645 fied eroticisc; rather it is a poig¬
1141 3611 1866 3705 nant tragedy of advancing old age.
2356 621 2987 739 Thé Herald’s Dallz
2442 692 2883 784 Book Review
2363 767 2995 853 The consideration of publishers
2336 827 2991 899 for the reading public these days
2331 871 2995 944 is quite overwhelming. Sim on &
2339 920 2990 994 Shuster, for instance, are issuing
2341 973 2993 1047 their new dollar books in three
2343 1022 2989 1080 colors, and not for mere decora¬
2336 1068 2989 1126 tive purposes. The three colors
2333 1100 2976 1174 for the storm-tossed reader. Blue
2338 1157 2985 1226 stands for “books in a more or less
2334 1204 2977 1262 serlous vein.“ Red stands, not for
2329 1252 2984 1315 danger, but for books of a lighter
2324 1288 2980 1357 nature. Wliereas green stands for
2337 1340 2982 1406 books serlous, not so serious, nor
2332 1388 2977 1453 even for books not at all serlous;
2314 1438 2984 1500 green stands for detective and
2319 1475 2653 1540 mystery stories.
2348 1525 2982 1591 Henceforth, I buy books by color
2322 1551 2988 1633 alone: brown for bromides, pink
2314 1608 2978 1680 for pornography, black for bum
2319 1666 2974 1728 blography, yellow for yawning
2322 1702 2971 1780 yarns, cerise for sentiment, et
2316 1752 2478 1812 cetera.
2353 1792 2961 1859 Well. this week’s allotment
2317 1842 2974 1915 brings us a red book and a green.
2321 1891 2976 1949 The former Is J. P. McEvoy’s
2311 1935 2947 2000 Denny and the Dumb Cluck.“
2313 1980 2707 2048 Ihe latter is Arthur
2821 1987 2968 2059 itzler’s
2313 2026 2708 2101 Casanova's Homecor
2340 2072 2515 2137 Mr. Mc
2318 2121 2503 2178 Theart-thi
2311 2166 2478 2215 say, the
2315 2198 2449 2248 fertile
2305 2240 2457 2292 lent bu
2307 2278 2399 2321 is tl
2307 2317 2408 2361 thro
2301 2388 2376 2433 to
2303 2425 2404 2480 idol
2348 2465 2395 2514 M
2295 2502 2398 2551 serie
2304 2541 2415 2588 verse
2291 2572 2447 2626 laureat
2288 2605 2438 2663 reads
2289 2650 2446 2700 dictate
2297 2689 2496 2739 is Americt
2830 2731 2937 2776 nents
2292 2729 2480 2776 chewing
2856 2770 2949 2824 can.
2298 2767 2719 2814 and loud speakers are
2763 2805 2950 2851 book de¬
2297 2801 2727 2848 It is a violent, nolsy
2286 2840 2939 2894 manding of the reader not so
2286 2875 2957 2930 much intelligence as a cast-iron
2281 2908 2945 2959 stomach, an extraordinary sense
2286 2952 2950 3018 of humor and an absolute lack of
2288 2987 2455 3052 herves.
2311 3007 2970 3064 SchnitzierCasanova's Höme-
2287 3064 2940 3111 coming“ was first published in
2280 3092 2951 3157 this country by Thomas Seltzer,
2282 3136 2946 3190 some nine years ago. It relates
2289 3176 2949 3225 an imaginary adventure of the
2288 3214 2948 3265 senescent rake, liar and scoundrel,
2279 3245 2954 3305 and presents the pathos inherent
2288 3285 2943 3347 in the situation of an old man of
2295 3328 2943 3379 unquenchable ardor whose atten¬
2293 3356 2946 3412 tions are tolerated with contempt
2285 3395 2948 3449 by youth, when persistence does
2286 3432 2945 3481 not make them actually revolting.
2312 3479 2942 3525 Schnitzler's novel has the tone
2285 3505 2943 3561 of the 18th century memoirs and
2286 3547 2943 3603 is written with that elegant sim¬
2289 3591 2935 3637 plicity of his best manner. It
2285 3630 2940 3674 does not rival in achievement the#
2274 3663 2938 3720 best of his short stories and one¬
2279 3702 2940 3751 act plays; none of his longer
2287 3738 2924 3792 works does; but it is a fine story,
2281 3775 2942 3839 beautifully done and genuinely
2263 3809 2545 3873 entertaining.
