3436 4320
370 69 539 162 D
211 150 1888 206 BBilder, Ozenen. Farben Er ist entsetzt, verzweifelt, kann und will an solch
220 196 1894 251 ik zum Ganzen gereiht, völliges Versagen seines persönlichen Zaubers nicht
212 228 1887 305 llendet ist. daß man sie glauben, sinnt auf nene Schliche und Mittel, die Unnah¬
283 279 1901 343 Lyrisches, sinnliche bare zu besiegen, und eilt, als ihn nachts der Schlaf
713 325 1896 395 flieht, in den Garten hinunter, um vor ihrem Fenster
220 337 722 400 kkeit fließt, von einer
704 386 1896 445 weiterzugrübeln. Da entsteigt diesem Fenster der junge
217 381 706 448 t, zu entzückender Har¬
707 421 1893 478 Leutnank Lorenzi, den Casanova wenige Stunden vor¬
219 426 710 498 natischem Puls belebt,
706 470 1898 517 her kennengelernt hat, ein Jüngling, so schön, so kühn
209 480 708 545 eichen wirrsäligen Hast,
711 514 1900 572 und leichtsinnig, wie er selbst es vor Jahren gewesen.
227 529 706 591 t vorüber, wie einst das
707 564 1890 613 Der hatte die Nacht bei derselben Marcolina verbracht.
228 566 716 636 es an die bittere Weg¬
713 615 1899 676 bei der Casanova nicht ein freundliches Läche; errrichen
220 624 714 685 rohenden Vergessenheit,
716 656 1891 721 konnte. Außer sich vor Zorn und Beschämung sinnt er
219 669 710 745 der Casanova Rast hält,
703 702 1904 765 auf Rache. Der Zufall des Kartenspieles kommt ihm zu
716 756 1893 815 Hilfe. Lorenzi verliert all sein Geld an einen alten
204 735 712 829 ova erhofft in Manina
710 806 1899 865 Marchese, der es die längste Zeit ansehen mußte, wie
204 803 707 877 der ihm die Rückkehr
714 858 1901 908 der Leutnant ihn mit seiner Frau hinterging. Nun
210 856 710 923 nicht mehr gesehen, seit
709 892 1899 962 schlägt ihm die Stunde der Rache. Er insultiert den
213 901 721 962 egener Flucht verlassen.
221 937 1892 1015 gessener Bekannter. In Offizier aufs schwerste und dieser weiß, daß er vernichtet
714 994 1904 1061 ist, wenn er seine Schuld nicht begleichen kann. Da
231 1002 707 1072 die Tochter seiner Ge¬
721 1046 1896 1104 schleicht Casanona dem verstört Forteilenden nach. Mit
219 1050 717 1119 ifzig Dukaten geschenkt,
711 1090 1885 1152 zynischer Unbarmherzigkeit hält er Lorenzi dessen Lage
230 1099 710 1165 Hausstand begründete.
719 1131 1906 1199 vor und bietet ihm die viertausend Dukaten an, die ihn
237 1142 713 1210 jungen Braut so ein¬
715 1180 1907 1255 retten können. Doch als Gegendienst will Casanova in
237 1192 707 1253 r erfuhr der Ehemann
724 1231 1907 1292 Lorenzis Mantel nachts in die Kammer Marcolinas.
221 1242 706 1303 Wohlstand gedieh, blieb
708 1279 1897 1346 Lorenzi muß auf den schurkischen Pakt eingehen. Ein
215 1285 718 1352 rnehmen Freundes ein
218 1335 1898 1412 reude des Wiedersehens paar Stunden später steigt Casarova, der seine Abreise
823 1381 879 1466 —
1299 1383 1438 1470 1913
831 1444 2011 1522 vorgetäuscht hat, durch das Fenster der Begehrten, die
2081 1436 3194 1537 So erzähli uns Schnitzler die Heimfahrt Casanovas,
826 1504 2001 1587 den Trug nicht merkt und ihm all die Wonnen schenkt,
2000 1504 3178 1582 und die plastische Kraft seiner Erzählerkunst läßt uns
829 1549 1451 1623 die Lorenzi zugedacht sind.
2003 1558 3178 1610 das Buch nicht aus der Hand legen, ehe wir die letzte
926 1573 1992 1666 Bei der Unwahrscheinlichkeit dieses Manteltausches,
1996 1598 3179 1686 Seite umgewendet haben. Dennoch wächst unterhalb des
830 1629 2004 1707 der unserem Empfinden nach doch nicht genügen kann, um
1998 1653 3179 1738 literarischen Genusses ein enttäuschtes Unbehagen. Die
829 1685 2001 1744 ein in Liebe erglühendes Weib den alternden Roné für
1994 1706 3160 1771 Frage meldet sich, was Schnitzler mit diesem Vorwur,
818 1733 3182 1815 den jugendfrischen Geliebten halten zu lassen, gleitet die bezweckte. Eine Synthese des Casanovalebens, wie wir
818 1772 3167 1847 Erzählung bedenklich ins Fahrwasser Boccaccios. Von sie erwarteten, wird nicht einmal versucht. Ja selbst das
817 1843 3157 1915 Schnitzlerschen Frauen verlangen wir feinere Nerven. Doch Rätsel der kühlen, gelehrten, beherrschten Marcolina, die
824 1882 3182 1973 gleich darauf genießen wir um so stärker die wissende ssich an den erstbesten jungen Leutnant verschenkt, bleibt,
824 1930 3158 1982 Ueberlegenheit Schnitzlerscher Sexualpsychologie — die unerörtert und ungelöst. Und die ursprüngliche Er¬
827 1976 1984 2039 senes Schnitzlers, der den „Reigen“ schrieb —, da diese
1987 1972 3170 2056 kenntnis, daß sich der Dichter im Modell vergriffen, eine
827 2017 1993 2086 gemein erschlichene Liebesnacht geschildert wird. Unter den
1994 2034 3160 2091 ihm wesensfremde Gestalt mit Geist von seinem Geiste
834 2077 1985 2121 Küssen und Zärtlichkeiten Marcolinas wird Casanova wie¬
1987 2072 3174 2147 beleben wollte, verstärkt sich von Seite zu Seite. Ein ein¬
814 2118 1991 2186 der zum feurigen Jüngling. Indes der erste Sturm
1987 2128 3162 2195 ziges Mal nur wird sie vorübergehend schwankend. Ein
820 2174 1939 2231 der Sinne vorbeigerauscht ist, verlischt die Glut und —
1992 2173 3163 2252 einziges Mal scheint Casanova doch ein Geschöpf der Wel¬
825 2212 1985 2270 ihn übermannt der Schlaf. Er zählt eben doch dreiund¬
1981 2231 3158 2290 Schnitzlers zu sein. Da fällt auf seine gierige Lüsternheit
820 2267 1983 2320 fünfzig Jahre. Und im ersten Morgenstrchl sieht Marco¬
1981 2264 3164 2337 der verklärende Strahl des Beglückers, des Freuden¬
827 2310 1987 2363 lina einen ermatieten Greis auf ihrem Lager. Ihr ent¬
1978 2319 3164 2386 spenders: das geschieht, als Casanova in Begleitung seiner
820 2356 1983 2415 jetzter Ekel treibt ihn hinaus. Draußen aber erwartet ihn
1977 2366 3172 2453 Gastfreunde ein nahes Frauenkloster besucht, dessen
818 2403 1978 2461 Lorenzi mit dem blanken Degen in der Faust. Ein letzter
1979 2405 3153 2473 Insassen das Gelübde ewigen Schweigens abgelegt haben
813 2450 1982 2516 Rest von Ehrgefühl trieb ihn her: Mußte er Marcolinas.
1986 2462 3143 2524 Plötzlich hört er seinen eigenen Namen wie einen schmerz¬
814 2495 1974 2564 Gunst verschachern. so soll er ## der andere es mit dem
1982 2508 3153 2573 lich verhaltenen Schrei. Er kam von Frauenlippen „Casa¬
816 2545 1988 2617 Leben büßen. Doch Casahova #i unter dem erborgten
1977 2560 3154 2624 nova — nichts als der Name, doch mit einem Ausdruck,
815 2596 1984 2649 Mantel keine Kleider. So entiedigt sich Lorenzi, um die
1979 2595 3151 2671 wie ihn Casanova noch niemals gehört zu haben ver¬
810 2643 3144 2706 Bedingungen des Zweikampfes auszugleichen, auch dermeinte. Ob eine einstmals Geliebte, ob eine niemals Ge¬
817 2684 1977 2754 seinen. Nackt fechten sie im Morgengrauen. Es ist eine
1970 2701 3142 2768 schaute eben ein heiliges Gelübde gebrochen, um ein letztes
815 2727 1978 2804 Szene, die ein berühmter Kupferstecher des Cinquecento
1970 2748 3151 2821 oder ein erstes Mal seinen Namen in die Luft zu hauchen
800 2793 1980 2852 gestochen haben könnte. Des Cinquecento — von dessen
2027 2798 3143 2862 ob darin die Seligkeit eines unerwarteten Wieder¬
815 2848 3146 2887 großartiger Brutalität sie erfüllt ist — und nicht des sehens, der Schmerz um ein unwiederdringlich Verlorenes,
807 2893 3142 2963 weichen, galanten siehzehnten Jahrhunderts Casanovas. oder die Klage gezittert, daß ein heißer Wunsch aus fer¬
806 2928 3143 3012 Dieser ist der gewandtere Feciter. Lorenzi bleibt auf dem nen Tagen sich so spät und nutzlos erfüllte —, Casanova
812 2967 3144 3057 Platz, Casanova flieht und erreicht Venedig, wo ihn dievermochte es nicht zu deuten; nur dies eine wußte er,
802 3001 1976 3069 Demütigung erwartet, als Spion des Senats zu wirken.
1968 3039 3134 3111 daß sein Name, so oft Zärtlichkeit ihn geflüstert, Leiden¬
797 3063 1969 3131 Mit der alten Gewandtheit findet er sich auch in diese
1974 3082 3143 3134 schaft ihn gestammelt, Glück ihn gejubelt hatte,
794 3111 1974 3170 Rolle. Und als er tags darauf im Café Quadri einen
1965 3133 3143 3209 heute zum erstenmal mit dem vollen Klang der Liebe an
797 3149 1963 3227 Kreis der Konspiration verdächtigter Venezianer mit der
1976 3177 2541 3256 sein Herz gedrungen war.“
799 3206 1974 3285 Erzählung seiner berühmten Flucht aus den Bleikammern
2044 3201 3140 3293 Wie ein schmachtendes Geigenadagio aus fernem,
802 3252 1965 3325 unterhält, unterbricht er sich nur flüchtig, als ein An¬
1964 3259 3121 3341 mondhellem Garten bleibt dieser reinste Klang des
794 3289 3114 3411 kömmling berichtet, man habe in einem Garten bei Man=! Buches, dieser einzige, ganz Schnitzlersche Klang noch
795 3346 1926 3434 tug einen jungen Offizier nackt und beraubt tot au
2181 3355 2809 3441 Ohr, in der Seele haften.
793 3401 1462 3466 gefunden A A
2705 3384 2917 3480 S N
1708 3472 1899 3566 4e
