3436 4224
294 108 1395 197 30. Casanovas Heinfahrt
488 162 1432 235 neen enene enenen erenenene erennenen ene unenden Ar enenien
558 559 1075 671 Pondé en 1879
515 580 1357 814 ARGUS de Ia PRESSE
632 796 1130 889 „Woit Tout'
521 836 1380 939 LES PLUS ANCIENS BUREAUZ U·ExTRAITS OE PRESSE
524 933 1285 1020 37. Rue Bergere. PARIS (9°)
625 1086 1193 1196 S. ur Dren— F=
423 1217 1434 1296 Ertrott de I E OIIEEIEIEN-
786 1266 1351 1359 25, Avenue Kieber, 26
438 1347 783 1423 Adresse
432 1428 1245 1519 Dan
1008 1519 1375 1603 —
438 1547 791 1610 Siqnature
447 1615 1408 1692 Erposition
661 1670 1365 1739 Farst. de in prapärt des eentvains
588 1718 1354 1798 Trécents est de ressembler drun agent
519 1764 604 1815 7-
611 1776 863 1835 de change..
608 1858 1359 1949 Livres recus
890 1916 1113 1995 ——
608 1962 1361 2038 Kikor Yamara: Jupon dernière heure.
702 2014 1351 2069 Aille Kikon Yamala est née au
635 2045 1335 2105 Japon, mais elle a fait ses études en
636 2085 1344 2123 France. Elle a publié Musako et Shoji.
644 2121 1345 2184 Elle vit de nonveau an Japon. Elle
700 2147 1348 2204 voulu dresser ie tableau de son
640 2188 1346 2249 pays, tel que l’ont falt les récentes in¬
655 2211 1351 2263 fluences extérieures. II y a, au Japon,
644 2253 1352 2304 le féminisme, l’auto, le téléphone, le
643 2283 1355 2343 jazz et le cinéma. Mais, au fond, l’äme
656 2323 1352 2370 de la race n'a pas changé et l’on cons¬
650 2353 1356 2424 truit sans cesse de nouveaux tem¬
639 2385 759 2449 pies.
626 2410 1368 2505 CLanpE De Rweau: Lappel du sere.
702 2467 1345 2522 Encore un roman sur la sexualité.
649 2500 1351 2555 Depuis les livres de Freud, on veut
648 2538 1345 2584 à tout prix nous parer de théories
651 2566 1358 2623 scientiüques un instinet sur lequel
646 2597 1365 2665 Hartmann et Schopenhauer avaient
657 2635 1361 2687 déja dit tout ce qu'oh croit décou¬
663 2667 1364 2722 vrir aujourd'hul. M. de Ribeau n’est
651 2705 1175 2771 d’ailleurs pas sans talent.
615 2724 1385 2812 H.-C. ANDERsEN: Le Conte de ma Vie.
658 2798 1381 2846 — Le Conte de ma Vie forme, avec
654 2819 1371 2882 le Buzür d’un poête, les mémolres
658 2850 1371 2920 d’Andersen, son album d’images, d’im¬
671 2886 1382 2939 pressions et de souvenirs. Voiei la
665 2919 1388 2972 mélodie de la vie de ce grand poête,
669 2958 1195 3024 qui enchante les enfants.
649 2993 1376 3065 Akrunk Schewzzen: Le Retour de Ca¬
673 3035 1382 3099 nova. — de Ame Beate et
665 3065 1387 3131 son fils est un des romanciers alle¬
665 3104 1384 3158 mands les plus personnels. M. Rémon
675 3147 1379 3194 astraduit un roman de bonne psycho¬
674 3162 1375 3230 logie, qui nous monire le famenx
669 3212 1386 3262 aventurier revenant chez lui, mais tou¬
673 3242 1391 3290 jours den forme et dont l’automne
662 3287 1064 3348 (demeure splendide.
655 3319 1395 3387 FKANz WERFEL: La Mort du petit bour¬
666 3363 1399 3413 geois. — Le roman et le drame de
680 3407 1395 3452 l’inflation à Vienne. Une étude sur la
680 3427 1392 3493 vie d’hier en Autriche et qui semble
676 3463 1401 3533 pourtant sorlir d’un conte d’Hoff¬
681 3513 833 3563 mann.
656 3525 1391 3612 Glabrs Auciek: Son juif. — Mariée à
680 3569 1399 3632 un homme du monde catholique qui
677 3618 1407 3666 la trompe, Micheline du Bary s’éprend
650 3649 1395 3714 d’un jeune juif. Elle se donne a Jul.
685 3688 1405 3749 divorce, l’épouse, se brouille avee sa
679 3711 1395 3768 famille.  Son juif“, la trompe aussi,
685 3751 1397 3801 mais tout de mème ga Sarrangera.
684 3794 1395 3847 L’auteur veut contenler juif et caiho¬
686 3812 1413 3889 liques. C’est und gageure. II y par¬
680 3865 911 3918 vienurg
1565 129 1977 215 box 4/10
2119 523 2497 595 Fonde en 1879
1934 657 2695 765 Andos de la PREssr
2051 733 2550 836 „Voit Tout'
1943 771 2805 879 LIS NLUS ANEIENS BUREAUE O·EXTRAITS OE PRESSE*
1946 849 2710 953 37. Rue Bergere. PARIS (9°)
2039 987 2654 1138 v. or Deni—|12
2481 1152 2746 1230 RRZ
1841 1186 2200 1274 Extroi de : —
2447 1206 2729 1284 CHODIERR
1856 1286 2096 1369 Adresse: —
2449 1313 2708 1431 1030
1860 1319 2422 1458 Date
1852 1487 2206 1561 Signature :—
1856 1588 2188 1653 Krposition : —
2161 1667 2933 1811 UI PARAIT
1743 1700 2038 1826 CE
2085 1709 2171 1833 2
1749 1817 1795 1881 8
1739 1921 2806 2000 Au Prir méme du Bonheur, par René BIHAINE (Grasset).
1776 1975 2943 2042 Les héros de M. René Bihaine sont parvenus à un carrefour,
1738 2025 2960 2086 qui marque, dans cette ceuvre de longue haleine et de grande
1739 2069 2963 2141 probité qu'est I’Histoire d’une société, la hn d’une série de
1739 2132 1909 2187 romans
1785 2156 2963 2241 Michel, que see crises de conscience rendent plus odieux encore¬
1733 2208 2955 2271 que sa faiblesse, épouse la douce et constante Catherine. Der¬
1736 2250 2967 2316 niers scrupules, tous les obstacles familiaux étant levés, pour le
1750 2317 2975 2371 mariage religieux. Enfin, ils s en vont. Seront-ils heureux? J’en
1749 2357 2203 2424 doute par anticipation.
1783 2412 2970 2467 Avec ce livre, René Bihaine compléte les personnages de son
1741 2453 2374 2524 grand roman et achéve un cycle.
1747 2524 2888 2609 Le retour de Casanova, par Arthur SCHNITZLER (Aftinger.)
1792 2594 2971 2646 Cen est pas, tout à fait, un pastiche des Mémoires du célèbre
1748 2639 2972 2685 aventurier. G'est un récit, objectif dans la forme ou le grand
1750 2674 2966 2731 écrivain de La Ronde, de Mademoiselle Elsa, évoque, avec une
1749 2729 2977 2786 vivacité, unc verve singulière, la hgure du chevalier de Seingalt,
1758 2772 1914 2832 vieilli
1794 2822 2975 2873 Casanova, après tant d'aventures, n'est plus qu'un vagabond,
1753 2869 2973 2918 presque un mendiant. Sa dernière histoire d'amour, il va la vivre
1746 2899 2985 2971 sur le chemin de Venise ou l'appelle la clémence des Dix et son
1754 2957 2983 3006 nouvel état dagent secret. La vivre? II va la voler, acheter à un
1759 3001 2517 3057 autre les baisers qui lui étaient destinés.
1794 3031 2968 3102 Quel livre brillant, coloré, ou l’on retrouve l'accent de Casa¬
1757 3097 2510 3151 nova, sa flamme, sa verdeur, son rut!
1802 3133 2649 3198 Brillante traduction de M. Maurice Rémon.
1747 3209 2916 3288 De la coupole aur léores, par Flenri LAvEDAN (Albin Michel.)
1795 3277 2989 3345 C’est un livre délicieux. Jamais le dialogue de M. Henri
1755 3321 2992 3387 Lavedan n a été plus alerte, plus spirituel. Jamais son observation
1761 3374 2981 3423 n’a été plus iromque, ni plus rigoureuse. La jeune génération
1759 3423 2981 3466 littéraire a été tres ijuste envers M. Henri Lavedan. Sans doute,
1767 3452 2976 3511 il a été le peintre d’une époque disparue, celle du vieux mar¬
1758 3494 2983 3557 cheur. Mais son talent sensible et brillant lui vaudra de durer
1750 3535 2984 3599 par quelques ceuvres typiques, dont De la coupole aur leures et
1762 3578 2923 3663 par deux drames puissants: le Duel et le Marquis de Priola.
2486 3648 3017 3740 JACOUES-CHABANE S. —
