3484 4320
574 165 1433 233 asanovas Heimfahrt
333 158 518 246 30
516 213 1461 265 # a  an i. — . .  e  eeeeee eie ereteuete uen un
454 479 724 554 Express
442 534 869 610 Portland Me
571 625 947 738 AUG 2 31930
685 865 1059 943 ruc Artist
599 1902 1021 1980 Arthur Schhitaler
645 1948 1172 2028 he author of “Casanova's
435 1974 1005 2040 Homecoming.“ reviewed today.
449 2517 1076 2611 HEMSTREET
484 2585 1047 2669 96 WARREN STREET
511 2636 1008 2732 NEW YORK CITY
499 2760 1015 2843 PHILA INAUTRER
835 2889 1503 3016 Literary Notes
451 2997 1775 3092 Mr. John Sumner vs. Arthur Schnitzier—New Novels by J. B. Priestley
514 3057 1772 3139 and Anne Douglas Sedgwick—Junior Literary Guild September Selec¬
940 3106 1292 3169 tions—Scatterings
437 3127 502 3173 —
452 3172 1132 3232 Arthur Schnitzler, and his American
415 3209 1116 3272 publishers, Simof & Schuster, arethe
408 3241 1116 3312 latest recipients of benefit by attention
412 3273 1113 3339 from Mr. John Sumnenund the New¬
412 3315 1124 3373 York Society forthe Suppression of
419 3335 1110 3389 Tice. A new Dollar edition of“ Casa¬
413 3380 1118 3438 nova’s Homecoming“, first publisbed in
404 3406 1123 3475 this conntry in 1921, was promptlz
406 3445 1108 3501 pounced upon and subjected to the Ju¬
404 3461 1104 3527 dicial understanding of Magistrate Golt¬
399 3500 1107 3570 lieb. The erndite Mr. Sumner might
408 3532 1104 3602 have looked up an indietment against
408 3570 1114 3634 this book found in 1923. and never
393 3611 1108 3678 brought to trial br the Distriet At¬
406 3635 1100 3702 torner. But his fresh inquiry into ihe
406 3673 1115 3737 senescence of greatness should heip
392 3693 637 3768 Fales again,
1584 152 2019 247 box 4/11
1814 443 2097 523 Express
1818 503 2227 581 Portland de
2078 587 2281 697 1930
1796 779 2417 910 Decline Of
1839 925 2515 1040 A Romantic
1812 1119 2511 1196 Schnitzlei's Tale Of
1876 1209 2443 1293 Casanova’s Loss
1960 1306 2357 1382 Of Power
1854 1385 2405 1451 CASANOVA’S HOMECOMING, B
2036 1433 2450 1482 Schnitzier: Simon and
1888 1444 2297 1511 Sciugter00.
1837 1491 2508 1548 A tale of a conceited romantic seek¬
1800 1552 2510 1604 ing to regain his lost youth but despair¬
1797 1593 2520 1645 ing at its futility is  Casanova’s Home¬
1803 1640 2515 1684 coming.“ The New York Society for
1793 1657 2516 1723 the Suppression of Vice does not ap¬
1786 1709 2519 1776 prove of it and has given it a reputation
1788 1751 2525 1811 for nastiness that it does not deserve.
1794 1799 2518 1851 The careful reader cannot but believe
1795 1838 2514 1892 with Magistrate Simpson, who handed
1797 1879 2519 1938 down an opinion on the instituted court
1791 1921 2530 1982 action in 1922, that it is “a distinct
1800 1963 2519 2031 contribution to the literature of the
1791 1999 2039 2063 present day.“
2014 2016 2296 2087 Lost Intrigue
1826 2059 2520 2118 Here we have the' famous eighteenth
1803 2098 2512 2148 century amorist, penniless but proud,
1799 2135 2514 2180 rascal but gentleman, as he figures in
1795 2164 2372 2219 one last disillusioning intrigue.
1839 2186 2516 2243 In days past he had wandered all
1793 2236 2526 2281 over Europe, but, after a stay in
1795 2268 2518 2310 Venice, he returns to the haunts of his
1795 2290 2519 2351 vouth to find thaf his romantic king¬
1797 2335 2515 2376 dom is gone. Everywhere he is recog¬
1801 2365 2516 2407 nized as an old man and this the 53-
1798 2395 2526 2439 vear-old lover resents and refuses to
1795 2430 2520 2480 believe. He tries his old time skill on a
1799 2458 2516 2515 woung woman and only succeeds in
1795 2496 2522 2546 awakening, suspicions in his own mind
1795 2535 2514 2566 that he has lost his fascinating power.
1838 2565 2515 2605 Suspicions are confirmed when he
1785 2596 2511 2635 finds it necessary to stoop to trickery
1790 2631 2520 2676 in order to attain his purpose. Success¬
1790 2657 2509 2710 ful yet defeated he returns to Venice.
1801 2693 2508 2736 cxemplifying the polgnant tragedy of
1797 2725 2522 2786 every aging romantic who departs in
1792 2761 2286 2812 quest of a vanished youth.
1836 2777 2509 2838 The whole point of the tale is the
1807 2833 2522 2870 mental suffering undergone by Casa¬
1802 2860 2517 2911 nova as he becomes increasingly aware
1812 2888 2510 2944 of the inevitable; his passionate love
1803 2917 2523 2975 affair Is only secondary. The terse and
1801 2956 2511 3009 ironic style of the Viennese author
1808 2995 2524 3044 concentrates en teaching the centur¬
1804 3014 2518 3069 ies-old lesson, and this uniqué, eigh¬
1803 3057 2519 3120 teenth century style is the best feature
1825 3096 2331 3137 of Casanova's Homecoming.“
1835 3124 2517 3177 After having read scores of novels
1803 3144 2519 3208 whose chief characteristic seemed to
1801 3180 2520 3229 be padding of a vice-laden plot, tbis
1795 3216 2512 3285 frank, directness of Schnitzler comes
1789 3259 2015 3317 as a relief.
1974 3274 2347 3337 Paramount Theme
1826 3313 2517 3371 There is no cluttering of purposes.
1793 3351 2525 3403 While the priest may seek to use the
1791 3389 2518 3442 confession of his flock and a nun whis¬
1794 3424 2523 3470 pers of nast romances, yet the ruth¬
1799 3453 2518 3504 less will of Casanova is ever the para¬
1799 3489 2513 3532 mount theme. The reader may be scan¬
1791 3518 2513 3571 dalized. may resent ihis purpose, but
1791 3551 2511 3597 the author’s abllity in forceful tragedy
1799 3586 2277 3637 writing cannot be denied.
1831 3608 2520 3669 The theme of Casanova’s Home¬
1795 3650 2527 3704 coming“ is exquisitely suited to the.
1795 3680 2520 3731 ironic wizandry of Arthur Schnitz'er.
1795 3712 2518 3768 There are abundant opportunities for
1800 3748 2512 3790 philosophie discussions. Jealousy, in¬
1807 3783 2519 3825 rigue, double-edged sarcasm and
1813 3821 2513 3866 lights of emotional fançy fill this mas¬
1890 3855 2488 3911 ##### of modern fiction. O. J. M.
2613 208 3223 308 HEMSTREET
2639 299 3197 367 96 WARREN STREET
2674 350 3172 425 NEW FORK CITY
2823 465 3068 541 Times,
2681 516 3179 591 Ashville, N C
2753 637 3139 725 AUG 2 4/930
2664 784 3295 853 This Land of Liberty“ 18 80
2632 835 3287 878 viclous a denunclation that the
2639 872 3282 920 cause of liberallsm might well be
2632 901 3291 949 injured by the over - statement of
2629 930 3295 981 which Bates is quite possibly guilty.
2634 975 3304 1010 Still, the prosecution against the
2625 989 3301 1057 Schnitzler book is so illustrative of
2631 1033 3301 1079 tié prudery, the Chronic hysterla,
2641 1064 3310 1123 against which he rails that his
2633 1100 3040 1155 words gain emphasis.
2659 1120 3308 1181 It was in 1921 that Casanova's
2627 1166 3293 1223 Homecoming“ was first printed in
3207 1194 3303 1240 was
2642 1199 3210 1259 English. At that time it
2640 1223 3298 1278 halled into a magistrate's court
2632 1261 3268 1315 and a compromise was reached -
2637 1304 3294 1347 the then publisher agreeing to with¬
2633 1337 3302 1381 draw the book as soon as he had
2633 1365 3207 1417 disposed of the first edition.
2663 1408 3315 1448 Simon and Schuster now have
2630 1425 3316 1478 brought it out again as one of the
2651 1470 3301 1507 Inner Sanctum Novels“ at a dol¬
2628 1493 3309 1545 lar. If ever there were a fictional
2641 1532 2998 1582 bargain th## is it.
2683 1551 3303 1614 Casanova's Homecoming“ de¬
2639 1576 3316 1645 scribes an imaginary event in the#
2641 1624 3304 1676 life of the greatest adventurer of
2636 1661 3309 1716 them all when he has reached the
2793 1696 3307 1746 53 and is returing to
2633 1709 2728 1749 age
2806 1722 3311 1775 There occurs a hideous
2641 1740 2794 1780 Venice.
2629 1758 3304 1810 seduction but the scene — to which
2635 1797 3303 1845 the moral agents apparently ob¬
2630 1826 3302 1882 ject so strenuously — is by two
2636 1852 3306 1919 means glorified erotlcism; rather
2639 1889 3303 1949 it is a poignant tragedy of advanc¬
2633 1937 2897 1982 ing old age.
2688 2409 2743 2461 3
2667 2456 2968 2528 Standard
2655 2514 3052 2589 Butte Mont
2791 2571 3125 2651 gug 24-30
2624 2694 3316 2746 This Land of Liberty“ is so vicious
2596 2734 3303 2793 a denunciation that the cause of lib¬
2593 2770 3176 2819 eralism might well be insered
2596 2809 3179 2855 over-statement of which Bates
2596 2851 3201 2899 possibly guilty. Still, the persec
2605 2885 3254 2931 against the Schnitzler book is so illi
2597 2919 3313 2971 trative of tlie prüdery, the chronic
2603 2951 3309 3012 hysteria, against which he rails that
2603 2990 3111 3031 his words gain emphasis.
2628 3009 3327 3082 It was in 1921 that“Casanova's
2597 3067 3311 3121 Homecoming“ was first printed in
2593 3091 3316 3150 English. At that time it was hailed
2591 3136 3308 3186 into a magistrate's court and a com¬
2600 3170 3307 3217 promise was reached—the then pub¬
2603 3208 3309 3254 lisher agreeing to withdraw the book
2603 3247 3317 3300 as soon as he had disposed of the
2599 3278 2864 3335 first edition.
2630 3298 3321 3360 Simon and Schuster now have
2601 3343 3326 3404 brought it out agaln as one of the
2601 3394 3308 3440 Inner Sanctum Nvels“ at a dollar.
2605 3427 3319 3486 If ever there were a fictional bargain
2597 3461 2805 3513 this is it.
2646 3477 3322 3551 Casanova’s Homecoming“ deseribes
2590 3532 3323 3588 an imaginary event in the life of the
2600 3569 3315 3617 greatest adventurer of them all when
2603 3606 3323 3647 he has reached the age of 53 and is
2595 3637 3318 3685 returning to Venice. There occurs a
2597 3676 3314 3721 hideous seduction but the scene—to
2601 3717 3323 3758 which the moral agents apparently
2614 3756 3331 3797 object so strennously—is by no means
2603 3786 3199 3839 glorified eroticism; rather it
2599 3815 3336 3879 poignant tragedy of advancing old
2588 3865 2719 3926 age.
