3392 4256
517 183 1406 256 Casanovas Heimfahrt
1542 178 1987 274 box 4/11
294 194 1431 301 30   n e enenenene enen enen
1570 999 1672 1075 17
1130 1103 2243 1198 gans and their operation and the way children
1117 1169 1690 1251 are begotten and born.
1020 1247 2219 1308 Decision of the Court:“ The statute we have to con¬
1125 1297 2227 1372 strue was never thought to bar from the mails
1125 1359 2223 1408 everything which might stimulate sex impulses.
1125 1457 2234 1516 mang useful medical works, would be underthe
1310 1510 2231 1574 ** Any incidental tendency to arouse
1120 1510 1276 1568 ban.
1125 1564 2223 1618 sex impulses which such a pamphlet may per¬
1124 1613 2231 1681 haps have is apart from and subordinate to
1126 1662 1512 1729 its main effect
1649 1660 2233 1726 * The direct aim and
1130 1717 2239 1791 the net result is to promote understanding and
1121 1766 1437 1831 self-control.
1178 1820 2226 1885 No case was made for submission to the jury,
1120 1870 2206 1929 and the judgment must therefore be reversed.“
1065 1976 2223 2031 If the courts thus vindicate Madeleine', Made¬
1020 2038 2238 2109 moiselle de Maupin“, “The Well of Loneliness“, and
1021 2096 2246 2165 The Sex Side of Life“, no charge may properly
1024 2150 1956 2218 lie against“Casanova’s Homecoming“.
