3532 4320
-3 2152 62 2210 ris
11 2197 70 2261 el
518 192 1335 271 Casanovas Heimfahr
281 180 1998 302 30. Casangras Anamzaurt box 4/10
222 1098 340 1204 lung
1391 1260 1518 1352 S
2433 1263 2512 1357 S
598 1338 3070 1394 ihm ein Leben funkelnd von Glanz, Bravour, Laune, Tempo bannen zu können glaubte — erfährt man nun aus Heinrich
604 1367 3066 1462 und von prachtvoll jungem Mangel an jedem Bedenken. Manns „Untertan“*) wie die Phantasie eines der größten
604 1427 3072 1519 Und vor ihm die große Ungewißheit, in die auch die verlegen! Epikers der Zeit, diese selbst sah und formte. Auch hier
591 1477 1831 1547 lächelnden Minister Ludwigs XVI. zu blicken gewohnt waren.
1837 1489 3073 1543 sind die Menschen nur Träger der Epoche, Exponenten,
190 1524 1845 1592 Anmut des Herbstes. Erfolge ohne Gewinn. Lust ohne Frucht. Und nicht minder:
1831 1526 3074 1607 Paradigmata und gewissermaßen schon Symbole. Heinrich
187 1578 3064 1628 uft und blasse Sonne lGroßartigkeit ohne Größe! Da sind Jahre einer Lebens= Mann, Erzähler von feinsten und subtilsten Konturen und
204 1630 1831 1691 d früher Florentiner lkunst, satt und sprühend von jeglicher Trunkenheit des Da¬
1827 1628 3074 1701 von einer Wahrhaftigkeit, die stilisiert und trotzdem natura¬
204 1670 1841 1738 der, wie selten sonst, iseins, bewunderte und vergebens von weniger gewandten
1834 1671 3074 1749 listisch, wie die Imagination unserer jungen und jüngsten
193 1713 1830 1789 behmut und Ironie Temperamenten nachgeahmte Tage, schwankend, fast unter
1841 1730 3063 1782 Maler, versucht und erreicht, getrieben von leicht durch¬
181 1763 1837 1832 gepreßten Intensität, diesem ihren Ruhm — denn es ist nicht der Ruhm der großen
1830 1778 3063 1845 schautem und in seinem Impetus gewaltigem Drang des
189 1814 1840 1882 gio ihrer Träumerei Herzen und der großen Werke, es ist das gleißende Prestige
1828 1822 3075 1885 Hasses und völlig antagonistischer Wesensart, ein giganti¬
185 1864 1833 1925 umtheit abgleitenden des nackten Erfolges, des Erfolges an sich, der „Wirkung ohne
1831 1876 3067 1937 sches Gebilde dessen, was schon im Krieg und auch schon
205 1914 1835 1973 Vision eines Zeit=Ursache“ also nach dem berühmten und wesentlichen Wort
1841 1923 3049 1994 nicht bloß auf der Seite des Feindes allein „Bochisiste“
190 1962 1831 2027 einer einzigen Wen= Richard Wagners: des Effekts. Selten ist mit solcher Wucht
1838 1957 3078 2028 hieß: oder „Kaiserismus“ in seinen verzweigten Ver¬
190 2010 1845 2064 endes Gleichgewicht, und Deutlichkeit an einem typischen und ausstrohlendem Bei¬
1830 2008 3066 2074 ästelungen, Volksfeele und Volksmoral durchziehend. Der
187 2066 3078 2104 klässigen und liebens=spiel dargelegt worden, wie jene Zeit abseits vom Mensch= Einwand, Mann schüfe hier nur eine deutsche Abart eiste
183 2107 3070 2161 von einer wunderbar lichen glücklich und heiter zu werden suchte, wie sie statt nach die Kehrseite von Goethe plus dem deutschen Spieß¬
195 2157 1850 2219 n durchbrochen und Werten nach Bravouren jagte, wie sie unglücklich sein mußte
1827 2154 3071 2229 bürger, ist nicht stichhältig. Denn von der ersten bis zür
187 2204 1838 2263 en besiegelt scheinen. und im Innersten stets von der Melancholie tiefsten Mangels
1829 2204 3070 2279 letzten Seite gibt es da nur Variationen zumindest eines
229 2257 1830 2314 wohl immer nur an Befriedigung verfolgt, gerade eben deswegen — denn
1833 2259 3063 2320 und desselben Vorurteils. Man muß schon den Mut zür
177 2279 1832 2361 ewig blaue Hellenen= vom besseren Teil ihres scharfen und untuhigen Geistes her
1827 2303 3060 2370 Einsicht haben, daß dieser Roman, artistisch ein Buch von
177 2340 3069 2425 ingszauber girrender wuchs die Skepsis hoch, die all' solchem Glanz der Geste miß¬ erstaunlicher Kraft und Sattheit der Zeichnung, durchälls
184 2386 3061 2466 heit einer plump ins traute. Und wie schließlich ihr Zusammenbruch lossch wurde,ner eine Farbe hat, und daß dies die grelle, schreiende,
181 2440 3065 2498 rkliche Rokoko nun ist als der Bankrott einer organischen Defizitwi schaft. Da jgiftige Farbe des Hasses ist. Vielleicht ist wiedereinmal der
174 2494 3065 2554 n Nachfolge verhüllt doch jeder Gewinn an Lust, Besitz, Idee, von ihr sofort in die Hellseher im Dichter treffsicherer als unser noch von rings¬
185 2544 3080 2594 eifend, erhob in ihm Luft gepufft, im Handumdrehen um einen blendenden Augen= um wirkender Zeit, von Verknüpfung und Folge, vom Ge¬
191 2590 1835 2646 Realität. Das Auge blick getauscht wurde. Hier, im Nahmen dieser kostbar ein¬
1828 2590 3068 2667 räusch der Gegenwart, die überall noch an der Ankerkette
220 2623 1835 2690 skeptischer als die fachen und lyrisch durchtönten Erzählung, ist dies wunder¬
1822 2633 3080 2716 der Vergangenheit liegt, vielfach befangenes Urteil. Viel¬
174 2687 3076 2746 kenschen, durchdringt lich hellseherisch ausgebreitet: Luxus als Schicksals=Attribut leicht. Auffällig aber, auch bei ganz isolierter Betrachtung,
189 2738 3080 2796 Empfindungen nach=einer Epoche; Menschheit, die irrend in Vergnügungen und daß bei solcher Schilderung, die letzte Objektivität will, der
189 2781 3066 2868 Verstellung herrscht Rekords biegsamer Konventionen schon vergebens nach sich Schilderer selbst so deutlich und unweigerlich subjektiv, ja
183 2824 3063 2899 gen das schöne Wort selbst tastet. Tragisches Rokoko — tragisch nicht von außen= parteiisch, wenn dies auch in einem höherem Sinne, in
198 2880 1839 2941 t Gefühl und Drang her, weil es Duell und Liebesleid absetzt, weil Tod und
1825 2893 3069 2961 einem, der Welt= undenicht Fraktions= oder Nationalitäts¬
1825 2929 3065 3001 anschauungen meint. Nun trotz= und bei alledem:
187 2914 1835 2999 bsonderlich und senti= Tränen die ironisch bewegte und begutachtete Flut der
199 2978 1832 3039 und kaustischen Be= Handlung gruselig würzen. Tragisch vielmehr in Idee und
1829 2969 3072 3055 Aus dem Lebensgeäder des Deutschland vor dem
193 3024 1834 3091 Voltaires war und Vision. In der Spiegelung und Perzeption des Milieus,
1826 3020 3066 3086 Krieg wird hier doch jener Strang rücksichts¬
176 3064 1831 3144 hönheit von seltsam die in der Gestalt des „alternden Abenteurers“ mesquin und
1833 3068 3072 3136 los freigelegt, der sozusagen breit und bequem
183 3131 1831 3213 und überreif glühen=mit unheimlich flimmernder Realistik Bild und Form werden.
1836 3108 3126 3201 geschaufelt war, um die Ströme des Blutes und die Flutz#—
260 3172 629 3238 — Gewissens. Der
1811 3161 3108 3251 ldes Hasses der großen Kataftrophe aufzunehmen. Jeier
184 3210 625 3299 r seiner Welt: Hinter
1813 3210 3081 3292 halb skurrile, halb naive homo germanus geht hier um
720 3231 1841 3310 Um vier Jahre verspätet — Dank dem Walten und
196 3289 2510 3375 ischer, Berlin. at Wirken einer Zensur, die den Geist im gedruckten Wort *) Bei Kurt Wolff, Leipzig.
