3436 4320
235 212 1382 300 30. Casanovas Heimfahrt.
1499 215 1952 317 box 4/10
433 265 1378 340 Sasahetes Ae Lmrant
528 1176 1764 1269 deffen Silhouette schon Sternheims boshaft=steife Satire
1735 1184 3019 1279 Oivohl ########ice Rebattenre Anasswun, non sin Glan?
1754 1236 1973 1311 eintreten.
524 1235 1763 1325 hingeschleudeet. Ungefähr die Quintessenz der „gegnerischen“
1876 1274 3001 1361 Heute früh ist auch der frühere Honnerminister
529 1278 2995 1397 Vorstellung vom „nachbismarckischen" Deutschtum. Eigent=Szurmoy vur eine Polizeibramten allgehelt wor¬
531 1327 2996 1466 lich aber und mehr als wahrscheinlich nur der Durchschnitts= den. Szurmay berief sich auf sein schwercsrhenmati¬
534 1380 3174 1549 inn des Gevatters Handschuhmacher aktueller: Der Kommisssches Leidan, doch der Polizeibeamte erklärte, daß sich We gen
531 1423 1770 1504 in allen Lebenslagen, wie er, in der speziellen nationalen
1757 1478 2974 1562 sein Leiden im Exil bessern werdr. Zwei
527 1470 1763 1565 Färbung, überall vorkommt. Der „Untertan“ ist ein pracht¬
2948 1510 3163 1589 gratz.
527 1520 1763 1603 voll wirksames, weil mit stummer Polemik nur durch die
1753 1529 3168 1636 Detektivs verblieben in der Wahnung. Nach Verpackung wird enn
533 1574 1749 1654 Pehemenz einer fanatischen und virtuosen Darstellung von
1758 1572 3206 1676 seiner Kleider hegab sich Szurmay zur Ruhr, Uim 4 Uhr Windise.
511 1613 1757 1720 mehr als photographischer Exaktheit operierendes Kampf¬
1756 1628 3335 1753 morgens erwartete er den Polizeiheamn, der um helbsdie ordentli
1753 1671 2972 1751 6 Uhr früh erschien. Der Polizeihauptenaun fragte Szurman,
514 1655 1751 1756 buch gegen den Bourgevis. Freilich mit der Voraussetzung,
519 1715 1758 1793 daß Spießbürgertum als kulturzersetzennes Element und
1751 1720 2971 1804 oh er reisefertig sei. Nach der bejghenden Antwart kannte
2959 1708 3331 1848 Der Kam
1745 1771 2971 1849 Szurmay von seiner Familie Abschied nehmen. Szurmay
516 1750 2970 1851 Deutschtum in allen Hauptsachen des Lebens schon identische trug Zinilkleider und einen Stadtpelz. Die Gesellschaft be¬
512 1805 2969 1940 Bökriffe seien. Der Irrtum dürfte so gewiß Irrtum sein wie stieg sodann das bereitstehende Autamobil und trat die Fahrt
523 1857 1742 1944 dien Verbiendung falscher und suljektiver Geschichtsbetrach¬
512 1895 1755 2005 tung, die generationenlang franzöfisches Wesen in der Fratze
1728 1923 2968 1988 nach dem Zentralbahnhof on Nur der Hausbesorger war
3057 1908 3314 2006 (D.) Bud
1742 1958 2228 2040 Zeuge des Abschiedes.
522 1952 1755 2043 ##s aufgeblasenen Tambourmajors erschöpft wähnte oder
2957 1950 3317 2046 Allg. Itg.“.)
510 1995 1753 2083 sich einen Engländer ohne steife Beine, Baedecker und karrierte
1862 2013 3328 2091 Um 5 Uhr erfolate die Ankuuft der Bela Paulic,
523 2048 1746 2137 Hosen nicht vorstellen konnte. Freilich: Heinrich Mann nimmt
1746 2047 3327 2145 beiden Autos auf dem Bahnhofe. Die früheren Kommission sein
508 2086 1744 2187 wit keinem winzigen Wörtchen Stellung. Er schildert bloß,
1743 2108 3327 2179 Exminister begrüßten einander mit stummen Kopfnicken, ziehungen zu den
503 2144 1749 2240 zeichnet mit seinen spitzen, seinen, minutiös schraffierten
1756 2150 3328 2232 Szurmar und Szterenvi wurden zum Deszpremer Per¬ #s, der deu verh
507 2188 1742 2277 Strichen: ein Flammengemälde der Niedrigkeit. Einen
1742 2190 3323 2279 sonenzug gebracht. Nach der Lokomotive befand sich ein und Genossen f
499 2242 1741 2330 Onbis pictus rechtschaffener Gemeinheit. Immerhin: Das
1752 2247 2965 2348 Waggon erster Klasse, in welcher die ganzo Gesellschaft
2951 2258 3347 2351 schaffte, mit der
1744 2285 2032 2363 Platz nahm.
506 2285 1754 2395 Verdienst, nicht allein das ästhetische des Dichters ist groß,
2957 2313 3163 2386 kounten.
513 2337 1743 2430 auch wenn sein mit graziöser Leichtigkeit geschwungener Ham¬
1854 2337 2965 2424 Die beiden Exminister ließen sich Zeitungen holen
514 2389 1746 2472 mer nur eine Seite, und auch wenn er nur eine Kehrseite
1750 2368 2966 2477 und vertieften sich in die Lektüre der Berichte über ihre
3020 2367 3331 2501 Parzell
1743 2439 2966 2533 Internierung. Eine Minute nach ¼ 6 Uhr fuhr der Zus
511 2427 1737 2523 deutschen Wesens trifft. Denn dann trifft er doch die hösen
1735 2465 2072 2555 aus der Halle.
505 2479 1738 2573 Mächte, die, bewußt und unbewußt, die gigantische Kata¬
1849 2512 2971 2618 Ein Abendblatt meldet, daß die beiden Exminister
515 2533 1731 2626 strophe der letzten Jahre dem oberflächlichen Geschichts¬
3025 2548 3333 2655 (D.) Budap#
505 2581 1741 2670 betrachter wie ein ausschließlich deutsch patentiertes Arrange¬
1729 2547 3312 2678 in das Franziskanerkloster Bucsu Szt. Laszlo gabracht Allg. Ztg.“.)
508 2612 1738 2728 ment erscheinen lassen. Er trifft dann doch jene Verzerrung
1728 2624 3327 2753 werden sollen. Die Internierten troffen abends in direition der S#
504 2666 1732 2765 der Weltanschauung eines Bismarck, die als Potsdamer Geist
1748 2674 3312 2767 Stoinamanger ein, wu sie von einem Polizeiinspektorspon Bayern
500 2727 1736 2821 die Welt verwirrte und verhetzte und in maßlose Verkennung
1735 2722 3336 2830 übehrammen werden. Sie übernachten heute in Steinnsschen Regier
1736 2773 2952 2851 manger, morgen früh wenden sie noch Bu##u Szt. Laszlo
498 2760 1737 2866 des deutschen Genius trieb. Nicht Schuld des Lesers, wenn
3021 2807 3328 2878 Die Regierun
505 2824 1728 2919 ein so sehr von freier und bewegter Kraft sprühendes Werk,
1733 2814 3328 2947 gebracht. Mehrere Beamte der Grenzpolizeisitzung zu überneh
499 2866 1741 2961 wie dieses, nicht allein künstlerisch gewertet werden kann.
1736 2868 3261 2965 werden ebenfalls, wie dar Oberstadthauptmann erklärte, ins zolltesen.
1726 2915 2259 2991 Zem Kloster verbleiben.
508 2917 1741 3010 Heinrich Mann, den man ohne Umschweife neben seinem
1852 2950 1949 3023 2
496 2980 1735 3046 andes profitierten Bruder heute den führenden (Epiker
2007 2957 2973 3060 Internierungan sind gestern
1724 3002 2862 3092 abends vom Miuistarium dos June#
503 3002 1723 3082 Dentschlands nennen kann, ist ein „Politiker des Geistes“
2884 3045 2955 3102 8
1720 3062 2963 3151 geordnet worden. Schon seit längerer Zeit
503 3056 2954 3202 Auch er dürfte ein sachlich=menschliches Urteil augenklicklichs befinden sich mehrere gewesene Minister
3224 3078 3323 3157 er
510 3102 1307 3196 hö#er stellen als ein bloß literarisches.
3212 3148 3329 3208 26.
1728 3152 3329 3253 unter polizeilicher Aufsicht. Die Internie= orresponden=B#
1121 3184 3325 3327 Ludwig Ullmalnrungen haben nach der Ansicht des Oberstadthauptmnnes brachen dort an
