<?xml version="1.0" encoding="UTF-8" standalone="yes"?>
<PcGts xmlns="http://schema.primaresearch.org/PAGE/gts/pagecontent/2013-07-15" xmlns:xsi="http://www.w3.org/2001/XMLSchema-instance" xsi:schemaLocation="http://schema.primaresearch.org/PAGE/gts/pagecontent/2013-07-15 http://schema.primaresearch.org/PAGE/gts/pagecontent/2013-07-15/pagecontent.xsd">
    <Metadata>
        <Creator>prov=University of Rostock/Institute of Mathematics/CITlab/Gundram Leifert/gundram.leifert@uni-rostock.de:name=ONB_Newseye_GT_M1+(htr_id=10810)::::v=2.4.2
prov=University of Rostock/Institute of Mathematics/CITlab/Tobias Gruening/tobias.gruening@uni-rostock.de:name=de.uros.citlab.module.baseline2polygon.B2PSeamMultiOriented:v=2.4.2
prov=University of Rostock/Institute of Mathematics/CITlab/Tobias Gruening/tobias.gruening@uni-rostock.de:name=/mnt/transkribus/LA/DEA/URO/LA_news_onb_att.pb:de.uros.citlab.segmentation.CITlab_LA_ML:v=2.4.2
Transkribus</Creator>
        <Created>2019-10-07T10:23:41.205+02:00</Created>
        <LastChange>2019-10-07T15:47:07.870+02:00</LastChange>
        <TranskribusMetadata docId="223891" pageId="9491248" pageNr="36" tsid="16388536" status="IN_PROGRESS" userId="40391" imgUrl="https://files.transkribus.eu/Get?id=RLYFSOEWIOZUVCDHZQLPZUUE&amp;fileType=view" xmlUrl="https://files.transkribus.eu/Get?id=KJUNXVHDVVOAKVEEMDHKUIES" imageId="6181536"/>
    </Metadata>
    <Page imageFilename="223891_0036.jpeg" imageWidth="3484" imageHeight="4320">
        <ReadingOrder>
            <OrderedGroup id="ro_1711445808796" caption="Regions reading order">
                <RegionRefIndexed index="0" regionRef="r1"/>
            </OrderedGroup>
        </ReadingOrder>
        <TextRegion orientation="0.0" id="r1" custom="readingOrder {index:0;}">
            <Coords points="284,250 284,3472 2584,3472 2584,250"/>
            <TextLine id="r1l1" custom="readingOrder {index:0;}">
                <Coords points="511,285 1346,279 1346,232 1251,220 1111,243 1090,224 875,245 511,230"/>
                <Baseline points="520,277 560,278 601,278 642,279 683,279 724,279 764,279 805,280 846,280 887,280 928,280 968,279 1009,279 1050,279 1091,279 1132,279 1172,279 1213,279 1254,278 1295,278 1336,278"/>
                <TextEquiv>
                    <Unicode>asanovas Heimfahr</Unicode>
                </TextEquiv>
            </TextLine>
            <TextLine id="r1l2" custom="readingOrder {index:1;}">
                <Coords points="1533,287 1569,286 1599,307 1753,283 1819,304 1860,287 1918,302 1970,284 1971,234 1923,226 1898,239 1874,221 1815,239 1785,225 1739,255 1707,239 1627,241 1591,219 1534,232"/>
                <Baseline points="1542,280 1568,280 1594,280 1620,281 1646,281 1672,282 1698,283 1724,284 1751,286 1777,286 1803,287 1829,287 1855,287 1881,287 1907,287 1933,285 1960,283"/>
                <TextEquiv>
                    <Unicode>box 4/10</Unicode>
                </TextEquiv>
            </TextLine>
            <TextLine id="r1l3" custom="readingOrder {index:2;}">
                <Coords points="274,277 630,332 1405,314 1406,251 1367,228 1309,278 1015,284 565,278 511,224 445,272 382,221 275,240"/>
                <Baseline points="284,270 339,278 395,285 450,290 506,294 562,298 617,301 673,302 728,304 784,305 840,305 895,305 951,304 1006,304 1062,303 1118,302 1173,302 1229,302 1284,301 1340,302 1396,303"/>
                <TextEquiv>
                    <Unicode>30 G  .  A Gana K.</Unicode>
                </TextEquiv>
            </TextLine>
            <TextLine id="r1l4" custom="readingOrder {index:3;}">
                <Coords points="1075,1035 1094,1035 1105,1046 1109,1044 1118,1050 1132,1050 1137,1046 1145,1054 1154,1054 1154,966 1143,966 1134,974 1120,972 1116,976 1107,972 1097,974 1092,970 1075,972"/>
                <Baseline points="1084,1035 1114,1033 1144,1035"/>
                <TextEquiv>
                    <Unicode>70</Unicode>
                </TextEquiv>
            </TextLine>
            <TextLine id="r1l5" custom="readingOrder {index:4;}">
                <Coords points="2250,1037 2310,1074 2369,1076 2394,1055 2544,1077 2590,1065 2591,1006 2578,1002 2517,1016 2437,995 2348,1013 2329,999 2285,1015 2251,1012"/>
                <Baseline points="2260,1046 2286,1045 2313,1045 2340,1045 2366,1046 2393,1047 2420,1048 2446,1049 2473,1050 2500,1050 2526,1050 2553,1050 2580,1049"/>
                <TextEquiv>
                    <Unicode>Die Neue Zeit.</Unicode>
                </TextEquiv>
            </TextLine>
            <TextLine id="r1l6" custom="readingOrder {index:5;}">
                <Coords points="1071,1128 2483,1152 2572,1145 2573,1079 1071,1074"/>
                <Baseline points="1080,1124 1154,1124 1228,1125 1302,1126 1376,1127 1450,1128 1524,1128 1599,1130 1673,1131 1747,1132 1821,1133 1895,1134 1969,1135 2043,1136 2118,1136 2192,1137 2266,1137 2340,1137 2414,1137 2488,1137 2563,1136"/>
                <TextEquiv>
                    <Unicode>schaft durchleuchtet. Für einen Augenblick fühlt man sich fast um einige Jahr¬</Unicode>
                </TextEquiv>
            </TextLine>
            <TextLine id="r1l7" custom="readingOrder {index:6;}">
                <Coords points="1075,1182 2438,1197 2585,1149 1075,1125"/>
                <Baseline points="1084,1169 1158,1169 1233,1170 1307,1171 1382,1171 1456,1172 1531,1174 1605,1175 1680,1176 1754,1177 1829,1178 1904,1179 1978,1180 2053,1181 2127,1181 2202,1182 2276,1182 2351,1181 2425,1181 2500,1180 2575,1178"/>
                <TextEquiv>
                    <Unicode>hundert zurückversetzt, in jene Tage, da an der florentinischen Akademie Männer</Unicode>
                </TextEquiv>
            </TextLine>
            <TextLine id="r1l8" custom="readingOrder {index:7;}">
                <Coords points="1060,1208 2451,1242 2587,1190 1060,1187"/>
                <Baseline points="1070,1210 1145,1212 1220,1213 1295,1215 1371,1216 1446,1218 1521,1220 1597,1221 1672,1223 1747,1224 1823,1226 1898,1227 1973,1227 2048,1228 2124,1228 2199,1228 2274,1228 2350,1227 2425,1226 2500,1224 2576,1222"/>
                <TextEquiv>
                    <Unicode>und Frauen wissenschaftliche Zwiesprach hielten, um sich das eine in des anderen</Unicode>
                </TextEquiv>
            </TextLine>
            <TextLine id="r1l9" custom="readingOrder {index:8;}">
                <Coords points="1059,1241 2580,1276 2555,1232 1059,1205"/>
                <Baseline points="1069,1256 1144,1257 1219,1258 1294,1260 1369,1261 1444,1262 1519,1263 1594,1264 1669,1265 1744,1266 1820,1267 1895,1268 1970,1269 2045,1269 2120,1270 2195,1270 2270,1270 2345,1270 2420,1270 2495,1269 2571,1268"/>
                <TextEquiv>
                    <Unicode>Herz hineinzustehlen. Die gelehrte Marcolina, eine ins achkzehnte Jahrhundert ver¬</Unicode>
                </TextEquiv>
            </TextLine>
            <TextLine id="r1l10" custom="readingOrder {index:9;}">
                <Coords points="1069,1308 2461,1335 2594,1300 1070,1275"/>
                <Baseline points="1079,1300 1154,1300 1229,1301 1304,1302 1380,1302 1455,1304 1530,1305 1605,1306 1681,1307 1756,1308 1831,1309 1906,1310 1982,1311 2057,1312 2132,1312 2207,1313 2283,1313 2358,1313 2433,1313 2508,1312 2584,1311"/>
                <TextEquiv>
                    <Unicode>schlagene Renaissanceschönheit in erster Jugendblüte, hat es Casanova angetan.</Unicode>
                </TextEquiv>
            </TextLine>
            <TextLine id="r1l11" custom="readingOrder {index:10;}">
                <Coords points="1070,1351 2591,1369 2557,1317 1070,1305"/>
                <Baseline points="1080,1346 1155,1346 1230,1347 1305,1347 1380,1348 1455,1349 1530,1350 1605,1351 1680,1352 1755,1353 1830,1354 1905,1354 1980,1355 2055,1356 2130,1357 2205,1357 2280,1358 2355,1358 2430,1358 2505,1357 2581,1357"/>
                <TextEquiv>
                    <Unicode>Was kümmert ihn da die fette Wirkin zum goldenen Löwen in Mankua, aus</Unicode>
                </TextEquiv>
            </TextLine>
            <TextLine id="r1l12" custom="readingOrder {index:11;}">
                <Coords points="1062,1396 2577,1416 2522,1360 1062,1366"/>
                <Baseline points="1071,1390 1145,1391 1220,1391 1295,1392 1370,1393 1445,1394 1519,1395 1594,1396 1669,1397 1744,1397 1819,1398 1893,1399 1968,1400 2043,1400 2118,1401 2193,1401 2267,1402 2342,1402 2417,1402 2492,1403 2567,1403"/>
                <TextEquiv>
                    <Unicode>deren Armen er sich mit Mühe losgerissen hat, um der Einladung des würdigen</Unicode>
                </TextEquiv>
            </TextLine>
            <TextLine id="r1l13" custom="readingOrder {index:12;}">
                <Coords points="1058,1424 2579,1459 2532,1407 1058,1400"/>
                <Baseline points="1067,1434 1142,1434 1217,1435 1292,1436 1367,1437 1442,1438 1517,1439 1592,1440 1667,1440 1742,1441 1818,1442 1893,1443 1968,1444 2043,1444 2118,1445 2193,1445 2268,1446 2343,1446 2418,1446 2493,1446 2569,1446"/>
                <TextEquiv>
                    <Unicode>Gatten einer früheren Jugendgeliebten aufs Land zu folgen? Was die leuchtenden</Unicode>
                </TextEquiv>
            </TextLine>
            <TextLine id="r1l14" custom="readingOrder {index:13;}">
                <Coords points="1056,1472 2555,1512 2575,1461 1056,1441"/>
                <Baseline points="1065,1481 1140,1481 1215,1480 1290,1480 1365,1481 1440,1481 1515,1482 1590,1483 1665,1483 1740,1484 1815,1485 1890,1486 1965,1487 2040,1488 2115,1489 2190,1490 2265,1490 2340,1491 2415,1491 2490,1491 2565,1491"/>
                <TextEquiv>
                    <Unicode>Sehnsuchtsaugen eben dieser Amalia von Anno dazumal, die ihn immer noch wie</Unicode>
                </TextEquiv>
            </TextLine>
            <TextLine id="r1l15" custom="readingOrder {index:14;}">
                <Coords points="1063,1518 2580,1548 2580,1503 2520,1495 1063,1472"/>
                <Baseline points="1073,1524 1147,1524 1222,1525 1297,1525 1372,1526 1447,1527 1522,1528 1597,1529 1672,1530 1747,1530 1822,1531 1896,1532 1971,1533 2046,1533 2121,1534 2196,1534 2271,1534 2346,1534 2421,1534 2496,1533 2571,1532"/>
                <TextEquiv>
                    <Unicode>damals anschmachten? Da ist dem gewissenlosen Feinschmecker deren vierzehn¬</Unicode>
                </TextEquiv>
            </TextLine>
            <TextLine id="r1l16" custom="readingOrder {index:15;}">
                <Coords points="1051,1572 2587,1581 2529,1538 1051,1534"/>
                <Baseline points="1060,1571 1135,1570 1211,1569 1287,1569 1363,1569 1439,1570 1515,1571 1590,1572 1666,1573 1742,1574 1818,1575 1894,1576 1970,1578 2046,1579 2121,1579 2197,1580 2273,1580 2349,1580 2425,1580 2501,1579 2577,1578"/>
                <TextEquiv>
                    <Unicode>jährige Tochter Theresa lieber. Marcolina hin, Marcolina her, er kann nicht so</Unicode>
                </TextEquiv>
            </TextLine>
            <TextLine id="r1l17" custom="readingOrder {index:16;}">
                <Coords points="1051,1627 2582,1613 1052,1593"/>
                <Baseline points="1062,1614 1137,1614 1213,1613 1288,1613 1364,1614 1439,1614 1515,1614 1590,1615 1666,1616 1741,1617 1817,1617 1893,1618 1968,1619 2044,1620 2119,1621 2195,1622 2270,1622 2346,1623 2421,1623 2497,1624 2573,1624"/>
                <TextEquiv>
                    <Unicode>lange warten, bis er ihren Trotz gebrochen hat. Im ersten unbewachten Augenblick</Unicode>
                </TextEquiv>
            </TextLine>
            <TextLine id="r1l18" custom="readingOrder {index:17;}">
                <Coords points="1063,1665 2559,1685 2581,1628 1064,1625"/>
                <Baseline points="1072,1658 1146,1659 1221,1659 1296,1659 1371,1660 1446,1661 1521,1661 1596,1662 1671,1663 1746,1664 1821,1664 1895,1665 1970,1665 2045,1666 2120,1666 2195,1667 2270,1667 2345,1667 2420,1667 2495,1667 2570,1667"/>
                <TextEquiv>
                    <Unicode>muß Theresa schnell daranglauben, dann erst geht er ans eigentliche Werk. Auch</Unicode>
                </TextEquiv>
            </TextLine>
            <TextLine id="r1l19" custom="readingOrder {index:18;}">
                <Coords points="1052,1703 2579,1717 2474,1669 1052,1665"/>
                <Baseline points="1062,1706 1137,1706 1212,1705 1288,1705 1363,1705 1438,1706 1514,1706 1589,1706 1664,1707 1740,1707 1815,1708 1890,1708 1966,1709 2041,1710 2116,1710 2192,1711 2267,1711 2342,1711 2418,1712 2493,1712 2569,1712"/>
                <TextEquiv>
                    <Unicode>hier helfen ihm, wie im früheren Leben, nacheinander Spiel, Gold, Lug und Trug</Unicode>
                </TextEquiv>
            </TextLine>
            <TextLine id="r1l20" custom="readingOrder {index:19;}">
                <Coords points="1056,1754 2588,1758 2368,1711 1056,1720"/>
                <Baseline points="1065,1750 1140,1749 1216,1749 1292,1749 1367,1750 1443,1750 1519,1751 1594,1751 1670,1752 1746,1752 1822,1753 1897,1754 1973,1754 2049,1755 2124,1755 2200,1756 2276,1756 2351,1757 2427,1757 2503,1757 2579,1757"/>
                <TextEquiv>
                    <Unicode>und plumpe Vergewaltigung endlich zum Siege, aber auch zur größten Niederlage</Unicode>
                </TextEquiv>
            </TextLine>
            <TextLine id="r1l21" custom="readingOrder {index:20;}">
                <Coords points="1060,1801 2570,1799 2570,1761 1060,1746"/>
                <Baseline points="1070,1792 1144,1792 1219,1793 1293,1793 1368,1794 1442,1794 1517,1795 1591,1795 1666,1796 1740,1797 1815,1797 1889,1798 1964,1798 2038,1798 2113,1799 2187,1799 2262,1799 2336,1799 2411,1798 2485,1798 2560,1797"/>
                <TextEquiv>
                    <Unicode>seines Lebens — in dem Augenblick, da er nach genossener Liebesnacht die ent¬</Unicode>
                </TextEquiv>
            </TextLine>
            <TextLine id="r1l22" custom="readingOrder {index:21;}">
                <Coords points="1060,1848 2576,1853 2557,1798 1061,1806"/>
                <Baseline points="1070,1837 1144,1837 1219,1837 1294,1837 1369,1837 1444,1838 1518,1839 1593,1839 1668,1840 1743,1841 1818,1842 1892,1842 1967,1843 2042,1844 2117,1844 2192,1844 2266,1844 2341,1844 2416,1843 2491,1843 2566,1841"/>
                <TextEquiv>
                    <Unicode>setzten Blicke des jungen Mädchens auf seinem Greisenkörper haften fühlt! Dann</Unicode>
                </TextEquiv>
            </TextLine>
            <TextLine id="r1l23" custom="readingOrder {index:22;}">
                <Coords points="1052,1882 2571,1898 2525,1850 1052,1846"/>
                <Baseline points="1061,1882 1136,1882 1211,1882 1286,1882 1361,1883 1436,1883 1511,1884 1586,1884 1661,1885 1736,1886 1811,1886 1886,1887 1961,1887 2036,1887 2111,1887 2186,1888 2261,1888 2336,1887 2411,1887 2486,1886 2561,1885"/>
                <TextEquiv>
                    <Unicode>noch am Gartentor der Zweikampf zweier nackter Männer im Morgengrauen.</Unicode>
                </TextEquiv>
            </TextLine>
            <TextLine id="r1l24" custom="readingOrder {index:23;}">
                <Coords points="1050,1931 2573,1934 2512,1888 1050,1881"/>
                <Baseline points="1059,1928 1134,1927 1209,1927 1284,1926 1359,1926 1435,1927 1510,1927 1585,1928 1660,1928 1735,1929 1811,1930 1886,1931 1961,1931 2036,1932 2111,1932 2187,1933 2262,1933 2337,1933 2412,1932 2487,1931 2563,1930"/>
                <TextEquiv>
                    <Unicode>Die Leiche des jungen Offiziers, dem er die falsche Brautnacht bei der Geliebten</Unicode>
                </TextEquiv>
            </TextLine>
            <TextLine id="r1l25" custom="readingOrder {index:24;}">
                <Coords points="1051,1976 2572,1984 2550,1933 1051,1931"/>
                <Baseline points="1061,1972 1136,1971 1211,1971 1286,1971 1361,1971 1436,1972 1511,1972 1586,1973 1661,1973 1736,1974 1812,1974 1887,1975 1962,1976 2037,1976 2112,1977 2187,1977 2262,1977 2337,1977 2412,1977 2487,1977 2563,1976"/>
                <TextEquiv>
                    <Unicode>abgekauft hat, ist die letzte Spur des geriebenen Abenteurers, der bereits im be¬</Unicode>
                </TextEquiv>
            </TextLine>
            <TextLine id="r1l26" custom="readingOrder {index:25;}">
                <Coords points="1061,2022 2582,2023 2582,1983 2485,1973 1061,1975"/>
                <Baseline points="1070,2018 1145,2017 1220,2016 1295,2015 1370,2015 1445,2015 1520,2014 1595,2014 1670,2014 1745,2014 1821,2015 1896,2015 1971,2016 2046,2016 2121,2017 2196,2018 2271,2018 2346,2020 2421,2020 2496,2022 2572,2023"/>
                <TextEquiv>
                    <Unicode>stellten Wagen davongerast ist. Das alles erzählt uns Schnitzler erst in gedämpftem</Unicode>
                </TextEquiv>
            </TextLine>
            <TextLine id="r1l27" custom="readingOrder {index:26;}">
                <Coords points="1058,2061 2588,2077 2567,2020 1058,2023"/>
                <Baseline points="1068,2059 1143,2058 1219,2058 1294,2057 1370,2057 1445,2058 1521,2058 1596,2059 1672,2059 1747,2060 1823,2061 1898,2061 1974,2062 2049,2063 2125,2064 2200,2064 2276,2065 2351,2065 2427,2065 2502,2065 2578,2065"/>
                <TextEquiv>
                    <Unicode>Tone beschaulicher Erinnerung, dann mit der fliegenden Hast der sich überstürzen-</Unicode>
                </TextEquiv>
            </TextLine>
            <TextLine id="r1l28" custom="readingOrder {index:27;}">
                <Coords points="1056,2108 2573,2137 2547,2065 1057,2066"/>
                <Baseline points="1065,2102 1143,2102 1222,2103 1301,2104 1380,2104 1459,2105 1538,2105 1617,2106 1696,2106 1775,2106 1853,2106 1932,2106 2011,2106 2090,2107 2169,2107 2248,2107 2327,2108 2406,2108 2485,2109 2564,2109"/>
                <TextEquiv>
                    <Unicode>den Ereignisse. Es ist wirklich eine Flucht aus dem Leben, dies letzte Abenteuey</Unicode>
                </TextEquiv>
            </TextLine>
            <TextLine id="r1l29" custom="readingOrder {index:28;}">
                <Coords points="1052,2139 2561,2165 2533,2108 1052,2114"/>
                <Baseline points="1062,2147 1136,2147 1210,2147 1285,2147 1359,2148 1434,2148 1508,2149 1583,2149 1657,2150 1732,2150 1806,2151 1880,2151 1955,2151 2029,2152 2104,2152 2178,2152 2253,2153 2327,2153 2402,2152 2476,2152 2551,2152"/>
                <TextEquiv>
                    <Unicode>des vielbeschäftigten Müßiggängers, in dessen Dasein sich die ganze Leere jengt</Unicode>
                </TextEquiv>
            </TextLine>
            <TextLine id="r1l30" custom="readingOrder {index:29;}">
                <Coords points="1053,2197 2308,2233 2521,2225 2586,2155 1053,2165"/>
                <Baseline points="1062,2191 1137,2190 1213,2190 1288,2189 1364,2190 1440,2190 1515,2190 1591,2191 1667,2192 1742,2193 1818,2194 1894,2195 1969,2195 2045,2196 2121,2197 2196,2198 2272,2198 2348,2198 2423,2198 2499,2198 2575,2197"/>
                <TextEquiv>
                    <Unicode>äußerlich blendenden, vorrevolutionären Gesellschaft spiegelt, die von sich selber zu</Unicode>
                </TextEquiv>
            </TextLine>
            <TextLine id="r1l31" custom="readingOrder {index:30;}">
                <Coords points="1056,2255 1384,2264 1428,2243 1559,2268 1618,2240 1732,2265 1802,2236 1802,2206 1728,2196 1056,2198"/>
                <Baseline points="1065,2237 1101,2236 1137,2236 1174,2236 1210,2236 1246,2236 1283,2236 1319,2236 1355,2236 1392,2236 1428,2236 1464,2237 1501,2237 1537,2237 1573,2237 1610,2237 1646,2237 1682,2237 1719,2236 1755,2236 1792,2235"/>
                <TextEquiv>
                    <Unicode>sagen pflegte: „Nach uns die Sintflutle</Unicode>
                </TextEquiv>
            </TextLine>
            <TextLine id="r1l32" custom="readingOrder {index:31;}">
                <Coords points="1051,2322 2431,2380 2587,2342 2587,2296 2487,2274 1051,2293"/>
                <Baseline points="1060,2328 1135,2329 1211,2330 1287,2331 1363,2331 1439,2332 1515,2333 1590,2333 1666,2333 1742,2334 1818,2334 1894,2335 1970,2336 2046,2336 2121,2338 2197,2339 2273,2340 2349,2343 2425,2345 2501,2347 2577,2351"/>
                <TextEquiv>
                    <Unicode>Albrecht Schaeffer, Gudula oder die Dauer des Lebens. Erzählung. Pespzig</Unicode>
                </TextEquiv>
            </TextLine>
            <TextLine id="r1l33" custom="readingOrder {index:32;}">
                <Coords points="1090,2382 1817,2410 1926,2367 1855,2334 1090,2346"/>
                <Baseline points="1100,2376 1140,2377 1181,2378 1222,2379 1263,2380 1304,2380 1344,2381 1385,2381 1426,2381 1467,2381 1508,2382 1548,2382 1589,2382 1630,2382 1671,2382 1712,2382 1752,2382 1793,2382 1834,2382 1875,2383 1916,2383"/>
                <TextEquiv>
                    <Unicode>1918, Inselverlag. Preis gebunden 5 Mark.</Unicode>
                </TextEquiv>
            </TextLine>
            <TextLine id="r1l34" custom="readingOrder {index:33;}">
                <Coords points="1120,2443 2557,2458 2575,2392 1120,2417"/>
                <Baseline points="1129,2433 1200,2435 1272,2436 1344,2437 1416,2438 1488,2439 1559,2440 1631,2441 1703,2442 1775,2442 1847,2443 1918,2443 1990,2444 2062,2444 2134,2444 2206,2445 2277,2445 2349,2445 2421,2445 2493,2445 2565,2445"/>
                <TextEquiv>
                    <Unicode>Wie ein zartes Geigenadagio in einem mondbeglänzten Schloßpark, in dessen</Unicode>
                </TextEquiv>
            </TextLine>
            <TextLine id="r1l35" custom="readingOrder {index:34;}">
                <Coords points="1051,2496 2574,2493 2574,2455 2479,2448 1052,2424"/>
                <Baseline points="1060,2481 1135,2481 1210,2481 1285,2481 1361,2481 1436,2482 1511,2483 1586,2484 1662,2485 1737,2486 1812,2487 1887,2488 1963,2489 2038,2490 2113,2490 2188,2491 2264,2491 2339,2490 2414,2490 2489,2489 2565,2487"/>
                <TextEquiv>
                    <Unicode>verstecktester Laube die blaue Blume der Nomantik blüht, klingt und verklingt</Unicode>
                </TextEquiv>
            </TextLine>
            <TextLine id="r1l36" custom="readingOrder {index:35;}">
                <Coords points="1047,2530 2574,2534 2392,2489 1047,2500"/>
                <Baseline points="1056,2526 1131,2526 1206,2526 1282,2526 1357,2527 1433,2528 1508,2529 1583,2530 1659,2531 1734,2533 1810,2534 1885,2535 1960,2536 2036,2537 2111,2537 2187,2537 2262,2537 2337,2536 2413,2535 2488,2533 2564,2531"/>
                <TextEquiv>
                    <Unicode>diese Mär aus Urgroßvätertagen. Diese trotzige Prinzessin Gudula, die, aller</Unicode>
                </TextEquiv>
            </TextLine>
            <TextLine id="r1l37" custom="readingOrder {index:36;}">
                <Coords points="1055,2589 2580,2583 2550,2535 1055,2534"/>
                <Baseline points="1065,2571 1140,2571 1215,2571 1290,2571 1366,2572 1441,2573 1516,2573 1592,2574 1667,2575 1742,2576 1818,2577 1893,2577 1968,2578 2043,2579 2119,2579 2194,2579 2269,2579 2345,2579 2420,2578 2495,2577 2571,2576"/>
                <TextEquiv>
                    <Unicode>Etikette des kleinstädtischen Hofes zum Trotze, dem Bildhauer Longinus für das</Unicode>
                </TextEquiv>
            </TextLine>
            <TextLine id="r1l38" custom="readingOrder {index:37;}">
                <Coords points="1055,2626 2565,2626 2495,2580 1055,2588"/>
                <Baseline points="1065,2617 1139,2617 1214,2616 1288,2616 1363,2616 1437,2616 1512,2616 1586,2617 1661,2618 1735,2618 1810,2619 1884,2620 1959,2620 2033,2621 2108,2622 2182,2622 2257,2622 2331,2622 2406,2622 2480,2622 2555,2621"/>
                <TextEquiv>
                    <Unicode>Grabdenkmal ihrer Großmutter Modell steht und dabei Leib und Seele an ihn</Unicode>
                </TextEquiv>
            </TextLine>
            <TextLine id="r1l39" custom="readingOrder {index:38;}">
                <Coords points="1060,2661 2572,2670 2572,2621 1060,2628"/>
                <Baseline points="1070,2663 1144,2662 1219,2661 1293,2661 1368,2660 1443,2660 1517,2661 1592,2661 1666,2662 1741,2662 1816,2663 1890,2664 1965,2664 2039,2665 2114,2665 2189,2666 2263,2666 2338,2666 2412,2665 2487,2665 2562,2664"/>
                <TextEquiv>
                    <Unicode>verliert, ist selbst ein Stück Romantik. Wie sie mit ihm nach Italien flieht, wird</Unicode>
                </TextEquiv>
            </TextLine>
            <TextLine id="r1l40" custom="readingOrder {index:39;}">
                <Coords points="1054,2725 2571,2700 1054,2661"/>
                <Baseline points="1063,2709 1141,2708 1220,2706 1299,2706 1378,2705 1457,2705 1536,2705 1615,2705 1694,2706 1773,2706 1851,2707 1930,2707 2009,2708 2088,2708 2167,2709 2246,2709 2325,2709 2404,2709 2483,2708 2562,2708"/>
                <TextEquiv>
                    <Unicode>sie von den Ihren aus der Liste der Lebenden gestrichen. Bei ihrer Schwieger¬</Unicode>
                </TextEquiv>
            </TextLine>
            <TextLine id="r1l41" custom="readingOrder {index:40;}">
                <Coords points="1048,2752 2537,2767 2582,2721 1048,2727"/>
                <Baseline points="1058,2754 1133,2752 1209,2751 1285,2751 1360,2750 1436,2750 1512,2749 1587,2749 1663,2749 1739,2750 1815,2750 1890,2750 1966,2750 2042,2751 2117,2751 2193,2751 2269,2752 2344,2752 2420,2752 2496,2752 2572,2752"/>
                <TextEquiv>
                    <Unicode>mutter, der Witwe des Dorfschmieds, lernt dann das verwöhnte Persönchen das</Unicode>
                </TextEquiv>
            </TextLine>
            <TextLine id="r1l42" custom="readingOrder {index:41;}">
                <Coords points="1049,2792 2570,2788 1049,2752"/>
                <Baseline points="1059,2795 1134,2795 1209,2795 1284,2795 1359,2795 1434,2795 1509,2795 1584,2795 1659,2796 1734,2796 1809,2796 1884,2796 1959,2796 2034,2796 2109,2796 2184,2796 2259,2796 2334,2796 2409,2796 2484,2796 2560,2797"/>
                <TextEquiv>
                    <Unicode>Leben kennen, die Not, den Kampf und die Arbeit ums tägliche Brot. Während</Unicode>
                </TextEquiv>
            </TextLine>
            <TextLine id="r1l43" custom="readingOrder {index:42;}">
                <Coords points="1057,2848 2514,2853 2567,2795 1057,2814"/>
                <Baseline points="1066,2841 1140,2839 1215,2838 1289,2838 1364,2838 1439,2838 1513,2838 1588,2838 1662,2839 1737,2839 1812,2840 1886,2841 1961,2841 2035,2841 2110,2842 2185,2842 2259,2842 2334,2841 2408,2841 2483,2839 2558,2838"/>
                <TextEquiv>
                    <Unicode>er Anno 13 fürs Vaterland in Frankreich kämpft, harrt sie geduld'g seiner Wieder¬</Unicode>
                </TextEquiv>
            </TextLine>
            <TextLine id="r1l44" custom="readingOrder {index:43;}">
                <Coords points="1044,2891 2569,2898 2569,2856 2476,2844 1044,2843"/>
                <Baseline points="1053,2886 1128,2885 1203,2884 1279,2883 1354,2883 1429,2883 1505,2883 1580,2883 1655,2883 1731,2883 1806,2884 1881,2884 1957,2885 2032,2885 2107,2885 2183,2885 2258,2885 2333,2885 2409,2885 2484,2884 2560,2883"/>
                <TextEquiv>
                    <Unicode>kunft. Aber welcher Wiederkunft! Ein an Leib und Seele Gebrochener kehrt er</Unicode>
                </TextEquiv>
            </TextLine>
            <TextLine id="r1l45" custom="readingOrder {index:44;}">
                <Coords points="1052,2945 2569,2946 2569,2898 2499,2885 1052,2888"/>
                <Baseline points="1061,2929 1139,2928 1218,2927 1297,2927 1376,2926 1455,2926 1534,2926 1613,2927 1692,2927 1771,2927 1849,2928 1928,2928 2007,2929 2086,2930 2165,2930 2244,2931 2323,2931 2402,2932 2481,2932 2560,2932"/>
                <TextEquiv>
                    <Unicode>zurück. Bei Leipzig hat ihm eine Kanonenkugel den rechten Arm zerschmettert.</Unicode>
                </TextEquiv>
            </TextLine>
            <TextLine id="r1l46" custom="readingOrder {index:45;}">
                <Coords points="1054,2974 2571,2976 2450,2934 1054,2943"/>
                <Baseline points="1063,2973 1141,2973 1220,2974 1299,2974 1378,2974 1457,2974 1536,2974 1615,2974 1694,2974 1773,2974 1851,2974 1930,2974 2009,2974 2088,2974 2167,2974 2246,2975 2325,2975 2404,2976 2483,2977 2562,2978"/>
                <TextEquiv>
                    <Unicode>Sie muß für ihn sorgen wie für ein Kind und verdingt sich nach Weimar, um in</Unicode>
                </TextEquiv>
            </TextLine>
            <TextLine id="r1l47" custom="readingOrder {index:46;}">
                <Coords points="1045,3011 2583,3020 2558,2972 1045,2984"/>
                <Baseline points="1055,3020 1130,3019 1206,3018 1282,3017 1358,3017 1434,3017 1510,3017 1586,3017 1662,3017 1738,3017 1814,3018 1889,3018 1965,3018 2041,3019 2117,3019 2193,3019 2269,3019 2345,3019 2421,3019 2497,3019 2573,3019"/>
                <TextEquiv>
                    <Unicode>vornehmen Häusern die Gäste zu bedienen. Dort wird sie von Goethe entdeckt.</Unicode>
                </TextEquiv>
            </TextLine>
            <TextLine id="r1l48" custom="readingOrder {index:47;}">
                <Coords points="1048,3053 2409,3079 2576,3068 2576,3019 1048,3036"/>
                <Baseline points="1058,3064 1133,3063 1208,3062 1284,3061 1359,3061 1435,3061 1510,3061 1586,3062 1661,3062 1737,3063 1812,3063 1887,3064 1963,3064 2038,3065 2114,3065 2189,3065 2265,3064 2340,3064 2416,3063 2491,3062 2567,3060"/>
                <TextEquiv>
                    <Unicode>Der Allesverstehende bringt ihr Trost. Aber auch sie ihm; denn zu eben jener Zeit</Unicode>
                </TextEquiv>
            </TextLine>
            <TextLine id="r1l49" custom="readingOrder {index:48;}">
                <Coords points="1054,3119 2568,3103 2460,3061 1054,3058"/>
                <Baseline points="1063,3110 1137,3108 1212,3107 1287,3106 1362,3106 1436,3105 1511,3105 1586,3105 1661,3105 1735,3105 1810,3106 1885,3106 1960,3106 2034,3107 2109,3107 2184,3107 2259,3108 2333,3108 2408,3108 2483,3108 2558,3108"/>
                <TextEquiv>
                    <Unicode>stirbt seine Christiane. Diese stillen Stunden des gegenseitigen Schmerzes und Ver¬</Unicode>
                </TextEquiv>
            </TextLine>
            <TextLine id="r1l50" custom="readingOrder {index:49;}">
                <Coords points="1053,3159 2563,3164 2574,3111 1053,3115"/>
                <Baseline points="1063,3152 1138,3152 1213,3152 1288,3152 1363,3152 1438,3152 1513,3152 1588,3152 1663,3151 1738,3151 1813,3151 1888,3151 1963,3151 2038,3151 2113,3151 2188,3151 2263,3151 2338,3151 2413,3152 2488,3152 2564,3152"/>
                <TextEquiv>
                    <Unicode>stehens sind vielleicht das Zarteste, was über Goethes Innenleben geschrieben</Unicode>
                </TextEquiv>
            </TextLine>
            <TextLine id="r1l51" custom="readingOrder {index:50;}">
                <Coords points="1056,3202 2564,3205 2530,3154 1056,3157"/>
                <Baseline points="1065,3195 1139,3195 1214,3195 1288,3195 1363,3195 1437,3195 1512,3196 1586,3196 1661,3196 1735,3196 1810,3196 1884,3196 1959,3196 2033,3196 2108,3196 2182,3196 2257,3195 2331,3195 2406,3194 2480,3193 2555,3192"/>
                <TextEquiv>
                    <Unicode>wurde. Von diesem Augenblick an verebbt die Erzählung. Longinus lebt wieder</Unicode>
                </TextEquiv>
            </TextLine>
            <TextLine id="r1l52" custom="readingOrder {index:51;}">
                <Coords points="1052,3239 2567,3245 2508,3198 1052,3209"/>
                <Baseline points="1062,3240 1136,3239 1211,3239 1286,3239 1361,3239 1436,3239 1510,3239 1585,3240 1660,3240 1735,3240 1810,3241 1884,3241 1959,3241 2034,3241 2109,3241 2184,3241 2258,3241 2333,3240 2408,3239 2483,3237 2558,3236"/>
                <TextEquiv>
                    <Unicode>auf, wird ein geschätzter Porträtmaler in Weimar und stirbt 1848 als Freiheiks¬</Unicode>
                </TextEquiv>
            </TextLine>
            <TextLine id="r1l53" custom="readingOrder {index:52;}">
                <Coords points="1042,3301 2576,3279 2534,3239 1042,3244"/>
                <Baseline points="1052,3282 1127,3282 1203,3282 1279,3283 1354,3283 1430,3284 1506,3284 1581,3284 1657,3285 1733,3285 1809,3285 1884,3285 1960,3286 2036,3286 2111,3285 2187,3285 2263,3285 2338,3285 2414,3284 2490,3283 2566,3282"/>
                <TextEquiv>
                    <Unicode>kämpfer auf den Barrikaden. Die tapfere Gudula, die ihm ein halbes Dutzend</Unicode>
                </TextEquiv>
            </TextLine>
            <TextLine id="r1l54" custom="readingOrder {index:53;}">
                <Coords points="1046,3336 2565,3337 2542,3284 1046,3290"/>
                <Baseline points="1055,3325 1130,3325 1205,3325 1280,3325 1355,3325 1430,3325 1505,3325 1580,3325 1655,3325 1730,3325 1805,3325 1880,3325 1955,3325 2030,3325 2105,3326 2180,3326 2255,3326 2330,3327 2405,3327 2480,3328 2555,3328"/>
                <TextEquiv>
                    <Unicode>Kinder geboren hat, betrauert den Geliebten aufrichtig und geht auf Reisen. Dieser</Unicode>
                </TextEquiv>
            </TextLine>
            <TextLine id="r1l55" custom="readingOrder {index:54;}">
                <Coords points="1042,3358 1380,3394 2569,3369 2436,3330 1042,3337"/>
                <Baseline points="1051,3368 1126,3368 1201,3369 1277,3369 1352,3370 1428,3370 1503,3370 1578,3370 1654,3370 1729,3370 1805,3369 1880,3369 1955,3369 2031,3369 2106,3370 2182,3370 2257,3371 2332,3371 2408,3372 2483,3373 2559,3375"/>
                <TextEquiv>
                    <Unicode>Schluß ist bloß angehängt. Hier wird das Leben zum Bericht. Umsonst müht sich</Unicode>
                </TextEquiv>
            </TextLine>
            <TextLine id="r1l56" custom="readingOrder {index:55;}">
                <Coords points="1043,3414 2560,3440 2560,3373 1043,3376"/>
                <Baseline points="1053,3413 1127,3414 1202,3416 1277,3417 1352,3418 1427,3419 1502,3419 1577,3419 1652,3419 1727,3419 1802,3419 1876,3418 1951,3418 2026,3417 2101,3417 2176,3417 2251,3416 2326,3416 2401,3416 2476,3416 2551,3416"/>
                <TextEquiv>
                    <Unicode>der Dichter, den verträumten Ton festzuhalten. Das Jahr 1848 machte der Ro¬</Unicode>
                </TextEquiv>
            </TextLine>
            <TextLine id="r1l57" custom="readingOrder {index:56;}">
                <Coords points="1043,3450 1256,3490 2485,3471 2452,3418 1043,3428"/>
                <Baseline points="1053,3462 1124,3462 1195,3462 1266,3462 1337,3462 1408,3462 1479,3462 1550,3462 1621,3462 1692,3462 1764,3462 1835,3462 1906,3462 1977,3462 2048,3462 2119,3461 2190,3461 2261,3461 2332,3460 2403,3460 2475,3459"/>
                <TextEquiv>
                    <Unicode>mantik den Garaus. Ihre goldenen Spinnweben verflatterten im Sturmwind.</Unicode>
                </TextEquiv>
            </TextLine>
            <TextEquiv>
                <Unicode>asanovas Heimfahr
box 4/10
30 G  .  A Gana K.
70
Die Neue Zeit.
schaft durchleuchtet. Für einen Augenblick fühlt man sich fast um einige Jahr¬
hundert zurückversetzt, in jene Tage, da an der florentinischen Akademie Männer
und Frauen wissenschaftliche Zwiesprach hielten, um sich das eine in des anderen
Herz hineinzustehlen. Die gelehrte Marcolina, eine ins achkzehnte Jahrhundert ver¬
schlagene Renaissanceschönheit in erster Jugendblüte, hat es Casanova angetan.
Was kümmert ihn da die fette Wirkin zum goldenen Löwen in Mankua, aus
deren Armen er sich mit Mühe losgerissen hat, um der Einladung des würdigen
Gatten einer früheren Jugendgeliebten aufs Land zu folgen? Was die leuchtenden
Sehnsuchtsaugen eben dieser Amalia von Anno dazumal, die ihn immer noch wie
damals anschmachten? Da ist dem gewissenlosen Feinschmecker deren vierzehn¬
jährige Tochter Theresa lieber. Marcolina hin, Marcolina her, er kann nicht so
lange warten, bis er ihren Trotz gebrochen hat. Im ersten unbewachten Augenblick
muß Theresa schnell daranglauben, dann erst geht er ans eigentliche Werk. Auch
hier helfen ihm, wie im früheren Leben, nacheinander Spiel, Gold, Lug und Trug
und plumpe Vergewaltigung endlich zum Siege, aber auch zur größten Niederlage
seines Lebens — in dem Augenblick, da er nach genossener Liebesnacht die ent¬
setzten Blicke des jungen Mädchens auf seinem Greisenkörper haften fühlt! Dann
noch am Gartentor der Zweikampf zweier nackter Männer im Morgengrauen.
Die Leiche des jungen Offiziers, dem er die falsche Brautnacht bei der Geliebten
abgekauft hat, ist die letzte Spur des geriebenen Abenteurers, der bereits im be¬
stellten Wagen davongerast ist. Das alles erzählt uns Schnitzler erst in gedämpftem
Tone beschaulicher Erinnerung, dann mit der fliegenden Hast der sich überstürzen-
den Ereignisse. Es ist wirklich eine Flucht aus dem Leben, dies letzte Abenteuey
des vielbeschäftigten Müßiggängers, in dessen Dasein sich die ganze Leere jengt
äußerlich blendenden, vorrevolutionären Gesellschaft spiegelt, die von sich selber zu
sagen pflegte: „Nach uns die Sintflutle
Albrecht Schaeffer, Gudula oder die Dauer des Lebens. Erzählung. Pespzig
1918, Inselverlag. Preis gebunden 5 Mark.
Wie ein zartes Geigenadagio in einem mondbeglänzten Schloßpark, in dessen
verstecktester Laube die blaue Blume der Nomantik blüht, klingt und verklingt
diese Mär aus Urgroßvätertagen. Diese trotzige Prinzessin Gudula, die, aller
Etikette des kleinstädtischen Hofes zum Trotze, dem Bildhauer Longinus für das
Grabdenkmal ihrer Großmutter Modell steht und dabei Leib und Seele an ihn
verliert, ist selbst ein Stück Romantik. Wie sie mit ihm nach Italien flieht, wird
sie von den Ihren aus der Liste der Lebenden gestrichen. Bei ihrer Schwieger¬
mutter, der Witwe des Dorfschmieds, lernt dann das verwöhnte Persönchen das
Leben kennen, die Not, den Kampf und die Arbeit ums tägliche Brot. Während
er Anno 13 fürs Vaterland in Frankreich kämpft, harrt sie geduld'g seiner Wieder¬
kunft. Aber welcher Wiederkunft! Ein an Leib und Seele Gebrochener kehrt er
zurück. Bei Leipzig hat ihm eine Kanonenkugel den rechten Arm zerschmettert.
Sie muß für ihn sorgen wie für ein Kind und verdingt sich nach Weimar, um in
vornehmen Häusern die Gäste zu bedienen. Dort wird sie von Goethe entdeckt.
Der Allesverstehende bringt ihr Trost. Aber auch sie ihm; denn zu eben jener Zeit
stirbt seine Christiane. Diese stillen Stunden des gegenseitigen Schmerzes und Ver¬
stehens sind vielleicht das Zarteste, was über Goethes Innenleben geschrieben
wurde. Von diesem Augenblick an verebbt die Erzählung. Longinus lebt wieder
auf, wird ein geschätzter Porträtmaler in Weimar und stirbt 1848 als Freiheiks¬
kämpfer auf den Barrikaden. Die tapfere Gudula, die ihm ein halbes Dutzend
Kinder geboren hat, betrauert den Geliebten aufrichtig und geht auf Reisen. Dieser
Schluß ist bloß angehängt. Hier wird das Leben zum Bericht. Umsonst müht sich
der Dichter, den verträumten Ton festzuhalten. Das Jahr 1848 machte der Ro¬
mantik den Garaus. Ihre goldenen Spinnweben verflatterten im Sturmwind.</Unicode>
            </TextEquiv>
        </TextRegion>
    </Page>
</PcGts>
