3392 4256
502 79 1404 163 Casanovas Heinfahrt
1540 82 1982 193 box 4/11
290 87 1420 208 30. SanvasKanmaunt
572 615 1387 704 222 srom THr Ravixw DuPAkrMENr oj
573 688 1383 783 SIMON and SCHUSTER
574 762 1371 842 Pablirbers: 386 Fourth Avenue, New Yoré
1954 1092 2746 1188 News for Lmediate Release
1962 1177 2737 1270 Issued October 2örd, 19307
1487 1309 2182 1420 NCASANOVATS HOMECOZHT NGN
1581 1417 2143 1532 AGAIN VIIDICAEED
1455 1648 2293 1750 PLNAL VICTORT FOR PUELTSIEERS
1206 1881 2688 1956 Sumner Loses Casc Against Arthur Schnitzler's Movel
1126 1936 2790 2036 Grand Jury Refuses To Indiet Book Attacked By Vice Society
1116 2153 2813 2228 Tho rencwed ccmplaint of John S. Sumner, chief agent of The
842 2208 2919 2300 New York Society Por the Suppreszion or Vice, against Arthur Schnitzleris
858 2277 2794 2356 novel,Casanovals Homecoming“, published by Simon and Schuster, was
850 2340 2832 2421 dismissed by The Grand Jury of New York County yesterday after it had
837 2386 1699 2460 read and considcred the book.
1116 2471 2879 2554 Sunner charged that the novel was being published and distrib¬
847 2553 2893 2647 uted in violation of Scotion 1141 of the Ponl Code prohibiting the sale
856 2612 1502 2679 of obschne Iiterature.
1111 2720 2844 2800 An #arlier complaint ag inst the book had been dismissed on
840 2763 2863 2873 September 25th, 1930 by magistrate Hlaurice Gottlich. The opinion of tho
841 2825 2842 2905 Court was delivered after liagistrate Gottlicb had rend the bock itscif
846 2890 2904 2977 and carefully studied briefs subnitted by Simon and Schuster's attorncys,
843 2947 2862 2998 Messrs. Grcenbaun, Volff and Ernst. Tue Court heard arguments presented
847 3005 2846 3062 by Nr. Horris L. Ernst and Nr. Nouman Levy, of counsel for the publish¬
846 3057 2871 3123 ers, and studicd a comprchensive memorandum in which werc sct forth rep¬
842 3120 2872 3199 resnhtative opinions on the bock from editors, critics, ninisters, educ¬
844 3173 2382 3265 ators, physicians, and other lenders in the commmity.
1113 3258 2794 3349 In bis decision, absolving Wasanovals Homccoming“ from any
841 3325 2874 3407 charge of obsecnity, Megistrate Gottlich threu out of Court all the com¬
839 3401 2822 3460 plaints fiücd by Nr. Sumer, His Honor charscterized vasenova's Home¬
841 3446 2807 3527 coming“ as an unimpenchable classic of modern literaturc and dcc lared
848 3497 2855 3564 that the bock mst be measured by che living standards of our oun timc,
839 3534 1938 3624 not by thosc of the Mid-Victorian cra.
1102 3637 2899 3740 Hr. Sumner was not satisfied with the decision in the Court, and
845 3695 2867 3801 lodged repeated complaints at the District Attorncy's officc, insisting
848 3774 2768 3858 that the Grand Jury be rcquested to investigate. The members of that
843 3826 2834 3904 body thereupon rcad tlic book and gesterday it was officially announced
848 3891 2076 3963 that they found no bacis for an indictment.
1112 3973 2788 4067 This decision represents the fourth and final legal victory
1293 4057 1503 4094 Uny -
1561 4059 1648 4094 „
