3392 4256
265 130 445 229 30.
489 122 1310 207 asanovas Heimfahr
447 178 1391 236 Can—  e Sinlane en le
1507 128 1943 220 box 4/11
1487 995 2693 1066 did, however, submit the question as to whetherthis
1498 1056 2697 1130 book was obscene to the Grand Jury, who found
1495 1113 2698 1171 an indictment, which indictment was subsequently
1490 1192 2699 1256 dismissed. However, what the circumstances were
1492 1245 2700 1317 of the dismissal have not been fully made patent
1490 1320 2709 1367 to me, but, in any event, there never was a trial
1488 1363 2695 1430 of said indictment, and the record shows the same
1507 1430 2699 1487 was dismissed. While the said indictment was
1501 1474 2705 1549 pending, it appears that the matter received the
1495 1540 2703 1607 attention of a Judge of the Supreme Court upon a
1502 1598 2700 1657 demurrer to the indictment, and the demurrer so
1501 1648 2712 1733 heard by said Justice was overruled. The Justice
1497 1722 2706 1791 rendering the opinion in the case did not determine
1489 1791 2697 1855 the question as to the obscenity of the book, but
1490 1854 2701 1915 relegated the case to the court of proper jurisdic¬
1506 1911 2700 1986 tion, which was the one in which the indictment
1495 1965 2704 2036 had been found. He stated in his opinion that he
1501 2034 2715 2097 could not as a matter of law decide that the said
1492 2089 2712 2151 book was obscene, but remanded the case back to
1500 2152 2712 2223 the Court of General Sessions, so that a jury might
1499 2204 2086 2286 determine the question.
1547 2265 2705 2344 This Court has given this case very deep and
1498 2338 2710 2402 thorough consideration. It has had the advantage
1497 2402 2705 2462 of an excellent brief by Mr. John S. Sumner ofthe
1492 2463 2707 2519 Society for the Suppression of Vice, whose loyal
1499 2517 2712 2577 and earnest endeavors not only in this case hut
1491 2568 2706 2644 in others, this Ccurt must pay tribute to. Onthe
1495 2632 2691 2705 other side of the case, the Court must highly com¬
1502 2710 2704 2762 mend Mr. M. L. Ernst and Mr. Newman Levy for
1508 2757 2712 2834 the most excellent brief and compilation of opinions
1501 2817 2704 2881 of men learned in journalism, sociology and in the
1503 2879 1839 2951 literary field.
1554 2909 2704 3011 This Court has come tothe conclusion that the
1509 3014 2706 3061 book in question is not obscene; that there is
1496 3075 2702 3124 nothing within its covers which tends to impairthe
1506 3138 2715 3190 morals of any one reading it, and that process will
1498 3196 2630 3252 not be issued for the arrest of these defendants.
1547 3246 2699 3323 The summonses before the Court are dismissed,
1492 3295 2707 3371 andthe defendants will take the necessary steps to
1498 3379 2710 3439 cause such books as were taken upon the execution
1492 3430 2611 3504 of the search warrant to be returned to them.
