3436 4320
519 166 1384 236 asanovas Heimfahrt
1535 157 1972 257 box 4/10
272 159 1392 274 30 S e eee ee
1138 818 1262 890 282
1831 841 2079 909 Rundschau.
1110 957 1941 1032 stattung werden uns hier unaufdringlich und
1959 959 2802 1038 gehabt, ein konservatives Blatt mit einer
1106 1027 1948 1086 doch sprechend die zahlreichen geistigen Ge¬
1957 1021 2789 1073 reien Sprache zu führen“.“ Seine Beschäf¬
1100 1077 1945 1129 meinsamkeiten zwischen dem deutschen Öster¬
1966 1071 2795 1130 tigung mit der Presse reicht schon in die
1112 1122 1938 1179 reich und der Schweiz aufgedeckt. Der
1969 1118 2807 1170 Tage zurück, als er noch Gesandter in Berlin
1106 1170 1942 1215 Schweizer Dichter Robert Faesi spricht in
1963 1161 2795 1227 war. Schon damals hatte er auf die Not¬
1102 1203 1940 1251 eindringender Analyse über Rainer Maria
1972 1209 2803 1267 wendigkeit eines gut redigierten Blattes hin¬
1106 1246 1947 1310 Rilke, der Schweizer Literarhistoriker Jonas
1966 1254 2799 1313 gewiesen und auch später — es war im
1111 1290 1938 1338 Fränkel über J. V. Widmann, in dessen
1961 1292 2805 1346 Jahre 1811 — meinte er, ein gut geschrie¬
1106 1331 1942 1389 Adern ja das leichtere Blut wienerischer
1966 1350 2808 1392 benes Zeitungsblatt se' unstreitig das ein¬
1106 1375 1940 1441 Eltern floß. Aber auch des spezifisch Öster¬
1963 1383 2799 1445 fachste Organ, durch welches die öffentliche
1110 1430 1934 1474 reichischen ist genug in dem schmucken Büch¬
1958 1432 2796 1478 Verwaltung es vermöge, die Nationalbildung
1106 1471 1947 1532 lein, das eine gute Übersicht über die Ziele
1965 1465 2797 1530 zu heben, eingewurzelte Vorurteile zu ver¬
1098 1511 1946 1569 des jungen Verlages bietet; vor allem Her¬
1956 1512 2804 1563 nichten, irrige Volksbegriffe zu berichtigen,
1109 1566 1947 1621 mann Bahrs neueste „Entdeckung": Adalbert
1959 1569 2803 1623 und unvermerkt, selbst ohne den geringsten
1111 1605 1934 1663 Stifter, auf die wir uns nach der Kostprobe
1967 1599 2795 1657 Anschein von Planmäßigkeit, auf die Ge¬
1102 1648 1933 1701 ebenso freuen wie auf das Burgtheaterbuch
1960 1655 2805 1710 müter des Volkes zu wirken, dieses für
1108 1694 1930 1752 der verehrten Wilbrandt=Baudius, das eben¬
1957 1699 2806 1758 seine Zwecke empfänglich zu machen. Bis
1108 1739 1935 1795 falls im Amalthea=Veriag erscheinen wird.
1961 1749 2800 1797 ungefähr 1815 zeigte Metternich ein gewisses
1189 1782 1932 1841 Dieselbe völkerverbindende Mission er¬
1960 1786 2798 1834 Wohlwollen der Presse gegenüber; er wies
1095 1817 1936 1884 füllt in Zürich das Verlagshaus Rascher,
1962 1833 2789 1883 wiederholt auf die Notwendigkeit hin, die
1096 1860 1926 1925 das die wahrhaft befreiende Tat der „Euro¬
1954 1880 2799 1933 inländischen Blätter zu verbessern, fähige
1104 1921 1934 1975 päischen Bücher“ uns schon während des
1957 1918 2786 1965 und verständige Männer zur Redaktion auf¬
1093 1960 1931 2022 Krieges geschenkt hat. In diesen „Euro¬
1953 1960 2797 2018 zufinden, sie durch Aussicht auf Ehre und
1089 1999 1941 2062 päischen Büchern“ ist des deutschen Dichters
1948 2007 2803 2068 Gewinn anzulocken,## einem Worte, eine
1102 2045 1928 2103 Leonhard Frank bereite weltberühmter No¬
1959 2053 2799 2110 Reform des österreichischen Zeitungswesens
1092 2088 1940 2164 vellenound: „Der Mensch ist gut“ erschienen,
1953 2098 2796 2158 anzubahnen, die sich nicht nur auf den Inhalt,
1101 2141 1933 2188 der den Schluß unserer Betrachtung bilden
1954 2141 2802 2192 sondern auch auf den Stil erstrecken sollte;
1096 2183 1934 2245 soll, da ich kaum ein Werk wüßte, das man
1945 2184 2791 2245 er wußte auch den keineswegs preßfreund¬
1100 2227 1938 2280 nach der Lektüre dieses erschütternden Buches
1949 2225 2787 2288 lichen Kaiser Franz, der vor dem gedruckten
1100 2271 1941 2329 noch zur Hand nehmen könnte. Was Henri
1948 2273 2793 2328 Wort stets eine Abscheu empfand, zu be¬
1091 2315 1926 2377 Barbusse für Frankreich, ist Leonhard Frank
1945 2329 2794 2372 wegen, den Leiter der Zensurstelle zu beauf¬
1095 2357 1931 2421 für Deutschland: der Gestalter des pazifisti¬
1949 2371 2797 2419 tragen, er möge erwägen, wie die inländischen
1099 2403 1935 2464 schen und demokratischen Gedankens, den er
1944 2409 2781 2460 Zeitungen auf einen höheren Grad der Voll¬
1098 2449 1937 2494 aus den verzweifelnden Seelen der Väter,
1948 2446 2779 2502 kommenheit zu bringen und dergestalt zu
1098 2500 1931 2555 Mütter, Witwen, Bräute zu unerhört plasti¬
1952 2483 2794 2549 heben seien, daß einerseits im Geiste der
1089 2535 1928 2588 schem Leben erweckt. Die Technik dieses
1950 2537 2781 2598 Regierung gewirkt, anderseits das Bedürf¬
1093 2577 1932 2626 epischen Geschehens wiederholt sich regel¬
1949 2594 2787 2640 nis verschiedener Stände befriedigt werde.
1097 2630 1929 2690 mäßig: ein einzelner entfacht die Masse,
1943 2628 2794 2682 Selbst die Zensur Hofstelle hatte in der ersten
1094 2670 1924 2723 und dann erhebt sich ein wahrhafter Kreuzzug
1952 2673 2795 2723 Zeit des neunzehnten Jahrhunderts wieder¬
1092 2715 1929 2771 der Idee, ein dithyrambischer Hymnus und
1950 2715 2789 2762 holt darauf hingewiesen, daß die öffentliche
1097 2754 1927 2818 über die ganze Erde hallender Protest gegen
1946 2766 2786 2819 Meinung des Auslandes wie des Inlandes
1087 2810 1925 2870 das entsetzliche Geschehen des Krieges. Das
1949 2806 2777 2853 in bezug auf Staatsverwaltung, Kultur und
1091 2855 1927 2909 stolze Wort „Der Mensch ist gut“ — ein
1946 2850 2779 2903 Literatur der Monarchie immer zweideutiger
1090 2896 1917 2948 Trotzwort gegen die imperialistischen Macht¬
1950 2898 2789 2948 werde. Die Ausfälle in den ausländischen
1093 2927 1916 2997 haber aller Nationen — schwebt als Motto
1943 2931 2786 2997 Blättern brachten damals diese Behörde zu
1091 2986 1916 3051 unsichtbar über den fürchterlichen Ereignissen,
1941 2978 2781 3046 dem Entschlusse, selbst ein Organ zu gründen,
1096 3024 1922 3081 die zu erschütternd sind, um kalten Blutes
1950 3025 2786 3094 mitzder Aufgabe, nicht nur die Anschuldigungen
1084 3070 1924 3123 nacherzählt zu werden. Sie haben Tausende
1932 3072 2779 3124 zufentkräften, sondern auch die österreichischen
1096 3117 1909 3167 von Lesern aus der stumpfen Gleichgültig¬
1936 3118 2781 3174 Staatsangehörigen über die Staatseinrich¬
1086 3153 1915 3218 keit in eisigem Erschrecken emporgejagt und
1922 3151 2776 3217 ungen aufzuklären, die Vaterlandsliebe
1088 3198 1914 3265 werden ein dauerndes Dokument des großen
1936 3215 2781 3265 durch Vaterlandskunde zu fördern. Diesem
1095 3251 1893 3317 Weltunglücks sein. Dr. Max Pirker.
1939 3250 2773 3303 Grundsatze gemäß entstanden 1808 die
1943 3300 2783 3351 „Vaterländischen Blätter“ deren Redaktion
1078 3315 1920 3393 Eine literarische Gründung Metter¬
1933 3349 2783 3398 dem Hoffekretär Armbruster übertragen
1148 3369 1293 3431 nichs.
1942 3367 2785 3440 wurde, der schon als vorderösterreichischer
1177 3413 1913 3477 „Ich selbst“ — bemerkte einmal Fürst
1936 3428 2778 3486 Polizeibeamter befriedigende Proben seiner
1084 3463 1912 3519 Metternich — „habe wohl zwanzigmal ge¬
1939 3472 2775 3521 publizistischen Fähigkeit gegeben hatte. Nach
1085 3517 1912 3564 sagt: „Wäre ich nicht im Kabinett, sondern
1932 3516 2774 3562 Wien übersetzt, beiraute man ihn mit dem
1081 3553 1912 3618 ausgetreten aus dem Staatsdienste, so hätte
1943 3564 2773 3620 Referate über das Zeitungswesen und ver¬
1085 3599 1917 3675 ich mich wohl geeignet und auch Lust dazu
1927 3613 2777 3672 wendete ihn al: Korrefpondenten auswär¬
