3436 4320
524 176 1422 248 Casanovas Heimfahrt
288 165 1988 278 30  box 4/10
1376 644 2312 860 NAe
746 729 1062 904 Aa
1068 877 2735 1035 Neues vom Büchertisch#
1433 1053 2354 1141 Von Dr. Paul Weiglin
1085 1122 2748 1196 otttttttttttkrtttkkekkekkkkttttttkkikkkkettttkkett##1#1##11a#1111111
1078 1176 2743 1240 Arthur-Schnitzler: Casanovas Heimfahrt (S. Fischer, Berlin) — Peter Ber¬
1081 1222 2743 1283 gell: Die nke=Landgräfin (Mar Hesse, Berlin) — Ludwig Diehl: Wilphilde
1088 1257 1731 1303 (Strecker & Schröder, Stuttgart)
1732 1266 2743 1316 — Werner Jansen: Gudrun (Georg Westermann,
1082 1290 2753 1355 Braunschweig) — Peter Michel: Die Geschichte von der Butter (Albert Langen,
1134 1341 2704 1400 München) — Erich Marcks: Männer und Zeiten (Quelle & Meyer, Leipzig)
1619 1382 1804 1459 ANTRUETUTTN
1082 1402 2741 1505 GTechtRISEFErDLEEBREESSSSEHEHEEERERSEHSERSLSERDEGFETREA
1229 1478 1895 1537 Bancher Leser wird die neue Schnitz¬
1900 1476 2736 1540 Scheidens, und der Abschied ist es, der auch
1175 1502 1904 1573 AIlersche Novelle „Casanovas
1910 1526 2739 1585 den Vorwurf dieser Novelle bildet, freilich
1263 1561 1879 1607 )Heimfahrt mit einem Ge¬
1911 1570 2743 1613 nicht der Abschied von der Geliebten — wie
1268 1598 1890 1654 misch von Bewunderung und Wi¬
1900 1602 2745 1654 käme ein Mann wie Casanova dazu, eine
1065 1622 1900 1692 derwillen aus den Händen legen.
1906 1642 2661 1690 solche Alltäglichkeit ernst zu nehmen?
1067 1672 1899 1727 Es wird ihm gehen wie dem Geschichtsfor¬
1908 1670 2754 1744 sondern der Abschied vom Leben mit all
1066 1716 1899 1766 scher, der eigentlich immer noch nicht weiß,
1907 1717 2164 1779 seiner Fülle.
1070 1750 1894 1812 was für ein Mensch der venezianische Aben¬
1949 1743 2727 1817 Schnitzlers Casanova steht im dreiund¬
1075 1794 1890 1843 teurer gewesen ist. War er nur ein verwe¬
1906 1789 2743 1865 fünfzigsten Lebensjahr. Längst jagt ihn
1065 1835 1899 1881 gener Glücksritter und begabter Hochstapler?
1914 1845 2743 1892 nicht mehr die Abenteuerlust der Jugend,
1070 1870 1898 1928 Oder zählt er zu den ergreifenden Gestalten
1907 1882 2739 1929 sondern die Ruhelosigkeit nahenden Alters
1065 1914 1895 1963 der Ruhelosen, der Ewig=Unbefriedigten?
1913 1916 2736 1974 durch die Welt. Seit einem Vierteljahr¬
1066 1949 1899 2002 Darf er sich den Don Juan und Faust als
1898 1956 2746 2006 hundert, seit der berühmten Flucht aus den
1062 1979 1899 2040 verwandten Schlages gesellen oder ist er ein
1907 1994 2738 2046 Bleikammern, ist er aus seiner Vaterstadt
1063 2033 1896 2083 durchtriebener Erzschelm? Ist er mit seinen
1913 2034 2729 2074 verbannt, aber mit wachsender Inbrunst
1099 2066 1897 2112 Vorzügen und Lastern der Ausdruck eines
1906 2073 2742 2121 sehnt er sich nach der Heimfahrt und wartet
1096 2106 1899 2149 unendlich reichen, aber innerlich verfaulten
1904 2112 2730 2159 ungeduldig in Mantua den Bescheid auf eine
1142 2143 1893 2190 hrhunderts, oder wandelt er bloß als
1903 2149 2735 2205 erneute Eingabe an den Rat von Venedig
1081 2182 1895 2237 eine sonderbare Mißgeburt über die Bühne
1896 2203 2744 2243 ab. Er ist ein herabgekommener Schlucker
1062 2223 1897 2280 seiner Zeit? Die vielbändigen Erinnerungen
1901 2234 2746 2287 geworden, der von Almosen oder vom Glücks¬
1075 2262 1886 2304 Casanovas geben auf diese Fragen keine un¬
1897 2265 2737 2317 spiel lebt und dem es wie ein höchstes Glück
1056 2295 1892 2350 zweideutige Antwort. Sie sind berüchtigt
1913 2309 2737 2365 erscheint, in der Vaterstadt „als der geringste
1067 2327 1895 2385 als lasterhaft und erschrecken in der Tat
1903 2338 2740 2398 ihrer Bürger, als ein Schreiber als ein
1067 2375 1891 2426 durch die völlig ungeistige Art, mit der der
1907 2369 2722 2433 Bettler, als ein Nichts — sein einst so pran¬
1066 2410 1890 2473 gealterte Verfasser die unabsehbare Reihe
1905 2424 2723 2461 gendes Dasein zu beschließen“. Der Lebens¬
1061 2445 1880 2503 seiner Liebesgeschichten überblickt. Und den¬
1894 2457 2731 2516 künstler von ehedem ist ein Grillenfänger
1062 2491 1892 2547 noch stehlen sich in die Erzählung, welche
1902 2491 2731 2552 geworden, der ein paar Liebeshändel ohne
1073 2534 1893 2579 auf lange Strecken wirkt, als habe sie ein
1896 2531 2735 2594 Vergnügen und nur nach alter Gewohnheit
1063 2577 1884 2625 Prahlhans in der Kunst der Liebe oder viel¬
1890 2575 2727 2632 betreibt und dem die Welt sinnlos und wider¬
1067 2612 1895 2666 mehr der Lust geschrieben, andere Töne, die
1897 2611 2721 2669 wärtig erscheint. Da kreuzt Herr Olivo sei¬
1058 2641 1899 2709 uns aufhorchen lassen, wenn wir der Bett¬
1904 2657 2728 2715 nen Weg, ein alter Bekannter, dessen Glück
1066 2690 1892 2733 abenteuer des Helden müde werden. Es
1900 2693 2730 2760 er vor sechzehn Jahren begründet hat. in¬
1061 2726 1887 2770 sind Töne unbändiger Lebensfreude und
1902 2725 2724 2779 dem er der Schwiegermutter des guten
1058 2765 1890 2812 verhaltener Schwermut, vor allem aber einer
1896 2771 2731 2828 Mannes, nachdem er sie und ihre Tochter
1064 2801 1162 2849 oft
1153 2809 1889 2859 großartig wirkenden Unbefangenheit.
1893 2812 2727 2864 sehr genau und doch nur flüchtig kennen ge¬
1052 2848 1886 2905 Und diese Töne hat Arthur Schnitzler ver¬
1897 2845 2731 2906 lernt, hundertfünfzig Goldstücke zur Aus¬
1053 2885 1786 2931 nommen, als er seine Novelle schrieb.
1893 2881 2732 2946 steuer des jungen Paares spendete. Er folgt
1108 2905 1888 2969 Anderes, Wienerisches, Schnitzlersches kam
1900 2930 2718 2972 der freundlichen Einladung Olivos auf sein
1054 2964 1891 3012 hinzu, um diesen Eindruck zu vertiefen. Man
1892 2961 2726 3005 Landgut, um sich dort einige Tage des War¬
1060 2998 1884 3052 hat in einem Gassenhauer die Stimmung
1899 3008 2729 3058 tens zu verkürzen. Amalie, Olivos Gattin,
1062 3032 1884 3088 der Donaustadt ausgedrückt gefunden: „Es
1903 3042 2731 3089 empfängt ihn mit den zärtlichsten Gefühlen,
1056 3071 1880 3131 wird schöne Madeln geben, und wir werden
1896 3086 2726 3140 aber er achtet ihrer nicht, denn schon der
1056 3113 1888 3165 nimmer leben.“ In diesen platten Worten
1893 3121 2727 3185 Name Marcolinas, einer Nichte Olivos, er¬
1070 3156 1885 3209 finden sich Daseinslust und Abschiedsweh zu
1901 3160 2714 3213 füllt seine Einbildung mit heißen Wünschen,
1055 3187 1885 3245 einem gefühlsseligen Einklang, und dieser¬
1896 3202 2725 3256 und als er das zierliche Mädchen sieht, packt
1054 3233 1880 3284 Einklang beherrscht weithin auch das Schnitz¬
1895 3235 2712 3288 ihn die fieberhafte Sehnsucht, es zu besitzen.
1049 3273 1885 3332 lersche Schaffen. Die Lust ist angekränkelt
1887 3277 2713 3339 Der stürmische Sieger in unzähligen Liebes¬
1066 3299 1877 3362 von Todesfurcht, versüßt von Todessehnsucht.
1893 3314 2732 3372 schlachten stößt auf Widerstand. Marcolina
1052 3345 1887 3396 Der Dichter liebt die weichen Spätsommer¬
1885 3360 2724 3408 pflegt eine so wenig weibliche Liebhaberei
1051 3382 1884 3441 abende, in deren laue Luft ab und zu be¬
1890 3393 2719 3448 wie höhere Mathematik, und als ihr Herr
1062 3423 1888 3485 reits die Schauer des kommenden Heröstes
1890 3435 2721 3497 Casanova, Chevalier von Seingalt, vorge¬
1061 3455 1889 3510 stoßen. Schildernswerter als die truntene
1895 3466 2717 3525 stellt wird, lächelt sie nicht anders, als wenn
1060 3503 1889 3556 Wonne des Sichfindens zweier Liebenden
1889 3511 2722 3569 man ihr irgendeinen gleichgültigen Namen
1055 3551 2719 3616 erscheint ihm die schmerzliche Wollust des genannt hätte, in dem kein Klang von Aben¬
