3484 4256
252 148 335 209 90
240 202 341 261 90
260 302 340 356 91
238 441 337 500 91
244 677 329 734 91
237 725 328 778 92
252 768 336 830 92
239 860 340 913 92
240 904 335 959 92
252 945 334 1005 92
255 997 336 1057 92
245 1040 338 1093 92
246 1080 343 1142 92
247 1136 337 1192 92
243 1176 341 1260 92
183 1276 338 1356 95, 96
246 1337 343 1406 96
209 1387 348 1447 96
183 1446 333 1538 nrs.
204 1519 324 1565 PAGT
207 1543 285 1590 „
247 1552 299 1603 81
244 1597 297 1653 84
248 1642 330 1676 89
259 1670 325 1723 82
182 1679 260 1737 Pons
255 1707 332 1754 90
197 1731 334 1782 . 91
183 2178 285 2244 red
185 2401 308 2484 14
176 2567 329 2646 ch and
182 2641 324 2694 Adver¬
175 2680 334 2731 Supple¬
177 2718 296 2770 0.4.
180 2804 341 2870 ncele¬
179 2860 333 2913 Pery by
190 2892 335 2950 Coun¬
177 2930 343 2985 oration
191 3017 328 3068 which
189 3046 341 3121 peared
186 3097 332 3145 udos);
175 3136 342 3189 Fluding
182 3177 343 3228 immer.
190 3210 341 3268 Sto da
201 3252 336 3304 have
209 3291 334 3351 coni-
195 3325 331 3389 tIg ex¬
191 3368 344 3427 S and
183 3407 343 3458 indus¬
189 3448 342 3503 distin-
192 3490 341 3537 refer-
186 3527 345 3576 Recent
189 3562 342 3621 of the
179 3644 343 3696 ere, in
185 3686 343 3752 ie part
361 66 1235 123 past the siummer-palaces of the Venetian
359 87 1246 159 nöbilitg that lined the reed-fringed banks
347 137 1230 203 of the Brenta. To have put out to sea to
357 187 1235 254 scek a city, to be passing as in dream throngh
365 238 1241 300 streets of water that wasled against marble,
357 286 1242 333 to know that this was by common consent
357 329 1237 382 the new Sybaris of Europe“ where night
355 373 1235 446 was as day and thie domino ruled for Six
349 417 1234 484 months out of the twelve, was to feel alreadj¬
358 466 1230 531 that revolution of values, that thrill of dis¬
347 513 1239 573 guise which makes the quintessence of
352 549 576 623 Carnival.
402 573 1237 664 The whole antique facade of the Venctian
354 645 1241 712 State as it had stood in the days of the
347 692 1230 754 Republic’s vigour and glory was still dis¬
348 745 1240 807 played to the eyes of the curions visitor.
347 783 1241 851 Even the quizzical glance of Goethe, as late
356 827 1234 889 as 1786, lost a listle of its sharpness when he
352 877 1230 936 saw the Doge and his train disembark from
352 922 1233 978 their barges of State for the High Mass at
388 968 637 1024 St. Justina.
446 977 1239 1065 First the full violet dresses of the Savii sthe
414 1033 1232 1096 Sages entrusted with the ministerial port¬
401 1087 1239 1145 folios], next the ample red robes ofthe Senator¬
402 1125 1231 1186 are unfolded upon the pavement, and lastly
408 1169 1239 1219 when the old Doge, adorned with his golden
415 1204 1246 1264 Phrygian cap. in his long golden fular and bis
414 1250 1237 1292 ermine cloak, steps out of the vessel—when all
414 1284 1234 1340 this, I say, takes place in a little square before
404 1321 1233 1384 the portal of a church, one feels as if one were
416 1358 1240 1423 looking at an old worked tapesiry, cxccedingly
424 1402 962 1466 well designed and coloured.
356 1432 1241 1509 In these shoes and robes had stepped the
357 1491 1244 1555 men under whose rule the Republic had
350 1538 1230 1605 planted the Lion on the cities of Dalmatia,
350 1592 1230 1653 dug its claws into the terra Mrma of the Piave
348 1624 1239 1702 and Adige provinces, filled the Adriatie and
356 1674 1232 1745 the Mediterranean with its comnnerce, sent
349 1728 1231 1786 the long lines of its caravans far into Asin,
358 1762 1240 1838 sacked Constantinople to wrest from its own
353 1825 1244 1876 suzerain, the Roman Emperor, a quarter of
361 1859 1237 1920 his domain, and stood growling at bay in the
353 1907 1237 1979 end before infuriated Europe leagued against
353 1960 1233 2014 it at Cambray. The Lion’s wings were
350 1994 1232 2057 clipped now, and other policies prevailed.
366 2052 1243 2107 * To encourage idleness and luxury in the
351 2092 1240 2162 nobility, says Addlison agrecably,
356 2140 1238 2193 cherish ignorance and licentiousness in the
363 2193 1239 2240 clergy, to keep alive a continual faction in
364 2230 1229 2278 the common people to breed dissen¬
364 2277 1234 2348 sions among the nobles of the Terra Firma,?'
355 2318 1236 2372 such are become#the refined parts of
365 2368 1244 2429 Venetian wisdom. The Doge might still
353 2407 1232 2475 be clothed in the mystie dignitg that made
354 2451 1239 2516 him, as it were, both Prince and Pontiff—.
354 2506 1239 2559 in both völes the audacious double of the
356 2537 1239 2616 Emperor at Byzantium. He might still, go
346 2599 1231 2655 forth on Ascension Day in the gilt and
364 2644 1233 2704 carpeted Bucentaur (if the weather forecast
351 2683 1229 2751 made it safe) to wed his Adriatie bride:
363 2735 1223 2797 Desponsamus te, mare, in siqnum veri per¬
350 2773 1244 2837 petuique dominit. He might still be attended
350 2824 1244 2891 with canopy and lights, let loose the flight of
351 2873 1236 2922 dloves on Palm Sunday from his balcony, and,
352 2914 1232 2988 like the Pope, wash the feet of twelve poor
345 2966 1227 3015 fishermen. What lag beneath the sumptuons
351 3009 1230 3073 pageantry? Himself the mere instrument of
349 3065 1238 3117 the Ducal Councillors set to guard him, he
417 3136 1234 3183 *MEMOIRES DE JACoUES CASANoVA. (Tome
349 3148 1075 3211 Premier. Paris; Editions de la Sirene.)
394 3182 1234 3259 Tnx MzmolRs or JacoUEs CASANovA. (Two
367 3244 1100 3287 volumes. Navarre Society. 63 38. net)
401 3270 1238 3322 CASANovA, ADvENTURER ANn Loven. By
353 3281 1233 3375 JosEPH LE GRAs. Translated bg FRAxeis SrEUakr.
352 3352 861 3394 (John Lane. 128. 6d. net.)
392 3357 1232 3417 CASANovA’s Honzcostisd. By Anrntn Schyirz¬
342 3383 1245 3459 Gen. Translated by Enzs and CEnan Paen.
348 3446 825 3513 TBrentano. 78. 6d. net.)
396 3484 1233 3538 FovR ComEplEs. By CakLo GoLpost. Edited by
351 3524 1126 3565 Ciarrokn Bax. (Cecil Pahner 258. uct.)
393 3555 1231 3600 Tne Lian. Bv Canno Gorpost. Translated by
354 3583 802 3654 Gkack Lovar FHAsER.
795 3594 1245 3650 (Selwen and Blonnt.
363 3626 607 3673 78. 6d. net.)
402 3634 1003 3704 Tax Goop-Hrnorken Labiks.
1006 3627 1240 3705 By CARLo
350 3686 1256 3764 GoLboNf. Translated by Rienanb AubISGToN.
353 3723 878 3789 (Beaumont Press. 25s. uct.)
1263 54 2148 121 S   Pehe  e 80
2172 46 3046 123 n e ee en  e e
1263 95 2139 166 lose a prized position. In the Collegio the
2167 109 3057 171 Splendlonr of wag e#lles, beflore tie gorgeols
1258 136 2136 208 Sages debate administration. The Arng.
2150 135 3047 203 booth of the celebrated Dr. Vitall, healer
1261 194 2139 257 with an Austrian martinet in command,
2159 197 3060 244 of all ills, Brighella and Pautaloon perform
1261 227 2137 303 mnakes a better show of uniforins thian of
2154 244 3050 309 their lusst. Women, closked and veiled in
1253 286 2138 333 weapons. Suits of armour, old swordis,
2159 283 3044 352 black lace, flit be with mannish three¬
1262 325 2142 391 obsolete firelocks, eneumber the arsenals;
2166 329 3053 381 cornered hats cockedl higir on their powdered
1249 371 2138 421 but at least the Republic has the secret of
2161 371 3057 447 curls; an Abste of suspiciouslg' trim and
1254 414 2139 483 an imperishable biscuit, a specimen of
2165 423 3044 486 girlish figure steals throughi the shades
1254 469 2144 512 which, dating from 1669, was dug up intact
2158 459 3041 541 of the ercadleit is all a bewilderment !
2156 506 2688 575 Stuprises and deceptions.
1247 504 2138 574 in 1821. Nothing could be more resplendent
1258 560 2132 610 than the Admirals, in their full-bottomed
2196 549 3048 618 Is it possible, moreover, to say wiiere tlie
1251 605 2140 663 wigs, long trains, laced coats and velvet
2162 597 3054 668 farces of Carnivel begin or end? In the
1260 642 2131 701 breeches; but at the great arsenal, a French
2160 661 3052 720 penurions magnificence of great patrician
1258 701 2139 748 traveller notes, the shipwrights amuse thein¬
2160 695 3043 761 houses a slice of water-melon is offered on
1253 745 2020 803 selves nearly all day without working.
2162 742 3052 808 silver in a salon of stucco Cupiels, and tho
1293 785 2133 854 Butmen, whetherthey work or play, mnust be
2156 785 3039 849 guests go home, as de Brosses ungracionslg
2148 829 3051 890 grumbles, la kéte lihre et lerentre creue. While
1247 836 2132 892 governed; and, as in past centuries, the real
1255 877 2144 935 power over Venice was wielded still by those
2160 874 3042 931 the courtesen (as the seme experimenter
1256 920 2139 980 formidable appendlices to the Constitution,
2155 919 3051 982 unplessently discovered) freezes presump¬
1258 972 2138 1027 the Ten and the Three. he Conneil of Ten,
2155 975 3047 1024 tion with the digeitg of a princess, thie
2155 1005 3044 1075 petricien lady may be only too complaisant.
1257 1007 2140 1061 originallg appointed after the great Tiepoline
2148 1059 3044 1127 For an elegant recention or an intimate
1255 1063 2142 1119 conspiracy of the fourteenth century to
2156 1104 3050 1163 little ball one seeks e convent-parlour,
1260 1105 2136 1161 watch over the safety of the State, now
1261 1146 2139 1211 wrestled in secret with an infinitg of affairs;
2147 1141 3054 1207 where the nuns with their petite coiffure
1258 1201 2134 1253 with the problem of preserving a perfect
2162 1205 3038 1262 charante prove the wittiest of hostesses.
2152 1241 3053 1305 Since the churches sciorn their façades with
1259 1240 2130 1305 neutrality, with the riddle of reviving by
2156 1296 3059 1350 baroque ballets of cherubs and martyrs
1252 1293 2137 1346 alternate doses of protection and freedom
2152 1319 3050 1374 and embellish their Vespers with operstie
1259 1330 2128 1382 a moribund trade that nothing coulel save
1261 1378 2130 1443 after thie fatal discovery of the Cape route;
2153 1386 3049 1441 melodies, it is but fair that the theatres
2158 1421 3054 1497 should take tlie names of Saints—and a
1258 1423 2131 1492 and then (by way of relief), with the pro¬
2157 1457 3056 1538 compliment also to the elergy who write
1257 1470 2139 1537 priety of allowing only black gondolas as a
2163 1508 3051 1577 the cornedics. Even here, thougli prepared
1253 1515 2136 1569 check on extravagance; with the diameter
2156 1550 3054 1619 for fentesy, the newcomer was apt to be a
1249 1559 2134 1633 of skirts; or with the drafting of a decrce
2161 1609 3055 1661 trifle disconcerted. Goethie records that
1257 1615 2142 1671 of expulsion against a certain actress who
2157 1653 3042 1717 he“came homne leughing from # tregedy,?
1257 1652 2130 1719 was responsible for the foreign ambassadors
2160 1701 3047 1763 and it must have been mildly surprising to
1258 1690 2134 1760 wasting too much of their time. Even
2156 1743 3057 1812 sce Cortolanus as e ballet. Tiie classical
1248 1747 2142 1810 more industrious, emblazoned with an even
2152 1795 3057 1861 tregie theines hadl sprouted the lignt wings
1258 1783 2143 1848 mere Hlambovant secrecy, were the labours
2152 1841 3057 1896 of opera, with curious results. Addlison
1258 1837 2131 1900 of the Three Inquisitors of State. In the
2154 1881 3053 1943 took deep umbrage whien esked to“ hear
1257 1889 2130 1936 Palace, beneath the leads where their prisoners
2154 1940 3057 1996 one of the rough old Romens squeaking
1250 1935 2131 1993 were lodged, they sat, the Red Councillor
2149 1976 3047 2035 through the mouth“ of a castrato. But in
1248 1978 2138 2036 between the two Blacks, and considered in an
2156 2026 3048 2087 fact the audience were inclined to intervene
1259 2036 2144 2090 atmosphere of close mystery how to stop the
2158 2064 3055 2128 if anything too gloom“, such as a parricidle,
1245 2074 2136 2120 abominable language of the boatnien; what
2165 2127 3053 2173 were put before them; nor could one feel
1253 2116 2122 2175 action to take on the report of“ our familiar,
2164 2159 3060 2225 sure that at the most desperate junctures
1254 2162 2134 2220 the Abate A. P., that a philosophie dictionary
2152 2211 3048 2270 the sooty vizards of the four secrosanet
1255 2205 2140 2272 in French was on sale in a bookshop near
2155 2243 3053 2319 buffoons of Venice, Brighella, Herlequin,
1249 2253 2136 2316 San Samele; whiether or not Signor Piero
2148 2298 3051 2361 Pantaloon and the Doctor, would not
1259 2302 2141 2359 Antonio Gratarol, Secretary to the Senate,
2157 2341 2668 2394 protrude upon the scene.
1254 2348 2135 2400 had been lampooned in Connt Carlo Gozzi's
2198 2388 3043 2449 There is no clue to the spirit of this civiliza¬
1248 2400 2135 2458 comedy 1I Droghe d’Amore; and, if so,
2161 2435 3054 2493 tion like that supplied by these venerable
1251 2433 2136 2507 whether, in view of the affection felt for the
2165 2472 3054 2526 types of mirth. The Venetian clowns with
1254 2475 2127 2532 playwright by Signora Catarina Dolfin¬
2159 2519 3053 2582 their fellow-gossips from the South pierce
1258 2531 2138 2580 Tron, the wife of the Procuratore di San
2162 2566 3056 2620 again and again through that vision of
1245 2563 2136 2637 Marco, it mighit not be wisest to let that
2164 2619 3058 2679 eighteenth-century Venice for the enjoyment
1248 2614 2142 2685 hothead Gratarol do something foolish that
2165 2667 3055 2722 of which Italy owes so much to Molmente,
1248 2667 2137 2732 would allow the Tribunal to proceed against
2155 2710 3049 2760 France to Philippe Monnier, and England to
1252 2706 2139 2767 him rather than the other. Laws became a
2157 2752 3060 2813 Vernon Lee. We meet them in ever fresh
1249 2759 2143 2811 mockery if they could be broken without
2170 2806 3048 2860 disguises among the characters of history,
1253 2804 2147 2858 somebody being punnished. In the good old
2156 2849 3050 2905 and notably in the three salient figures of tho
1257 2842 2144 2902 days there had been less roundabout methods
2165 2894 3044 2948 epoch, Casanova, Goldoni and Carlo Gozzi.
1258 2893 2138 2957 for the disposal of nuisances; indeed one
2157 2950 3053 3000 If we unmask Casanova it is surelz' Puleinella
1251 2943 2138 2997 understood that still in that cupboard up¬
2159 2986 3050 3045 who stands betrayed." Le nez d’aigle
1554 2977 2145 3049 but no one knew the righit
2160 3021 3056 3093 accentué, un vrai nez de rapace indiquant
1771 3027 2143 3097 there should be
1250 3008 1738 3095 dose any longer
2161 3075 3044 3126 des instinets de chasse, de rapt, et de pour¬
1259 3078 2137 3135 a minute, though, somewhere in the files.
2163 3117 3050 3175 suite de la proie''’the description of which
1248 3133 2133 3183 One had last made an attempt of the kind
2168 3171 3055 3215 this phrase is a part is, perhaps, the best thing
1258 3163 2136 3224 in 1767 when that man was giving so much
2160 3210 3042 3276 in M. Octave Uzanne’s rather turgid introdue¬
1255 3217 2145 3268 trouble in the Balkans. From the doors
2168 3258 3053 3321 tion to the first volume in the splendid Sirène
1256 3252 2130 3329 that closed in these dread deliberations
2161 3307 3048 3372 edition of the" Mémoires.* Although the
1258 3311 2134 3362 there flapped forth to execute the decrees
2160 3357 3056 3422 publishers have been precluded from issuing
1243 3346 2135 3409 the funereal silhouette of the Captain of the
2162 3400 3049 3461 an integral text?' from the original manu¬
1257 3400 2142 3462 Archers, Cristofolo Cristofoli—that terrible
2153 3437 3047 3506 script in the keeping of the Brockhaus family'
1250 3442 2146 3522 Messer Grande, the shadow of whose hooked
2158 3496 3052 3560 of Leipzig (a deprivation to which we easile
1253 3499 2135 3561 nose and sable cloak was enough to quell a
2155 3532 3051 3594 reconcile ourselves), they have carefully
1246 3535 2144 3604 riot on the Piazza, and to set the whole
2149 3584 3049 3625 collated the standard French version of
1257 3589 2144 3645 brotherhood of rogues, quacks and masons
1267 3629 1488 3696 shivering.
2154 3616 3061 3688 Laforgue (1826-1838) and the German edition
2168 3670 3055 3723 of von Schutz (1822 1428), with any later
1288 3655 2148 3728 The hundred eyes of Messer Grande,
1257 3726 3069 3786 the gliding police-gondola of his allies, the] versions of importance. Admirable orint and
