3436 4320
248 171 438 255 30
473 168 1353 242 Casanovas Heimfahrt.
1529 169 1938 261 box 4/10
609 423 1343 511 ADOLE SCHUSTERMANN
425 499 1497 578 ZEITUNGS-AUSSCHNITTE
638 592 1291 639 Größtes deutsches Zeitungs-Ausschnitt-Büro
630 624 1316 694 Berlin SO 16, Rungellr. 22/24
1205 687 1413 754 Minstnshnmhmnnenbmimn
472 702 1461 786 Spinntuttestutnnemnenhtnunumemanenmnennmnmnmnunmmemunennlbusenennsctensenctesnslufte
841 785 1396 1035 würtg
602 933 1137 1037 A
761 1020 1152 1073 Berliner Volksblatt
513 1066 1402 1117 Zentralorgan der Sozialdemokratischen Partei Deutschlands
501 1105 1083 1205 Ausichnit u GR 6. OKI K.
991 1158 1404 1214 Ausgabe Nr. ###
828 1171 995 1235 Abend¬
442 1223 1441 1304 svomm
347 1299 1529 1344 SAmerika, du hast es besser #Ein übereifriger Zensor in den
329 1325 1521 1394 Freinigten Staaten, John S. Eiimmer, hat sich diesen Sommer
304 1369 1525 1410 #adurch blamiert, daß er gen Verleger von angeblich unsittlichen
305 1405 1532 1457 Büchern eine Sttafver#ung einleitete. Zwei von ihm bemühte
303 1443 1530 1504 Richter,m# sdn und Oberwager haben ihn mit seinen Ver¬
575 1484 1521 1539 „Das Tagebuch eines jungen Mädchens“, „Casa¬
299 1492 537 1545 folgungen g
305 1525 1495 1578 novas Heimkehr“ (von Arthur Schnitzler), „Wenn Frauen lieben ...“
1023 1565 1526 1611 N#tronius) abfahren lassen.
305 1565 940 1621 und die „Abenteu
305 1601 1530 1645 Aber ein noch empfindlicherer Denkzettel ist ihm zuteil geworden:
310 1640 1530 1689 er ist zu 2500 Dollar Schadensersatz an die Verlagsfirma Me Devitt
303 1675 1520 1726 und Wilsons verurteilt worden, weil er im Eifer der Verfolgung sich
283 1714 1527 1766 despektierlich über ein von ihnen verlegtes Werk geäußert hatte, und
301 1748 1531 1801 brei ähnliche Klagen gegen ihn, z. T. um noch größere Summen,
295 1783 1530 1834 Schweben noch. Auch daß er einer „Gesellschaft zur Unterdrückung des
307 1833 1523 1891 Lasters“ als Vorsitzender angehört, hat ihn nicht gerettet. — Wie wäre
305 1857 1526 1909 e, wenn wir hier von dem wegen seiner Prüderie in Deutschland so
308 1902 1537 1953 verschrienen Amerika lernen wollten? Die Geistesfreiheit in der
301 1936 1204 1993 deutschen Republik könnte dadurch nur gewinnen.
664 2326 1891 2408 Please accept our thanks for the copy
464 2432 1370 2519 of your recent publication.
870 2536 1925 2647 THE EVENING NEWS PUBLISHING CO.
964 2609 1420 2667 Completing Casanova.
791 2662 1623 2725 Casanova, an eighteenth centurg diplomat
765 2697 1621 2766 and adventurer, has found more admirers in
769 2751 1620 2823 France and Germanz' than in England er
766 2787 1619 2874 Amertea for his unedifying if thoroughig
772 2854 1612 2907 sprightly career. His memoirs exhiblt a
764 2897 1613 2967 man of great ingenuity and little con¬
765 2956 1612 3016 sclence, a Don Juan in real life whose ad¬
756 2996 1621 3053 ventures, reall or cxaggerated, serve to make
753 3043 1620 3104 his acconnt of his own fife a book to place
755 3073 1614 3144 alongside Benvenuto Cellini or Pepgs or our
744 3106 1445 3175 own Judge Sewall of Puritan days.
778 3151 1613 3214 Now Arthur Schnitzier, the fanions Aus¬
751 3192 1627 3253 trian dramatist, has turned aside from bis
740 3232 1609 3272 chosen form of writing, and in a novel called
753 3272 1607 3326 Casanova’s Homecoming“ (Thomas Seltzer,
749 3322 1607 3371 has told what he thinks might have been
750 3355 1608 3410 some #' dking closing episodes of the Italian
750 3400 1601 3451 adventurer’s cärcer, In effect he has written
738 3435 1612 3490 aneighteenth centurg equivalent of Herges¬
748 3473 1611 3513 heimer’s“Cytherea''the amours of a man
745 3498 1615 3573 scho is well on in Fears. Casanova has evon
736 3542 1608 3614 less seruples than Hiergeshemier’s hero, and
740 3605 1604 3652 some of the episodes in this narrative are
743 3632 1598 3680 far from elerating. As a piecc of writing.
746 3674 1605 3726 however, it wins high admiration, and
739 3712 1605 3753 Schnitzler has given a remarkable pieture of
742 3749 1604 3811 a thoroughig unmoral but quite amusirg
735 3789 1601 3849 society. His book is meant perhaps for those
738 3827 1593 3883 readers whorwill not Imägine that he in¬
732 3874 1596 3927 dorses his hero ang more than Thackerag
729 3892 1599 3970 approves of his Barry Lyndon, For such
733 3954 1600 4019 readers “Casanova’s Homecoming“ ought to
734 3974 1401 4048 prove a book worth remembering.
2530 241 2712 317 From
2538 282 3168 391 posr. PE01 #o.
2582 366 2871 450 Chicago, III.
2617 581 3071 689 Schnitzler
2493 712 2599 795 Cas
3075 839 3204 903 rthur
3117 892 3204 937 and
3157 947 3209 1024 n.
2695 3885 2730 3922 3e
2540 3884 2621 3954 1a0
2896 3887 3203 3959 but had leisure
2467 3933 3192 3992 and patience to devote himself seri¬
2484 3980 3207 4027 ously to the work of the pen, he was
2479 4006 3203 4058 coniident he could have ranked with
2481 4048 3199 4082 the leading members of the profes¬
2484 4083 3192 4132 sion of authorship, with the greatest
2484 4115 3189 4146 Imaginative writers and philosophers.
3078 4148 3182 4180 ssure
2555 4149 3007 4178 was as sure ofthis as lie
