3484 4320
308 223 490 308 30
543 219 1433 293 asanovas Heinfahrt
1563 227 2007 315 box 4/10
493 234 1427 335 CE     Maan
2083 860 2296 972 „XVII. 1
1692 920 2464 1029 Deutsche Rundschau, Berlin
948 1065 2498 1163 Noch während des Krieges nahm sich Arthur Schnitzler die Fxeiheit, eine
875 1137 2491 1217 Novelle, „Casanovas Heimfahrt“!), hekäulszugeben, womit wohl gesagt sein
870 1196 2504 1246 sollte, daß der alte Glücksritter und Frauenjäger vermittelst seiner unerschütterlichen
883 1245 2497 1291 Tatsächlichkeit imstande war, einen würdigen Leser schweren Stunden des Leids
872 1286 2492 1358 und der Sorge zu entrücken. Wenn dieses Geschenk also einen freimütigen Dank
866 1328 2494 1392 bedeutet, so haben wir zugleich eine Opfergabe von edler Bildung empfangen, ein
857 1383 2492 1446 überaus wohlgeratenes Stück deutscher Prosa, das in haltbarster Form zu dauern
866 1427 2503 1493 verspricht. Die vornehme Kunstform der Novelle war uns ja wie manche andere
866 1473 2501 1530 Aberlieferung verloren gegangen; der Naturalismus hatte sie zur bloßen Beobachtung
862 1526 2491 1585 plattgetreten, der Impressionismus sie in psychologische Pünktchen aufgelöst, und
858 1573 2499 1628 der Expressionismus, der überhaupt nicht erzählen kann, machte aus den Scherben
869 1618 2490 1683 ein bizarres Gefäß für seine brunsterregenden Rauschgetränke. Schnitzler stellt
867 1665 2494 1726 Maß und Rhythmus der ebenmäßig fortschreitenden Erzählung wieder her, ohne
872 1706 2478 1762 wie andere Erneuerer die Muster der Kleist. Tieck, Cervantes um eine chronik¬
860 1756 2490 1823 artige Simplizität zu beleihen, die wir einmal verloren haben, und so braucht er
861 1812 2500 1879 auch nicht die Mitwirkung der psychologischen Analyse zu verhehlen, die wir
867 1854 2009 1905 Modernen zu keiner Rechenschaft mehr entbehren können.
959 1877 2495 1950 Mit einer zwanglosen, auch gegen Casanova selbst behaupteten Freiheit und
859 1945 2494 2002 Eigenart, mit einer edlen Geläufigkeit des Satzes, die in gesunder Atemverteilung
854 1996 2474 2054 zum lauten Lesen förmlich auffordert, wird uns das letzte dem alternden Glücks¬
858 2034 2485 2106 ritter geschenkte Abenteuer erzählt. Wie der umhergetriebene und gerupfte Nach¬
868 2083 2495 2152 fahre des eigenen Nuhmes auf der demütigenden Heimkehr in die Vaterstadt ein
863 2136 2488 2185 junges Mädchen kennen lernt, das von seinem Zauber nichts mehr weiß; wie er
857 2178 2496 2226 die schöne und kluge Marcolina in einem unwürdigen Handel ihrem Geliebten
869 2214 2481 2282 abkauft, wie er den glücklichen Rivalen tötet und den Toten doch sehnsüchtig be¬
858 2276 2480 2334 wundert als das, was er selbst gewesen ist, als die unverschämt siegesgewisse,
858 2326 2485 2385 frech überzeugende Jugend. Wer aber die Novelle richtig liest, der wird nicht
859 2373 2489 2429 nur von einem romantischen Abenteuer Ker# is nehmen, das der große Frauen¬
867 2414 2498 2474 jäger zur Bereicherung seines Kontos gewin nicht braucht, sondern es wird ihn
868 2467 2492 2514 vor allem die Tragik des alternden Mannes anrühren, der seine Rolle sich selbst
865 2505 2489 2563 nachspielen muß. Dieser Casanova könnte schließlich ein Mime, ein Künstler, ein
862 2557 2529 2628 Doet sein; denn er wird alles, was Abrüstung, Abstieg, Abschied bedeutet und
859 2591 2508 2673 die traurige Heimfahrt nach jenem dunklen Tor, vor dem die Zypressen stehen.)
851 2644 2482 2697 So sagt diese Geschichte, obgleich vor jeder Verallgemeinerung gehütet, mehr als
865 2698 2488 2758 in ihr gesagt wird; sie wächst in der Empfängnis des Lesers über sich selsst
860 2744 2486 2802 hinaus, und ihre reine kunstmäßig gebundene Form schmückt sich mit dem mglan¬
865 2794 2479 2869 cholisch edlen Schein der Dinge, die in der eigenen Schönheit zu ruhen bestimm sind.
1977 2851 2447 2940 Arthur Elogsser.
957 2927 1508 3029 1) Berlin, S. Fischer. 1919.
855 3163 1001 3266 152
