3436 4320
486 227 909 287 Casanovas
920 218 1359 290 Heinfahrt
1516 222 1958 319 box 4/10
272 222 1395 336 30 Cundl e un en    n . 1
2288 913 2369 991 69
845 915 1588 1024 Edgar Steiger: Aus unserer Bücherei.
928 990 2367 1084 Je nach der Neigung einzelner an leitender Stelle Stehender oder über größere
854 1055 2370 1129 Geldmittel Verfügender ist hier dieser, dort jener Zweig der Fürsorge mehr ge¬
864 1100 2389 1183 pflegt worden, hier findet sich eine Säuglingsfürsorge, dort eine Tuberkulosefür¬
854 1153 2392 1230 sorge, hier ist sie kommunal, dort privat, endlich findet sie mancherorts nur in all¬
870 1207 1533 1290 gemeinen Umrissen öffentlich statt.
935 1230 2370 1305 Es ist dringend an der Zeit, zusammenzufassen, wohlverstanden zusammenzu¬
875 1273 2386 1352 fassen, nicht zu verschmelzen ohne weiteres, wir wollen die so segensreiche private
870 1318 2384 1399 Wohlfahrtspflege nicht ersticken, und dazu ist nokwendig die Schaffung von Wohl¬
863 1369 2379 1442 fahrtsämtern für jeden Kreis, die neben der wirtschaftlichen Seite auf der gesund¬
878 1407 2388 1486 heitlichen alle Zweige der Fürsorge erfassen, Säuglings- und Kleinkinderfürsorge,
875 1443 2399 1531 Schulkinderfürsorge, Tuberkulosefürsorge, Fürsorge für Geschlechtskranke, Fürsorge
878 1494 2390 1582 für Alkoholkranke, Fürsorge für Kriegsbeschädigte. Diese Wohlfahrtsämter sind
880 1543 2402 1625 mit Beratungsstellen und Untersuchungsanstalten zu verbinden, dann wird sich die
871 1585 2393 1674 Forderung Pachs in der Neuen Zeit, Nr. 19, 9. August 1918, nach einer Neuorien¬
882 1638 2071 1721 tierung der Krankenkassen mit mehr Prophylaxe verwirklichen.
950 1675 2392 1737 Staat, Gemeinde und freie Liebestätigkeit müssen in der Einrichtung von
879 1715 2398 1799 Wohlfahrtsämtern, die eigentlich Aufgabe der Gemeindeselbstverwaltung ist, zu¬
877 1753 2405 1849 sammenwirken; der Staat muß die Richtlinien bezeichnen, der Liebe ist die Ord¬
883 1800 2405 1890 nung zugefallen. Die praktische Arbeit der Fürsorge wird durch einheitlich auf
880 1845 2398 1920 allen Fürsorgegebieten arbeitende Fürsorgerinnen geleistet in umgrenzten Gebieten
887 1891 2414 1975 mit nicht mehr als 10000 bis 15000 Einwohnern auf eine Fürsorgerin. Ein Neben¬
889 1939 2414 2022 einanderarbeiten der verschiedenen Fürsorgezweige ist nicht haushälterisch, für die
886 2001 2406 2069 in Fürsorge Stehenden unzweckmäßig und in den Gesamterfolgen, da die Ge¬
894 2048 2043 2120 sundung der Familie angestrebt wird, mindestens zweifelhaft.
955 2077 2409 2143 Die einheitliche Zusammenarbeit wird gewährleistet durch eine gemeinsame
891 2123 2413 2205 Spitze in der Fürsorge, das Wohlfahrtsamt, und durch die auf allen Fürsorge¬
897 2154 2421 2249 gebieten arbeitende Fürsorgerin; zwischen beiden fällt die Arbeit in den einzelnen
897 2201 2413 2295 Fürsorgezweigen besonderen Ausschüssen (für Säuglinge, Schulkinder, Tuber¬
895 2251 2415 2352 kulöse usw.) zu, die sich durch sachkundige und sonst geeignete Personen ergänzen
894 2288 2408 2375 und die erforderliche Breite der Berührungsfläche mit allen in Betracht kommen¬
898 2330 2416 2416 den Kreisen herstellen. Also Zentralisation und gleichzeitig größte Dezentralisation.
974 2376 2417 2466 Die Zeit drängt. Unserem durch schlechte Ernährung schwergeprüften Volke,
902 2415 2432 2504 das von Tuberkulose und anderen übeln heimgesucht wird wie nie, muß schleunige
900 2472 2425 2547 Hilfe werden, systematische Hilfe. Das furchtbare Zuspät darf uns nicht weiter
907 2509 2427 2598 äffen wie im Kriege. Gesundheitliche geregelte Fürsorge ist eine aus den gesund¬
912 2553 2514 2651 heitlichen Verhältnissen sich mit Notwendigkeit ergebende Forderung, sie ist aber —
908 2615 1770 2703 auch eine Forderung der politischen Klugheit.
1322 2751 2025 2844 Aus unserer Bücherei.
1466 2823 1883 2900 Von Edgar Steiger.
916 2871 2433 2976 Artur Schnikler. Casanovas Heimfahrk. Novelle. Berlin 1918, S. Fischer.
959 2943 1902 3018 Preis sehefter-4#=# gebunden 6.50 Mark.
988 2976 2441 3063 Ein letztes Abenteuer des alternden Wüstlings, bevor er als Spitzel in den
917 3017 2437 3106 Dienst der heimischen Gewalthaber kritt, die ihn ein Menschenalter zuvor unter
918 3068 2446 3147 die Bleidächer gesteckt haben. Für den Leser der berühmten Erinnerungen ein
932 3109 2447 3196 würdiger Abschluß der langen Kette von Liebesgeschichten ein- und zweideutiger
922 3161 2434 3247 Art, die den genialsten Tagedieb des achtzehnten Jahrhunderts bei vielen gut¬
933 3210 2443 3297 gläubigen Lesern zum Helden gemacht haben. Aber diesmal hat ein Dichter das
930 3238 2446 3324 Wort, dem diese ausgehöhlte Menschenruine Gelegenheit gibt, seinen Scharfblick
931 3291 2456 3394 für menschliches Seelenleben zu beweisen. Noch einmal wird das von Runzeln zer¬
927 3332 2449 3433 wühlte Gesicht des abgebrannten Lumpenkönigs von der Grimasse echter Leiden¬
1253 3466 1998 3709 S
1455 3691 1881 3823 JG
