3484 4320
314 187 1447 262 30. Casanovas Heimfahrt
1576 186 2017 288 box 4/10
515 250 1462 314 aen ene dee e e e e tere e el e e uie e eleie derte de en ese 1.
1762 941 1912 1059 7
1150 990 1365 1092 LN
801 1073 2023 1157 DIsCUssIONS ABOUT BOOKS 1085
881 1189 1685 1283 THE RETURN OF CASANOFA“
749 1254 2021 1326 HERE is a lightness of touch and charm about Arthur Snitz¬
760 1323 2018 1387 ler's The Return of Casanova'’ that is closely remiscent to
755 1375 2023 1436 his carlier Anatol.“ It is difficult to portray the love affairs
562 1428 2013 1507 uofafatold man of 60—even if he has the reputation of Casa¬
536 1474 2021 1557 nova or even of Don Juan himself for that marter, as anything more than
547 1541 2021 1609 rather sickening. Snitzler, however, has attempted and succeeded in that
560 1593 2022 1651 difficult task and the result is a combination of real wit and infinite charm.
581 1664 2033 1710 Snitzler has taken as the theme of his story a part of the life of Casanova
552 1723 2026 1769 that have failed to obtain notice in his voluminous memoirs—his return to
552 1762 1913 1830 Venice, the town of his birth, to die after many years of weary exile.
599 1811 2021 1882 While awaiting the decree at Padua he happens by chance on an old
545 1864 2021 1941 friend who insists on taking him to his home. Casanova though old is still
550 1924 2027 2001 irresistible to the ladies and the wife of his friend is most anxious to resume
548 1992 2034 2056 the place in Casanova’s fleeting affections that she once occupied. He has
548 2051 2027 2104 gazed uvon the lovely face of her young niece however and has sworn that
556 2096 2028 2146 she shall be his. The young lady is disdainful of him and for once in his
556 2155 2032 2221 life he begins to realize that old age is upon him. He refuses however to
548 2219 2029 2274 give her up and by a clever subteringe manages to obtain his end. It leaves
552 2275 2037 2328 him with a sorry realization of himself and he creeps into Venice almost
558 2317 1002 2399 wishing he could die.
1608 2367 1986 2444 —RONALD TRBx.
582 2402 1771 2469 * The Return of Casanova,“ by Arthur Snitzler. Thomas Seltzer.
2558 167 3086 231 TIIIs CLIPPING FROAI THE
2659 223 2971 304 DETROTT
2724 287 2900 352 MICH.
2602 333 3026 428 FREE PRESS
2729 406 2921 489 IS 0
2705 429 3137 528 Dee o11322
2432 609 3281 754 On Casanova
2421 744 3279 849 Schnitzler Concludes the
2501 819 3181 922 Records of a Famous
2661 900 3020 997 Scoundrel.
2725 1011 2963 1092 4 Rericse
2599 1067 3082 1158 Bp Bernice Stewart.
2416 1127 3275 1214 Cusanoru's Homgenling. 2rthur Schnitg.
2637 1191 3050 1265 ler. (Thomas Selteh.
2563 1240 3271 1304 ASANOVse##tied Chevalier de
2599 1294 3271 1374 Seingalt, is probably the most dis¬
2428 1330 3277 1408 respectable gentleman in autobio¬
2405 1386 3279 1455 Lb graphical literature. This profane
2403 1438 3273 1485 Venetian has been dead now for nearly a
2400 1465 3318 1549 century and a quarter and the frank twelve——
2405 1532 3277 1596 volume account of his misdeeds has been
2397 1572 3282 1643 smuggled into this country with enough suc¬
2394 1625 3279 1695 cess so that his history is not unfamiliar to
2399 1659 2949 1736 curious American readers.
2434 1710 3275 1784 Schnitzler's story of“ Casanova’s Home¬
2404 1758 3269 1825 coming,“ which Seltzer has at length breught
2396 1817 3264 1880 out after a long legal strüggle with Mr. I¬
2399 1854 3271 1909 am-my-brother’s-keeper Sumner, comes as a
2393 1896 3264 1956 fictional continuation of the authentic rec¬
2403 1954 3266 2012 ords of this handsome and boastful sconn¬
2400 1997 3270 2066 drel. The Casanova of the“ Homecoming“
2397 2046 3264 2110 is very much the Casanova of the
2406 2090 3263 2164 Memoirs,“ except the later Casanova’s star
2396 2145 3264 2202 is not in the ascendant. Time and time
2392 2183 3269 2245 again in this later book, with moving sor¬
2399 2236 3260 2305 row, the old reprobate acknowledges him¬
2391 2292 3261 2351 seif worsted by the arch foe of all sensual¬
2397 2334 3263 2403 ists, age. It has taken his money, his good
2392 2387 3272 2462 looks, and, most grievous of all, his appeal
2405 2423 2644 2485 to women.
2431 2441 3268 2542 In real life the defeat of a swindler, liar
2391 2521 3268 2588 and seducer at the hands of old age is
2388 2567 3262 2629 hardly a theme to wring tears of sympathy
2389 2619 3270 2678 from one’s eyes. Butyhere comes in the
2402 2667 3264 2731 art of Arthur Schnitzler. All through the
2394 2720 3261 2775 rogue’s last intrigueg in the“ Homecoming“
2403 2755 3267 2822 Casanova is a sympéthetic figure, a gay but
2404 2805 3268 2867 harrowed spirit beset by an enemy that
2404 2850 3260 2919 is sure toovertake and destroy him."He
2402 2911 3260 2967 could still at tiines grasp happiness, but
2393 2954 3254 3000 for a moment ofly; he could no longer hold
2396 2993 3264 3057 it fast. Hil pewer over his follows, over
2395 3045 3250 3112 women no lèss than over men, had van¬
2405 3074 3255 3140 ished. Only Where he evoked memories
2402 3135 3268 3204 could his words, his voice, his glance, still
2399 3189 3277 3269 conjure; apart from this, his priesence was
2395 3224 3138 3287 vold of interest. IIis day was donie!“
2425 3266 3262 3339 Mis seductiveness was Spent and the
2394 3318 3250 3383 tragedy of this is revealed in his confession
2388 3374 3250 3423 that it had been: Women, always women.
2392 3417 3246 3486 For them he had again and again cast every¬
2392 3457 3251 3513 thing to the winds; sometimes for women
2389 3500 3255 3569 who were refined, sometimes for womich who
2392 3563 3259 3633 were vulgar; for passionate women and for.
2394 3594 3261 3668 frigid women; for maidens and for harlots.
2396 3645 3246 3721 All the honors and all the joys of the world
2385 3690 3250 3764 had ever seemed cheap to him in connpari
2391 3750 3261 3821 son with a successful night on a new love
2387 3790 2550 3851 quest.“
2418 3823 3256 3910 Hence, being bereft of what he valnes
2381 3876 3245 3955 most in the world, this power of seduction,
2387 3933 3257 4012 there is something pathetic and courageous
2379 3988 3246 4048 in the way he summons bis bravado and
2379 4036 3249 4090 swaggers manfully in the face of his in¬
2380 4076 3245 4139 vincible opponent, time. There is, 100,
2384 4123 3254 4190 something sad abont his disgracefel von¬
2987 4173 3070 4214 Dner
2386 4160 2955 4222 niving. 10 obtaln ine. Iavorn
