3436 4320
441 170 1361 235 Casanovas Heimfahrt
1486 159 1932 260 box 4/10
229 163 1118 279 30 eee
1223 211 1352 268 Aa. 40
1832 801 2073 870 Rundschau.
1106 941 2797 998 Auen vormärzliche Försterhäuser standen und bändchen vor“. Eine ergreifende Kinder¬
1961 979 2803 1043 geschichte, ganz aus der fröstelnden Stim¬
1107 991 1955 1049 im „wilden Prater“ am Brigittatag eine
1955 1028 2812 1083 mung eines Regentages heraus gestaltet:
1096 1041 1942 1104 niederländisch üppige Kirmes tobte. Und von
1970 1083 2808 1129 die kleine Ina, die von niemandem, auch
1104 1081 1953 1147 hier aus zeigt uns Deesey nr) einmal sein
1966 1127 2809 1187 von der leidenschaftlich geliebten Mama
1096 1128 1953 1185 „liebes Wien“: die beiden guten Freundes¬
1973 1152 2799 1224 nicht, in ihrem innersten Wesen verstanden
1107 1166 1958 1228 gesichter Kahlenberg und Leopoldsberg, die
1965 1215 2807 1274 wird — die ganze gesellschaftliche Maschine
1112 1224 1946 1270 Stadt im Silberflor. So hatten sie schon
1970 1250 2806 1315 rollt über das zarte Seelchen hinweg, das
1102 1257 1951 1321 die alten Kaiser, Leopold I. und Karl VI.
1973 1302 2813 1354 endlich zertreten am Wege liegt. Das
1105 1301 1952 1360 gesehen, die hier ihre Lustschlößchen mit ver¬
1961 1333 2802 1400 Martyrium des Kindes aus „besten Kreisen“.
1101 1353 1954 1412 goldeten Vogelbauern und Orangegärten
1960 1384 2803 1442 ist hier scharf beobachtet, schärfer als es der
1111 1390 1950 1448 hatten. Man liest diesen Roman wie einen
1965 1432 2814 1497 jungen Dichterin in der zweiten Novelle
1109 1435 1942 1512 Abschiedsgruß an das unwiederbringlich
1973 1473 2815 1534 „Herbst“ gelingt, Glück und Verzicht einer
1109 1475 1684 1547 versunkene alte Österreich ...
1974 1519 2810 1576 reifen Frau zu schildern. Hier versagt noch
1192 1500 1948 1573 Ein Buch des Abschieds ist auch Anselma
1964 1565 2815 1624 die menschliche Erfahrung; aber die künst¬
1111 1568 1954 1630 Heines Elsäßerroman“. Er schildert, in den
1972 1617 2808 1665 lerische, symbolisch andeutende Darstellung
1110 1615 1955 1677 Julitagen des Jahres 1870 beginnend, eine
1981 1652 2817 1714 zeugt auch hier von einem Talent, über
1114 1658 1956 1716 idyllische Welt, französisch in der äußeren
1979 1695 2815 1766 dessen Entwicklung wir uns freuen können.
1108 1702 1958 1751 Zivilisation, die vom napoleonischen Paris
2045 1743 2814 1815 Ein besonderes Gastrecht genießen bei
1116 1751 1962 1804 kommt, deutsch in ihren Herzensregungen,
1973 1774 2818 1845 uns die nordischen Erzähler, schon seit jeher
1111 1797 1953 1844 ihren Volksliedern, ihrem starrsinnigen Son¬
1966 1836 2819 1895 die Lieblinge des deutschen Lesepublikums.
1116 1836 1965 1904 derlingswesen. Eine bikulturelle Welt wie
1979 1874 2818 1932 Knut Hamsun wird in der neuen Gesamt¬
1108 1875 1962 1947 es einstmals Görz war, in dem sich deutsches
1977 1919 2820 1977 ausgabe“ zum ersten Male in seiner ganzen
1124 1925 1954 1989 und furlanisches Wesen reizvoll mischten.
1973 1964 2816 2025 vielfältigen Erscheinung vor die deutsche
1122 1975 1958 2033 Wir sehen die Bürgerhäuser, überfüllt mit
1978 2007 2823 2061 Offentlichkeit treten. Der erste Band enthält
1124 2010 1967 2073 Urväter Hausrat, die schmalen, hellen Gassen,
1980 2051 2823 2115 die revolutionären Frühwerke: besonders
1112 2066 1969 2108 die Weinberge, auf denen die sümmernde
1972 2092 2821 2157 „Hunger“ wirkt stets aufs neue erschütternd:
1122 2099 1961 2159 Glut eines wundervollen Hochsommers liegt.
1975 2137 2814 2199 wir haben doch das Hungergespenst selbst
1125 2150 1963 2203 Sommer ist auch in den Herzen der beiden
1971 2187 2807 2241 riesengroß in unserer Mitte, und wenn kürz¬
1118 2188 1961 2248 jungen Menschen: des deutschen Studenten
1978 2227 2813 2281 lich der Hungertod eines jungen Wiener
1119 2235 1970 2291 Heinrich Hummel und der schönen Demoiselle
1974 2265 2817 2331 Dichters durch die Blätter ging, so wird der
1126 2282 1969 2351 Balde, des Bürgermeisters von Thurwiller
1979 2320 2830 2375 autobiographische Roman Hamsuns — denn
1122 2325 1961 2386 Töchterchen. Das politische Geschick rollt
1971 2366 2813 2430 nur Selbsterlebtes wird mit dieser un¬
1126 2368 1960 2421 über das Einzelschicksal hinweg, die Dich¬
1980 2395 2818 2470 erhörten Grausamkeit geschildert — noch
1129 2412 1957 2472 terin schildert uns die allmähliche Deutsch¬
1981 2448 2815 2501 durch die Wirklichkeit übertroffen. Freund¬
1614 2453 1963 2511 Lujo Brentanos
1126 2459 1580 2519 werdang des Elsaß.
1974 2491 2817 2554 lichere Eindrücke vermittelt der hübsche Aus¬
1120 2501 1966 2575 „Elsäßer Erinnerungen“ erscheinen uns aller¬
1971 2539 2822 2599 wahlband Hamsunscher Novellen*““ den
1114 2522 1969 2600 dings eine authentischere Quelle und René
1982 2581 2825 2635 Walter von Molo mit feiner Kennerschaft
1122 2585 1977 2649 Schickeles „Hans im Schneckenloch“ greift
1987 2629 2823 2689 zusamigengestellt und eingeleitet hat. Hamsuns
1128 2632 1959 2687 das Doppelkulturproblem in seinem mensch¬
1984 2672 2822 2736 überreiches Wesen tritt uns hier in ingem
1125 2676 1970 2743 lichen und politischen Zwiespalt wesentlich
1985 2730 2833 2772 Nahinen plastisch entgegen. Da ist „Viktoria“,
1121 2713 1972 2788 tiefer auf; aber im Grunde bestand das
1983 2767 2844 2823 diese ganz scheue, keusche Geschichte einer
1132 2760 1966 2824 Symbol, das der alte Ratschreiber von
1980 2799 2825 2865 unerfüllten Liebe, ist „Schwärmen“, ein kurzer
1121 2808 1968 2876 Thurwiller dem deutschen Besucher deutet
1977 2864 2836 2914 Roman voll köstlichen, unterirdischen Humors,
1124 2860 1973 2911 zu Recht: das Palimipfest, auf dem die
1970 2900 2825 2959 voll farbigen Lebens an nordischen Fjorden.
1127 2894 1974 2961 fremde Schrift zweien Jahrhunderte ver¬
1981 2939 2833 2999 Alles Ironische, Scharfe seiner Frühzeit
1125 2945 1964 3003 schwindet und die deutsche Urschrift wieder
1982 2992 2835 3047 wird in diesen Novellen in spielende Ironie
1119 2990 1970 3047 zum Vorschein kommt. Wird sie stark genug
1982 3022 2825 3079 aufgelöst — daneben das wilhe, rücksichtslose
1126 3038 1970 3094 sein sich mit alemannischer Zähigkeit auch
1976 3070 2829 3136 Leben, des Hamsun selbst so tüchtig gerüttelt
1133 3075 1974 3146 heute und in Zukunft zu behaupten? Diese
1980 3115 2829 3180 hat (z. B. in der Novelle „Vagabondage").
1128 3127 1975 3173 bange Frage lesen wir heute in das mit
1979 3165 2821 3220 Die Einleitung Walter v. Molos umreißt in
1127 3161 1962 3237 schöner Objektivität geschriebene Buch der
1982 3207 2827 3259 seiner feelischer Analyse das menschliche und
1129 3211 1652 3287 deutschen. Dichterin hinein.
1981 3249 2815 3317 literarische Bild des Dichters, dieses „Aus¬
1211 3236 1960 3313 Wir reihen an die deutsche Dichterin
1985 3293 2821 3352 ländees des Daseins“, wie er sich selbst
1131 3286 1954 3367 eine junge österreichische Adeptin der Dicht
1978 3329 2830 3399 gegenüber den Tieren in Menschengestalt
1129 3345 1965 3401 kunst au: Helene von Weilen, des heuer si#
2089 3378 2829 3460 * Helene von Wellen: Zwei Novellen. Vertag von
1133 3398 1971 3451 tragisch dahingeschiedenen Literarhistorikers
1986 3407 2411 3502 Franz Malota. Wien 1918.
1135 3433 1967 3496 Alexander von Weilen Tychter, Josef von
2062 3436 2842 3525 ** Knut Hamzun. Sämtliche Aierke. 1. Band Hunger,
1129 3474 1972 3548 Weilens Enkelin, legt ein schmales Novellen¬
1980 3496 2618 3549 Mysterien. Albert Langen. München 1918.
2059 3523 2834 3583 ** Erzählungen von Knut Hamsun. Ausgewählt und
1229 3524 1980 3614 * Die verborgene Schrift. Roman von „Anseln a
2000 3558 2838 3639 eingeleitet von Watter v. Molo. Albert Langen.ünchen.
1121 3566 1486 3643 Heine. Ullstein 1918.
