3436 4320
-10 2202 56 2262 80
-17 2289 56 2364 dech
-7 2669 62 2724 vo
1 1672 103 1748 8
492 225 1435 311 Casanovas feimfahrt
1554 220 1996 327 box 4/10
283 222 597 343 30
1328 277 1391 338 *
963 282 1073 337 AC
191 1005 738 1077 Pona en Beursene Kneun
199 1078 2618 1123 rößerung des deutschen Besitzstandes] Einferhonvedhusaren weiche an der] Der neue luheence
196 1101 1954 1183 Eine Niederlage mußte nämlich den gestrigen Demonstration der ungarischen Garnison
2021 1111 2992 1173 Wie die „Ungarische Post“ meldet, ist der nene
199 1160 2982 1229 tbringens und der polnischen Grenz= vor dem Kriegsministerium nicht teilnahmen, Vertreter der ungarischen Volksrepublik für Deutsch¬
199 1192 1946 1249 chlands bringen, dafür war es sicher, erschienen heute beim Minister des Innern und
1931 1199 2991 1256 österreich Dr. Oskar Charmant gestern in Wien
200 1233 913 1298 rechenden Teile Oesterreich=Ungarns
903 1233 2988 1297 baten um Schutz, weil sie von den andern Teilen dereingetroffen und im Palais der ungarischen Gesandte
358 1291 850 1379 S
889 1344 1942 1406 ungläubigen, aber sehr abergläubischen Gesellschaft,
1945 1351 2995 1420 mitten im Spielsaal, einen unhöflichen Partver
634 1357 882 1443 chr
904 1391 1940 1455 hatte Casanova frühzeitig die Lebensweisheit er¬
205 1359 895 1476 Feuilleton.
1943 1397 2989 1459 nieder. Friedrich der Große will ihn zum Erzieber
912 1439 1934 1500 fahren, das man vor den Menschen Komödie spielen
1933 1442 2975 1508 im Potsdamer Kabettenkorps bestellen. Katharbta I
903 1493 1939 1563 muß, um von ihnen eernst genommen zu werden, und
1929 1494 2989 1573 befragt ihn über Erotik und soziale Rehmn,
194 1521 846 1600 ovas Heimfahrt.
896 1528 2988 1592 daß der von ihnen im wenigsten genarrt wird, der Stanislaus Poniatowsl, der König vom
912 1584 2994 1652 sie am geschicktesten zum Narren hält. Ihm konnte es Polen, lädt ihn zur Jagd ein. Dor Poer¬
203 1590 905 1664 es, so wird berichtet gab sich
913 1632 2991 1694 gelingen, von der allen, sonst nicht sehr freigiebigen padour schreibt er respektvolle Vviefe, und in Paris,
195 1642 907 1708 a Chevalier de Seingalt, der bank¬
903 1681 1942 1746 Marquise d'ürfé eine Million für eine Ver¬
1931 1679 2991 1756 im Salon der Manon Boletti, der zarten, blonden,
203 1698 908 1762 hin, eine Bauerndirne aus der
913 1723 1935 1781 jüngungskur zu bekommen. Die kleinen Schwächen
1931 1732 2977 1773 aber gefährlichen und witzigen Schauspielerin, im¬
217 1733 912 1811 strotzende, üppige Römerin, in die
901 1764 1937 1824 der andern waren Casanovas große Stärke, ’hre
1928 1766 2988 1848 provisiert er boshafte Epigramme. Neben Fontenell
227 1782 908 1859 Gastronomie einzuweihen. Der
905 1802 1940 1871 Dummheit seine Klugheit. Dieser verfeinerte
1934 1821 2987 1893 5 Alembert, Marinontel, neben den Gugyklo
188 1820 911 1904 hmecker schob seiner gelehrigen
899 1846 2987 1922 Elektiker des Lebens verstand von allem ein Nichts, der Schrift glönzt er, ein Ebenbürtiger, als In¬
188 1886 907 1944 eckere Auster zwischen die feuchten,
906 1907 1952 1973 von Nichts ein Etwas; er ergriff zuviele Berufe, als
1932 1914 2982 1969 zuklop idist des Wortes. Jahre hindurch gilt er in
183 1923 900 2003 Pippen, eine Speise, die sie zum
1937 1958 2993 2027 allen schöngeistigen Boudoirs als der einzige Rivale
915 1957 1934 2022 daß er einen Beruf hätte ausüben können, er packte
191 1980 910 2045 iete erschrocken und zugleich ent¬
1934 2008 2993 2073 des Abbe Caliani, des „Herlekins wit dert
903 2002 1932 2065 alles an, ohne etwas festhalten zu können, wie ein
189 2004 919 2104 e Schöne: „Das ist so gut, das muß
1928 2055 2998 2122 Machiavellkense“. In Wien kann er #m elsen
912 2058 1941 2118 Spieler, der seinen Einsatz auf alle Karten setzt und
1930 2102 2997 2157 gesellschaftlichen Verpflichtungen nachkommen, d##s er
899 2106 1928 2158 allmählich das letzte Goldstück verliert. Doch dürfen
218 2099 899 2188 reizenden Ausspruch rus einem
1931 2141 2983 2213 mit dem Statthatter Grafen Schrattenbach wegen
901 2144 1930 2210 wir Casanova eines nicht vergessen: er hat stets
191 2165 721 2236 Munde scheint das geser
739 2156 924 2230 wenig
1930 2178 2990 2251 einer dunklen Affäre in Konflikt gerät und die Stads
905 2192 1934 2278 hasardiert, aber nie falsch gespielt Ein Scharlatan?
191 2207 731 2283 Enssystem des Philosophen.
753 2218 919 2287 #nova
1929 2242 2995 2297 verlassen muß. Er setzt sich über alle Voreertele
896 2240 1419 2316 Nein, ein Bezaubernder.
194 2251 913 2320 Fieben; für diesen große leten
1928 2290 2992 2358 hinweg und gelangt dadurch in die ex#sten
186 2311 916 2380 nde immer gleichbedenten m
1920 2327 2990 2403 Zirkel. Er beherrscht die Kunst zu sprechen und dir
190 2352 916 2425 er Schönheit, mit der Lust neuen,
973 2336 1929 2435 Er hatte einmal, als Siebzehnjähriger,
1925 2381 2995 2464 noch weit schwierigere Kunst, sprechen zu laßen)
189 2387 911 2463 ns, mit dem überströmenden Feuer
908 2388 1933 2457 aus den gepfiegten, aristokratischen Händen
1925 2423 2173 2495 zuzuhören.
204 2442 916 2516 ft, nie etwas Niederes oder Ge¬
904 2449 1936 2507 eines Kirchenfürsten die niederen Weihen
2022 2465 2993 2541 Er führt die Titel eines Doktors der Rechte
201 2486 927 2562 iches Laster. Sünde war ihm Ver¬
910 2503 1936 2576 empfangen, dann war er nacheinander
1928 2497 2988 2592 der Universität Padm und eines Chevalters
205 2543 917 2615 denn auch Casanova nar in den
901 2542 1940 2620 Violinspieler im Teatro San Samuele, Sekretär
1923 2554 2980 2637 de Seingalt „von Rechten des Alphabets“, er wär
203 2593 912 2651 gen jener Freudlosen als ver¬
897 2588 2882 2680 beim Kardingl Aquaviva, Offizier auf Korfu, den Orden des goldenen Sporns. Und als
195 2623 914 2706 Schuldiger gelten, denen Vergnügen
899 2644 1948 2709 Lotteriedirektor in Paris, Bevollmächtigter Poringals
1927 2655 2884 2730 der Kaiser Josef etwas von oben berab sagt: #
905 2685 1940 2743 boim Augsburger Friedenskongreß, Faktoium im
193 2677 899 2736 unter allen Sünden, die Casanova
1938 2702 2726 2771 hasse die, welche den Adel kaufen,“ en
188 2735 910 2794 dman die beiden ärgsten vergeblich
1938 2746 2706 2823 „Und die, welche ihn verkaufen, Sire?“
901 2777 1940 2843 Bernis noch simpler Abbate war, originelle kleine
194 2784 903 2857 de wider den Geist und die Sünde
897 2818 1940 2883 Nonnensoupers in dem sonnenumsponnenen Kloster
202 2810 470 2892 Geschnack.
2011 2825 2985 2913 So jagte er durch hundert Masken, ##uch
906 2872 1928 2930 von Murano veranstaltet hatte. Dazwischen verfaßte
189 2855 901 2931 ber sich selbst hinaus ein fieberisch
1923 2864 2990 2955 hundert Verwandlungen und hundert Umarmungen,
896 2919 1925 2976 er Romane, Memoiren und historische Unter¬
208 2925 903 2987 geführt, erfüllt von Sehnsucht und
1924 2937 2994 2999 ein tollkühner Seiltänzer über furchtbar lauernden
903 2959 1633 3036 suchungen, Traktate und Pamphlete.
196 2962 901 3048 ein, wirr, abenteuerlich und unzu¬
1924 2981 2987 3055 Abgründen, gepeitscht vom Lebenshunger, vorwärts
994 2992 1941 3090 Er, nur er brachte es zuwege, über Dächer und
237 2997 905 3069 gleich einem Traumzustande.
1920 3021 2980 3105 gehetzt von den Stacheln des Blutes, ain Ahasver
895 3048 1934 3125 Türme aus den tödlichen Bleikammern Venedigs zu
196 3049 902 3125 opa war er heimisch, dieser neu¬
1925 3073 2971 3155 des Abenteuers, bis er sich plötzlich, in seinem
897 3111 1930 3172 entkommen, er duelliert sich in Warschan wegen der
201 3113 893 3166 g=schwärmerische und dann wieder
1923 3120 2962 3169 dreiundfünfzigsten Lebensjahre bewußt ward, daß ihn
201 3159 903 3217 nezianer, überall heimisch und
896 3153 2974 3227 Sängerin Pinetti, die er ausgepfiffen, mit dem keine wache Begierde, kein Wunsch, keine Ungeduld
1041 3197 1122 3252 #ige
1311 3203 1376 3247 #
764 3188 845 3246 T
194 3206 1282 3286 Eind einer leichgen  n,  allmächnen Zeiwe
1260 3211 2990 3302 erm ir Branich, er sticht in Spa, mehr vion Land zu Land trieb von Sterdt zu Stadts¬
