3436 4256
498 135 1371 212 asanovas Heimfahrt
242 116 1962 238 30. Cesa.as box 4/10
1335 642 1672 745 CASANOL—
1909 644 2795 749 Freicher als je. Und doch erfasst ein
1918 715 2779 789 Grausen, ein Schauer vor seinem grei¬
1034 701 1917 823 STEFAN ZWEIG: & Casanovan; Ed.
1915 762 2796 834 senhaft alterndem Antlitze die junge
1160 784 1551 866 Victor Attinger.
1925 816 2785 893 Flau, in deren Kammer er sich auf
1047 847 1914 937 ARTHUR SCHINTTZLER: 6 Je Re¬
1926 876 2775 952 bstrügerische Weise geschlichen hat¬
1144 922 1928 1004 toursanova n; Ed, Victor
1923 904 2783 1003 te. Es ist dies die unausbleibliche
1133 963 1385 1045 Attinger.
1930 976 2797 1049 Sühne für den Kult des Fleischlichen,
1926 1030 2788 1099 dem sich Casan#va hingegeben hatte.
1107 1025 1928 1120 Wenn man heutzutage in Paris oder
1933 1083 2793 1162 Wir sind ven Staub und werden zu
1057 1091 1912 1172 in Berlin von Casanova redet, so wer¬
1920 1128 2782 1202 Staub — und alle Künste Casenovas
1057 1151 1916 1225 den hier wie dort die meisten wahr¬
1920 1168 2786 1267 haben daran nichts ändern können.
1049 1200 1921 1263 scheinlich sofort an die vornehmen
1052 1244 1918 1311 Nachtlokale denken, die in beiden
2122 1241 2746 1346 L. v. GRUENWALDT.
1047 1303 1924 1368 Hauptstädten den Namen des grossen
2130 1314 2442 1396 Hm#n
1042 1362 1926 1424 italienischen Abenteurers auf ihr
1041 1405 1912 1461 Schild gesetzt haben. Der Verfasser
1932 1415 2511 1522 KOLLEKTEUFPAET UND
1040 1462 1920 1527 der unsterblichen Memoiren scheint
2156 1497 2218 1562 00
1041 1503 1920 1569 dem gegenüber mit seiner Person in
2404 1506 2787 1622 INDIVIDUUM
1041 1547 1931 1628 den Hintergrund gerückt zu werden
1045 1605 1933 1672 — ein Charakteristikum unserer Zeit!
1953 1577 2779 1672 Ein neu# Maeterlinck-Buch gestal¬
1919 1660 2768 1724 tet sich irerser zu einem Ereignis. Sei
1050 1663 1921 1733 Wer verfügt auch heutzulage über die
1040 1714 2767 1777 genügende Musse, um ein sechzehn-nem hohen Gedankenschwung geling
1917 1766 2766 1835 es, uns söfort aus der Sphäre des ba
1032 1749 1916 1844 bändiges Werk, so interessant es auch
1040 1814 2776 1875 sein mag, zu bewältigen. Stefan Zweigilen Allläglicken zu den grössten Prob
1038 1861 2757 1920 kommt uns da zu Hilfe. Seine, mit ge-lemen zu erlieben, die je die Mensch
1051 1918 2759 1979 wohnten Glanze entworfene Charek-Theit beschäftigt haben. So ist auc
1045 1956 2758 2030 teristik Casanovas gibt nicht nur infsein (Leben der Ameisens (Mauric
1034 2008 2742 2095 knappen kurzen Zügen das Wesent- Macterlinck: & La vie des fourmis
1059 2066 1916 2140 liche aus dem Lebenslaufe des denk¬
1912 2064 2752 2133 Fasquelle) gleich dem vorangegang
1064 2128 2742 2186 würdigen Italieners wieder, sondern hen Leben der Ameisen und Termite
1045 2164 2749 2239 versteht es auch, ihn zum Symbol des tausendmal mehr als eine naturwi
1033 2214 2748 2279 Homo eroticus zu gestalten, denn in Isenschaftliche Skizze. Wenn Maete
1034 2265 2725 2338 jeder anderen Hinsicht — als Dichter, Ilinck die Eigenart der kleinen Inse
1039 2322 2730 2369 als Weltmann, als Verbrecher — istiten, ihr merkwürdiges Treiben un
1035 2373 1908 2433 Casanova unvollkommen. Nur ein Lie¬
1902 2370 2732 2449 Wirken vor unseren Augen entwir
1042 2415 2728 2465 besleben, das er mit einer Aufrichtig-/so geschieht dies nur, um eine Fra
1032 2465 2742 2546 keit ohnegleichen schildert, macht ihnj zu beleuchten, die weit über den Ra
1042 2524 2731 2586 zum unnachahmlichen Phänomen.men der Soziologie hinaus gehend i
1034 2573 2742 2627 In der Aufrichtigkeit seiner Leiden- Komische hinüberspielt. Die Amei
1043 2613 2736 2691 schaft, die er gegenüher jedem Ge-#ist für Maeterlinck gar nicht das ke
1035 2672 2676 2746 schöpfe weiblichen Geschlechtes ver-Ige, geizige Geschöpf der Fabel.
1035 2722 2733 2811 spürt, symboliert er Casanova, n denAmeise sei im Gegenteil d eins d
1039 2779 2739 2848 Manno als solchen, das personifizierte ledelsten, mutigsten und aufopfern
1897 2826 2729 2889 sten Geschöpfe von allen, die unse
1038 2837 1911 2914 männliche Geschlecht. Umsonst wür
1038 2884 2744 2949 de man bei Casanova eine Sublimie.Erde trägt. v Aber die Ameise ) ih
1023 2931 2655 2996 rung dieses physischen Triebes su- Individualität der Allgemein
1896 2979 2676 3041 opfert und geht in derseiben
1041 2988 1205 3052 chen.
1901 3026 2724 3089 Ist dier nicht vielleicht das Schicks
1096 3019 1901 3119 Vier Strophen Goethes geben uns
1027 3081 2729 3140 ein besseres Versländnis als die sech-das auch der Menschheit beschiedt
1033 3127 2737 3187 zehn Bände Casanovas von den Tie-ist? Der Sozialismus und Kommuni
1037 3189 2743 3262 fen des Gefühls und von Eros’ eksta- mus unserer Tage mögen vielleiel
1027 3221 2752 3307 tischen Zonen. Was aber Casanova al-bloss Elappen auf einem weiten W.
1021 3288 2738 3353 ledem zum Trotz sympathisch und ge sein, der uns vom Streben, von de
1035 3336 2749 3402 nach Zweig’s Ausspruch, zum Gegen- Sehnsucht nach individueller Unsterb
1027 3399 2753 3467 slandes des Neides für jeden männli-lichkeit zum Triebe nach kollektivel
1028 3439 2345 3519 chen Leser macht — ist das Unmittel- Sterblichkeit führt.
1019 3497 1907 3573 bare, Urwüchsige und Aufrichtige
1021 3555 1900 3617 seines Liebeslebens. Das Sexus'le, das
1026 3597 1903 3684 er in sich vergöttert, verge irt er
1923 3605 2763 3699 Nicht umsonst haben schon einige
1022 3668 2762 3751 auch bei den Frauen, die ihm a.shalb) Kritiker Maeterlincks Werk dem neu¬
1019 3698 2765 3803 eine dankbare-Erinnerung fün eine en Duhamel'schen Buche & Scènes de
1025 3747 1885 3826 einizige Liebesnacht bewahren. Welch
1890 3777 2783 3856 la Vie future „ (Mercure de rance)
1030 3808 1890 3862 ein Gegensatz zu Don Juan, der ja nur
1886 3826 2767 3895 gegenüber gestellt, das anf Grund von
1031 3861 2770 3952 deshalb zur Jagd auf seine Mille e Eindrücken von einer amerikanischen
1024 3904 2748 4019 Tren ausgehl, um die Frau zu ernied-Reise gewisse Prognosen für die zu¬
1025 3970 2727 4051 rigen, ihr die Ehre zu rauben und ihr künftige soziale Gestallung des
1017 3998 2771 4086 Idealbild in den Slaub zu zerren. Zweigmenschlichen Geschlechtes stellt. Du¬
1020 4061 1895 4130 ergänzt seine psychologische Skizze
1887 4085 2771 4146 hamel erklärt in seinem Vorwort, dass
1171 4093 1420 4180 eeein
