3392 4256
1318 133 1366 223 t
477 139 1315 224 Casanovas Heinfahl
262 158 1372 266 30   Ga
1517 146 1960 235 box 4/11
1426 1074 2621 1136 queror of hearts, destroyer of virtue and despair of
1417 1130 2632 1207 cuckolds. He is a broken old man who refuses to
1414 1184 2632 1246 realize that his youth is gone, that he has grown
1425 1248 2621 1310 unattractive. His battle is the battle against time;
1423 1317 2623 1381 and his reward is frustration, shame and degrada¬
1421 1376 1560 1442 tion.
1466 1417 2624 1497 And so we find that “Casanova’s Homecoming' is
1423 1513 2623 1570 not a narrative of amorous escapades, nor even a
1420 1554 2624 1614 study of senescence; it is an unforgettable picture
1426 1617 2623 1694 of a man who elings to the illusion of youth long
1414 1677 2625 1731 after youth has fled. And in this sense the novel
1423 1744 2617 1792 is more than a mere story, more than a surface por¬
1417 1795 2623 1862 trayal of character; it is a pitiless vivisection of a
1414 1853 2623 1925 dotard, so skillfuliy done as to result at the same
1424 1915 2632 1989 time in a profound psychological study, a moral
1421 1983 2199 2052 plea and a first-rate work of art.
1463 2024 2626 2129 The novel is short. Schnitzler’s stle thr ghout
1470 2119 2628 2182 dignified and restrained. Nowhere do 2 find
1423 2152 2617 2224 That coarseness, that elaboration of offensive detail,
1418 2218 2624 2297 that accentuation of the suggestive, which mark 8o
1419 2294 2619 2348 many of our so-called modern novels. Schnitzler’s
1418 2349 2630 2400 one aim is to expose the utter futility of an attempt
1412 2406 2618 2463 to flout time, to indicate the tragedy of an old man
1418 2475 2615 2534 grasping at the vanishing pleasures of youth. All
1421 2523 2626 2597 of “Casanova’s Homecoming'' is subservient to this
1412 2584 2612 2664 aim; no incident is exaggerated for its own sake;
1412 2647 2620 2735 the integrity of the book, both artistic and moral,
1411 2710 1854 2781 is unimpeachable.
1459 2766 2622 2829 Thus the effect upon the reader is one of distinct
1420 2829 2611 2898 aversion for Casanova. He is not pictured as a gay
1418 2894 2618 2954 hero who derives joy from his exploits. He is an
1420 2950 2611 3011 outcast and a starveling: unhappy, tormented by
1410 3008 2618 3092 his desires, thwarted by failure, embittered by his
1408 3071 2613 3145 fading renown, faced—at the very moment of his
1413 3145 2615 3207 return to Venice—with a life of obloquv, for he
1416 3182 2612 3259 comes back as a governmental spy, reaeg to be¬
1418 3263 2612 3332 tray his friends to win his pardon. We scarcely
1417 3319 2571 3390 pity him; contempt is his measure. No person re:
