3484 4320
265 198 1392 276 30. Casanovas Heinfahrt
1502 197 1959 294 box 4/10
461 245 1383 306 A
653 1461 1821 1559 —  J   000 Reserdes an. Zanostaem
555 1540 1823 1595 offiziere sowie 1660 weibliche Hilfskräfte 4,657.912 Kronen, für
547 1640 1816 1704 berühmten Casanova in einer Weise erkenntlich zu zeigen,
544 1701 1751 1748 die das gewöhnliche Maß der Dankbarkeit weit überstieg.
641 1757 1814 1817 Amalie empfängt den berühmten Gast noch herzlicher
552 1798 1819 1860 als Olivo und erklärt ihm in der ersten, unbelauschten
542 1850 1814 1911 Minute, daß ihre Gefühle für ihn unverändert geblieben
548 1894 1820 1962 seien usw. Casanova will davon nichts hören. Denn im
547 1940 1820 2005 Hause Olivos lebt Marcolina, seine Nichte, ein kühl schönes
554 2001 1824 2072 Mädchen, das sogleich Casanovas stets lauernden Sinne
548 2038 811 2115 entflammt.
640 2084 1818 2173 Die Gestalt Marcolinas ist es nun, an der Schnitzlers
544 2144 1696 2191 Novelle, wenn nicht geradezu scheitert, so doch krankt.
647 2196 1812 2247 Marcolina ist eine Gelehrte und beschäftigt sich mit
544 2237 1814 2291 der abstraktesten aller Wissenschaften, der höheren Mathe¬
544 2287 1819 2340 matik. Sie steht mit berühmten Professoren dieser Diszi¬
546 2338 1816 2399 plin im Briefwechsel. Sie verfügt über einen klaren, un¬
548 2381 1820 2433 erbittlich scharfen Verstand, die gewöhnlichen Vergnügun¬
551 2441 1818 2498 gen und Leidenschaften junger Mädchen kennt sie nicht und
560 2484 1538 2548 sieht mit spöttischer Verachtung auf sie herab.
649 2529 1824 2582 Casanovas Name, der noch immer die Frauen leise
550 2580 1825 2626 erschauern macht, wenn auch nur noch mit einem Gefühl
542 2630 1812 2678 des Bedauerns über das allzu Späte der Begegnung, läßt
544 2678 1811 2737 Marcolina ganz kalt. Seine Annäherungsversuche weist
554 2728 1822 2785 sie mit unverhohlenem Ekel zurück. Seine gewandte Kon¬
539 2777 1819 2845 versationskunst, seine mystischen Schwätzereien über die
544 2822 1822 2880 Kabbala werden an ihrem überlegenen Geist zuschanden.
543 2885 1812 2953 Er erlebt Niederlage auf Niederlage und seine Begierde
560 2920 1317 2988 wird immer wütender entflammt.
648 2957 1811 3033 Und diese selbe Marcolina, die von den Männern über¬
2390 1430 3111 1512 : verperte oder D eifache) gegen¬
1832 1502 3106 1553 über der 'ungeheuren Summe von über zweihundert Mil¬
1831 1548 3125 1616 lionen Kronen aus, die der liquidierende „Moloch“ noch
1838 1646 3116 1700 haupt nichts wissen will, unterhält ein rein sinnliches
1836 1698 3115 1762 Liebesverhältnis mit einem wüsten, völlig geist= und seelen¬
1842 1746 3121 1811 losen, brutalen Subjekt, dem Reiterleutnant Lorenzi, der
1839 1801 3120 1865 nichts für sich hat als rohe Jugendkraft und die Schönheit
1838 1847 3128 1898 seines Körpers. Er hat eben ein Liebesverhältnis mit
1836 1896 3119 1942 einer lüsternen, alten Marchesa abgebrochen. — Wenn ein
1842 1941 3112 2005 sinnliches Mädchen sich an einen Athleten wegwirft, ist der
1844 1997 3122 2047 Fall ganz klar; aber eine kühl besonnene Mathematikerin
1842 2045 3112 2093 Marcolina, die sich an diesen wüsten Spieler Lorenzi hin¬
2660 2084 3105 2158 Gewiß — der Fall
1843 2084 2653 2162 gibt, ist ein psychologisches Unding.
1843 2135 3110 2202 wäre denkbar; aber er müßte uns klar und verständlich ge¬
1832 2187 3116 2253 macht werden. So aber steht er als ungelöstes Rätsel da,
1843 2238 3062 2292 noch immer da, wenn man das Buch aus der Hand legt. —
1931 2278 3122 2335 Endlich wird Casanovas Verlangen gestillt. An einem
1839 2337 3107 2394 aufgeregten Spielabend verliert Lorenzi eine Summe an
1829 2388 3120 2453 den Marchese, dem Gatten seiner ehemaligen Geliebten,
1839 2440 3119 2506 deren Rückerstattung ihm völlig unmöglich ist. Casanova
1830 2476 3116 2542 hat gewonnen und macht auf einem einsamen Spaziergang
1838 2542 3115 2601 dem Leutnant in aller Ruhe den Vorschlag: für das notige
1828 2580 3111 2625 Geld, das Casanova ihm sofort zu übergeben bereit ist,
1832 2631 3107 2690 willige Lorenzi ein, daß Casanova in seinem Mantel in
1845 2674 3107 2761 der heutigen Nacht zu Marcolina schleiche. In der Finster¬
1844 2729 2575 2798 nis werde sie ihn nicht erkennen.
1930 2765 3105 2836 Lorenzi nimmt an, ohne ein Wort der Erwiderung,
1829 2826 3107 2867 ohne eine Miene zu verziehen. Die ganze Szene ist meister¬
1840 2875 3111 2937 haft geschildert. Wie dieser Schurkenplan kühl und sachlich
1833 2925 3116 2989 von dem einen Schuft dargelegt und von dem andern Buben
1836 2982 2790 3050 angenommen wird, ist glänzend dargestellt.
3111 2072 3252 2180 ∆
