<?xml version="1.0" encoding="UTF-8" standalone="yes"?>
<PcGts xmlns="http://schema.primaresearch.org/PAGE/gts/pagecontent/2013-07-15" xmlns:xsi="http://www.w3.org/2001/XMLSchema-instance" xsi:schemaLocation="http://schema.primaresearch.org/PAGE/gts/pagecontent/2013-07-15 http://schema.primaresearch.org/PAGE/gts/pagecontent/2013-07-15/pagecontent.xsd">
    <Metadata>
        <Creator>prov=University of Rostock/Institute of Mathematics/CITlab/Gundram Leifert/gundram.leifert@uni-rostock.de:name=ONB_Newseye_GT_M1+(htr_id=10810)::::v=2.4.2
prov=University of Rostock/Institute of Mathematics/CITlab/Tobias Gruening/tobias.gruening@uni-rostock.de:name=de.uros.citlab.module.baseline2polygon.B2PSeamMultiOriented:v=2.4.2
prov=University of Rostock/Institute of Mathematics/CITlab/Tobias Gruening/tobias.gruening@uni-rostock.de:name=/mnt/transkribus/LA/DEA/URO/LA_news_onb_att.pb:de.uros.citlab.segmentation.CITlab_LA_ML:v=2.4.2
Transkribus</Creator>
        <Created>2019-10-07T10:23:54.443+02:00</Created>
        <LastChange>2019-10-07T16:37:14.343+02:00</LastChange>
        <TranskribusMetadata docId="223891" pageId="9491458" pageNr="91" tsid="16391077" status="IN_PROGRESS" userId="40391" imgUrl="https://files.transkribus.eu/Get?id=CKWSIBHYOATAVDGHVJZFZSDH&amp;fileType=view" xmlUrl="https://files.transkribus.eu/Get?id=LIKIYUBWOBKTLQGFONNJJFQQ" imageId="6181746"/>
    </Metadata>
    <Page imageFilename="223891_0091.jpeg" imageWidth="3436" imageHeight="4224">
        <ReadingOrder>
            <OrderedGroup id="ro_1711445852880" caption="Regions reading order">
                <RegionRefIndexed index="0" regionRef="r1"/>
            </OrderedGroup>
        </ReadingOrder>
        <TextRegion orientation="0.0" id="r1" custom="readingOrder {index:0;}">
            <Coords points="312,165 312,3606 3372,3606 3372,165"/>
            <TextLine id="r1l1" custom="readingOrder {index:0;}">
                <Coords points="519,196 1445,203 1445,145 1301,129 617,157 520,130"/>
                <Baseline points="537,194 581,193 626,193 670,192 715,192 759,193 804,193 848,194 893,194 937,195 982,196 1027,196 1071,197 1116,197 1160,198 1205,198 1249,198 1294,198 1338,198 1383,197 1428,196"/>
                <TextEquiv>
                    <Unicode>Casanovas Heimfahrt.</Unicode>
                </TextEquiv>
            </TextLine>
            <TextLine id="r1l2" custom="readingOrder {index:1;}">
                <Coords points="1525,205 1648,234 1797,202 1865,235 1890,217 2017,203 2017,149 1804,137 1739,162 1685,137 1634,151 1594,136 1525,150"/>
                <Baseline points="1545,207 1570,205 1595,204 1620,202 1645,201 1671,201 1696,201 1721,201 1746,201 1772,202 1797,202 1822,203 1847,203 1872,204 1898,205 1923,205 1948,205 1973,204 1999,204"/>
                <TextEquiv>
                    <Unicode>box 4/10</Unicode>
                </TextEquiv>
            </TextLine>
            <TextLine id="r1l3" custom="readingOrder {index:2;}">
                <Coords points="295,228 1180,257 1449,227 1449,191 589,185 536,133 297,130"/>
                <Baseline points="312,185 367,192 423,198 479,203 535,207 591,210 647,213 702,215 758,217 814,219 870,219 926,220 982,220 1038,220 1093,220 1149,220 1205,220 1261,220 1317,221 1373,221 1429,222"/>
                <TextEquiv>
                    <Unicode>30. Cusanotus neintan</Unicode>
                </TextEquiv>
            </TextLine>
            <TextLine id="r1l4" custom="readingOrder {index:3;}">
                <Coords points="431,701 453,698 467,713 477,714 539,709 565,700 593,708 596,650 567,653 513,646 502,657 491,649 433,654"/>
                <Baseline points="448,701 473,700 499,700 525,702 551,704 577,706"/>
                <TextEquiv>
                    <Unicode>B IUIE</Unicode>
                </TextEquiv>
            </TextLine>
            <TextLine id="r1l5" custom="readingOrder {index:4;}">
                <Coords points="603,726 2378,757 2570,749 2571,676 604,640"/>
                <Baseline points="620,703 716,706 813,709 910,711 1006,713 1103,715 1200,716 1296,717 1393,718 1490,719 1587,720 1683,720 1780,721 1877,722 1973,722 2070,723 2167,724 2263,725 2360,727 2457,728 2554,730"/>
                <TextEquiv>
                    <Unicode>SnE AE inS A A I SRu S Ue S US Au S IU S U S A A UIRR AE I REEE E AIIR I SI. MI. EIIER I RR I RD RI Bun un un e nene  1</Unicode>
                </TextEquiv>
            </TextLine>
            <TextLine id="r1l6" custom="readingOrder {index:5;}">
                <Coords points="3142,756 3175,756 3186,767 3215,755 3258,766 3269,759 3287,773 3305,773 3316,762 3330,769 3352,754 3381,754 3380,692 3362,693 3348,682 3308,704 3268,701 3258,712 3225,690 3218,698 3185,680 3142,691"/>
                <Baseline points="3160,746 3185,746 3210,746 3235,746 3260,746 3285,745 3310,745 3335,745 3361,744"/>
                <TextEquiv>
                    <Unicode>——.—.——</Unicode>
                </TextEquiv>
            </TextLine>
            <TextLine id="r1l7" custom="readingOrder {index:6;}">
                <Coords points="1911,803 3325,803 3240,751 2882,732 1913,734"/>
                <Baseline points="1931,780 1999,781 2068,782 2137,783 2206,785 2275,786 2344,787 2412,789 2481,791 2550,793 2619,794 2688,796 2757,798 2826,799 2894,801 2963,802 3032,803 3101,804 3170,804 3239,805 3308,805"/>
                <TextEquiv>
                    <Unicode>me transformée en renard, et qui, T’ai-, geaient, mangeaient, jouaient,</Unicode>
                </TextEquiv>
            </TextLine>
            <TextLine id="r1l8" custom="readingOrder {index:7;}">
                <Coords points="1934,822 3347,878 3373,821 1934,786"/>
                <Baseline points="1950,823 2020,825 2090,828 2160,830 2231,832 2301,834 2371,836 2442,837 2512,838 2582,840 2653,841 2723,842 2793,843 2863,845 2934,846 3004,846 3074,847 3145,849 3215,849 3285,851 3356,852"/>
                <TextEquiv>
                    <Unicode>mant encore, la recueille, la protége,saient, se logeaient, aimajent et 8</Unicode>
                </TextEquiv>
            </TextLine>
            <TextLine id="r1l9" custom="readingOrder {index:8;}">
                <Coords points="614,867 697,869 752,848 824,872 965,875 1031,836 1110,831 1112,751 967,755 921,733 866,768 830,738 812,756 794,744 685,771 617,726"/>
                <Baseline points="634,842 659,841 684,840 710,840 735,839 760,839 786,839 811,840 837,840 862,841 887,841 913,842 938,843 964,844 989,845 1014,847 1040,848 1065,849 1091,851"/>
                <TextEquiv>
                    <Unicode>Les</Unicode>
                </TextEquiv>
            </TextLine>
            <TextLine id="r1l10" custom="readingOrder {index:9;}">
                <Coords points="1191,867 1289,835 1357,879 1430,851 1614,882 1683,865 1788,884 1857,859 1858,751 1587,741 1554,766 1446,746 1384,767 1294,734 1265,759 1193,722"/>
                <Baseline points="1211,849 1242,849 1273,848 1305,848 1336,848 1368,848 1399,848 1430,848 1462,848 1493,848 1525,848 1556,848 1587,849 1619,849 1650,850 1682,851 1713,852 1744,853 1776,854 1807,855 1839,857"/>
                <TextEquiv>
                    <Unicode>IVreS</Unicode>
                </TextEquiv>
            </TextLine>
            <TextLine id="r1l11" custom="readingOrder {index:10;}">
                <Coords points="1930,881 3340,906 3363,863 1931,823"/>
                <Baseline points="1948,872 2017,872 2087,873 2157,874 2227,875 2297,877 2367,878 2436,879 2506,881 2576,882 2646,884 2716,885 2786,887 2856,888 2925,889 2995,891 3065,892 3135,892 3205,893 3275,893 3345,893"/>
                <TextEquiv>
                    <Unicode>jusqu'à ce qu'un ehasseur féroce la luimusaient, les mcurs, les manières,</Unicode>
                </TextEquiv>
            </TextLine>
            <TextLine id="r1l12" custom="readingOrder {index:11;}">
                <Coords points="1932,925 3386,970 3351,893 1933,882"/>
                <Baseline points="1950,915 2020,916 2091,917 2162,919 2233,920 2304,921 2375,923 2446,924 2517,926 2588,928 2659,929 2729,931 2800,932 2871,934 2942,935 3013,936 3084,937 3155,937 3226,938 3297,938 3368,937"/>
                <TextEquiv>
                    <Unicode>tuc. Et ce récit, somme toute absurde,I façons de parler et de vivre. Seld</Unicode>
                </TextEquiv>
            </TextLine>
            <TextLine id="r1l13" custom="readingOrder {index:12;}">
                <Coords points="1940,966 2685,982 2686,931 1941,923"/>
                <Baseline points="1959,958 1994,959 2029,960 2065,962 2100,962 2136,964 2171,964 2207,965 2242,966 2278,967 2313,968 2348,968 2384,969 2419,969 2455,970 2490,970 2526,970 2561,970 2597,970 2632,969 2668,969"/>
                <TextEquiv>
                    <Unicode>est si simplement narré et si pénétré</Unicode>
                </TextEquiv>
            </TextLine>
            <TextLine id="r1l14" custom="readingOrder {index:13;}">
                <Coords points="2687,983 3308,999 3385,981 3385,952 3266,937 3157,954 2687,939"/>
                <Baseline points="2703,973 2736,974 2769,976 2802,977 2835,978 2868,978 2901,979 2934,979 2967,979 3000,979 3034,979 3067,979 3100,979 3133,979 3166,979 3199,979 3232,979 3265,980 3298,980 3331,981 3365,982"/>
                <TextEquiv>
                    <Unicode>et princes, papes et rois, malandrins</Unicode>
                </TextEquiv>
            </TextLine>
            <TextLine id="r1l15" custom="readingOrder {index:14;}">
                <Coords points="1941,1010 2679,1025 2679,981 2604,973 1942,967"/>
                <Baseline points="1959,1000 1994,1002 2029,1003 2064,1005 2099,1006 2134,1007 2169,1008 2205,1009 2240,1010 2275,1010 2310,1011 2345,1011 2380,1012 2415,1012 2451,1012 2486,1012 2521,1012 2556,1012 2591,1012 2626,1012 2662,1012"/>
                <TextEquiv>
                    <Unicode>d’émotion et d’amour, qu'on ne rejette</Unicode>
                </TextEquiv>
            </TextLine>
            <TextLine id="r1l16" custom="readingOrder {index:15;}">
                <Coords points="2684,1023 2778,1025 2803,1047 2879,1023 3306,1045 3367,1035 3368,992 2685,980"/>
                <Baseline points="2702,1012 2734,1014 2766,1017 2799,1018 2831,1019 2864,1020 2896,1021 2929,1021 2961,1022 2994,1022 3026,1022 3058,1023 3091,1023 3123,1023 3156,1023 3188,1023 3221,1024 3253,1025 3286,1026 3318,1027 3351,1028"/>
                <TextEquiv>
                    <Unicode>tricheurs, marchands et notaires, c</Unicode>
                </TextEquiv>
            </TextLine>
            <TextLine id="r1l17" custom="readingOrder {index:16;}">
                <Coords points="1940,1065 2689,1069 2689,1018 1941,1010"/>
                <Baseline points="1958,1048 1993,1048 2029,1049 2064,1050 2100,1051 2136,1052 2171,1052 2207,1053 2243,1054 2278,1054 2314,1055 2350,1055 2385,1055 2421,1056 2457,1056 2492,1057 2528,1057 2564,1058 2599,1058 2635,1059 2671,1059"/>
                <TextEquiv>
                    <Unicode>pas le livre, qu'on le lit et qu’on en</Unicode>
                </TextEquiv>
            </TextLine>
            <TextLine id="r1l18" custom="readingOrder {index:17;}">
                <Coords points="488,1068 1902,1088 1904,976 1793,955 1278,993 824,939 663,989 491,938"/>
                <Baseline points="506,1039 574,1041 643,1043 712,1046 781,1049 850,1052 919,1054 987,1056 1056,1058 1125,1061 1194,1063 1263,1065 1332,1066 1401,1068 1469,1069 1538,1070 1607,1070 1676,1070 1745,1070 1814,1069 1883,1068"/>
                <TextEquiv>
                    <Unicode>Un tour du monde littéraire</Unicode>
                </TextEquiv>
            </TextLine>
            <TextLine id="r1l19" custom="readingOrder {index:18;}">
                <Coords points="2687,1067 3059,1085 3099,1056 3149,1082 3341,1081 3342,1027 2687,1023"/>
                <Baseline points="2706,1059 2736,1061 2767,1063 2798,1064 2829,1065 2860,1065 2890,1066 2921,1066 2952,1066 2983,1066 3014,1066 3044,1065 3075,1065 3106,1065 3137,1066 3168,1066 3198,1066 3229,1067 3260,1069 3291,1070 3322,1072"/>
                <TextEquiv>
                    <Unicode>trats, entremetteurs, chanteurs,</Unicode>
                </TextEquiv>
            </TextLine>
            <TextLine id="r1l20" custom="readingOrder {index:19;}">
                <Coords points="1934,1104 2686,1121 2687,1071 2528,1050 1935,1057"/>
                <Baseline points="1951,1094 1986,1094 2022,1095 2058,1096 2094,1096 2130,1097 2166,1097 2202,1098 2238,1098 2274,1099 2310,1100 2345,1100 2381,1101 2417,1101 2453,1101 2489,1102 2525,1102 2561,1102 2597,1103 2633,1103 2669,1103"/>
                <TextEquiv>
                    <Unicode>reste ému. Un homme an zoo était de</Unicode>
                </TextEquiv>
            </TextLine>
            <TextLine id="r1l21" custom="readingOrder {index:20;}">
                <Coords points="2689,1119 2772,1102 2790,1121 3148,1134 3242,1111 3379,1142 3380,1077 2690,1068"/>
                <Baseline points="2706,1106 2738,1107 2771,1108 2804,1108 2837,1109 2869,1109 2902,1109 2935,1110 2968,1110 3000,1111 3033,1111 3066,1112 3099,1113 3131,1113 3164,1114 3197,1115 3230,1115 3262,1116 3295,1117 3328,1118 3361,1119"/>
                <TextEquiv>
                    <Unicode>ges et courtisanes, éerivains et ph</Unicode>
                </TextEquiv>
            </TextLine>
            <TextLine id="r1l22" custom="readingOrder {index:21;}">
                <Coords points="1940,1153 2685,1145 2685,1109 2522,1098 2240,1118 1940,1102"/>
                <Baseline points="1957,1142 1992,1142 2028,1142 2063,1142 2099,1142 2134,1142 2170,1143 2205,1143 2241,1143 2276,1144 2312,1144 2347,1145 2383,1145 2418,1145 2454,1145 2489,1145 2525,1145 2560,1145 2596,1145 2631,1144 2667,1143"/>
                <TextEquiv>
                    <Unicode>la mème veine, tandis qu'älle deit bar¬</Unicode>
                </TextEquiv>
            </TextLine>
            <TextLine id="r1l23" custom="readingOrder {index:22;}">
                <Coords points="2683,1165 2839,1153 2892,1179 3186,1151 3207,1170 3280,1153 3301,1175 3381,1172 3381,1125 3241,1112 2684,1118"/>
                <Baseline points="2701,1149 2734,1149 2767,1150 2800,1151 2833,1151 2866,1152 2899,1153 2932,1153 2965,1154 2998,1154 3032,1155 3065,1156 3098,1156 3131,1156 3164,1157 3197,1157 3230,1158 3263,1158 3296,1159 3329,1159 3363,1159"/>
                <TextEquiv>
                    <Unicode>sophes, sages et fous, il y a là la p</Unicode>
                </TextEquiv>
            </TextLine>
            <TextLine id="r1l24" custom="readingOrder {index:23;}">
                <Coords points="1175,1173 1847,1208 1849,1118 1733,1118 1666,1080 1571,1118 1524,1080 1431,1074 1354,1098 1264,1074 1177,1108"/>
                <Baseline points="1192,1163 1223,1163 1255,1164 1287,1165 1319,1166 1351,1166 1382,1167 1414,1168 1446,1170 1478,1170 1510,1171 1541,1172 1573,1173 1605,1174 1637,1175 1669,1176 1700,1176 1732,1176 1764,1177 1796,1177 1828,1176"/>
                <TextEquiv>
                    <Unicode>par Nicolas bégur</Unicode>
                </TextEquiv>
            </TextLine>
            <TextLine id="r1l25" custom="readingOrder {index:24;}">
                <Coords points="1931,1188 2702,1197 2702,1132 2648,1154 1932,1152"/>
                <Baseline points="1950,1183 1986,1185 2023,1185 2059,1186 2096,1187 2133,1188 2169,1188 2206,1189 2242,1189 2279,1189 2316,1189 2352,1189 2389,1189 2425,1189 2462,1188 2499,1188 2535,1188 2572,1188 2608,1187 2645,1187 2682,1186"/>
                <TextEquiv>
                    <Unicode>tir, le dernier roman de M. David Gar¬</Unicode>
                </TextEquiv>
            </TextLine>
            <TextLine id="r1l26" custom="readingOrder {index:25;}">
                <Coords points="2680,1194 3330,1222 3381,1205 3382,1173 3302,1175 3278,1152 3255,1174 3187,1154 3158,1171 2681,1161"/>
                <Baseline points="2698,1188 2731,1190 2764,1192 2797,1193 2831,1195 2864,1196 2897,1197 2930,1198 2964,1198 2997,1199 3030,1200 3063,1200 3097,1201 3130,1201 3163,1201 3196,1202 3230,1202 3263,1203 3296,1204 3329,1204 3363,1205"/>
                <TextEquiv>
                    <Unicode>captivante ct la plus riche ménage</Unicode>
                </TextEquiv>
            </TextLine>
            <TextLine id="r1l27" custom="readingOrder {index:26;}">
                <Coords points="1928,1250 2691,1247 2692,1196 1929,1182"/>
                <Baseline points="1947,1231 1983,1231 2019,1231 2056,1231 2092,1231 2128,1231 2165,1231 2201,1231 2237,1232 2274,1232 2310,1232 2346,1232 2383,1232 2419,1232 2455,1233 2492,1233 2528,1233 2564,1234 2601,1234 2637,1234 2674,1235"/>
                <TextEquiv>
                    <Unicode>nett que l’on vient également de tradui¬</Unicode>
                </TextEquiv>
            </TextLine>
            <TextLine id="r1l28" custom="readingOrder {index:27;}">
                <Coords points="2672,1255 3131,1246 3373,1278 3374,1213 2672,1197"/>
                <Baseline points="2690,1240 2723,1240 2756,1241 2789,1241 2823,1242 2856,1242 2889,1243 2923,1243 2956,1244 2989,1245 3023,1245 3056,1245 3089,1246 3122,1246 3156,1247 3189,1247 3222,1247 3256,1247 3289,1247 3322,1247 3356,1247"/>
                <TextEquiv>
                    <Unicode>humaine que jamais un anteur ait r##</Unicode>
                </TextEquiv>
            </TextLine>
            <TextLine id="r1l29" custom="readingOrder {index:28;}">
                <Coords points="1934,1281 2687,1296 2687,1234 2477,1255 1935,1241"/>
                <Baseline points="1953,1271 1988,1272 2024,1273 2060,1273 2096,1274 2132,1274 2167,1274 2203,1274 2239,1274 2275,1274 2311,1275 2346,1275 2382,1275 2418,1275 2454,1275 2490,1275 2525,1275 2561,1276 2597,1276 2633,1277 2669,1277"/>
                <TextEquiv>
                    <Unicode>re, nous fait retomber dans la réalité.</Unicode>
                </TextEquiv>
            </TextLine>
            <TextLine id="r1l30" custom="readingOrder {index:29;}">
                <Coords points="2680,1300 2759,1286 3211,1304 3287,1290 3288,1261 2681,1242"/>
                <Baseline points="2699,1281 2727,1281 2755,1282 2784,1283 2812,1284 2841,1284 2869,1285 2898,1286 2926,1286 2955,1286 2983,1287 3011,1287 3040,1287 3068,1288 3097,1288 3125,1288 3154,1288 3182,1288 3211,1289 3239,1289 3268,1289"/>
                <TextEquiv>
                    <Unicode>nie dans lé cadre d’un livre 9.</Unicode>
                </TextEquiv>
            </TextLine>
            <TextLine id="r1l31" custom="readingOrder {index:30;}">
                <Coords points="470,1282 1937,1338 1896,1264 471,1224"/>
                <Baseline points="489,1292 560,1293 632,1294 703,1296 775,1298 847,1300 918,1302 990,1304 1061,1306 1133,1308 1205,1310 1276,1312 1348,1314 1419,1316 1491,1318 1563,1319 1634,1321 1706,1323 1777,1324 1849,1325 1921,1325"/>
                <TextEquiv>
                    <Unicode>L'union européenne projetée par M. original, joué dans un théätre romain</Unicode>
                </TextEquiv>
            </TextLine>
            <TextLine id="r1l32" custom="readingOrder {index:31;}">
                <Coords points="1939,1325 2692,1340 2692,1264 2529,1285 1940,1278"/>
                <Baseline points="1958,1319 1993,1320 2029,1320 2065,1320 2101,1320 2137,1321 2172,1321 2208,1321 2244,1321 2280,1321 2316,1321 2351,1321 2387,1322 2423,1322 2459,1322 2495,1322 2530,1322 2566,1322 2602,1323 2638,1323 2674,1323"/>
                <TextEquiv>
                    <Unicode>La fugue et le retour d’Anne Dunnock,</Unicode>
                </TextEquiv>
            </TextLine>
            <TextLine id="r1l33" custom="readingOrder {index:32;}">
                <Coords points="2709,1335 3378,1350 3379,1292 2710,1292"/>
                <Baseline points="2726,1323 2757,1325 2789,1326 2820,1328 2852,1329 2884,1329 2915,1330 2947,1331 2979,1331 3010,1332 3042,1332 3074,1332 3105,1333 3137,1333 3169,1333 3200,1334 3232,1334 3264,1334 3295,1335 3327,1335 3359,1336"/>
                <TextEquiv>
                    <Unicode>Et M. Zweig pense que ce Casand</Unicode>
                </TextEquiv>
            </TextLine>
            <TextLine id="r1l34" custom="readingOrder {index:33;}">
                <Coords points="438,1331 1826,1386 1938,1385 1940,1338 440,1269"/>
                <Baseline points="458,1331 531,1334 604,1336 677,1340 750,1342 823,1344 896,1346 970,1349 1043,1351 1116,1352 1189,1354 1262,1356 1335,1358 1408,1359 1482,1360 1555,1361 1628,1363 1701,1364 1774,1365 1847,1365 1921,1366"/>
                <TextEquiv>
                    <Unicode>3rland, la France la realise dejá en que dirigeait M. Pirandello. Et j'ia lu</Unicode>
                </TextEquiv>
            </TextLine>
            <TextLine id="r1l35" custom="readingOrder {index:34;}">
                <Coords points="1944,1378 2627,1381 2681,1370 2682,1338 1944,1328"/>
                <Baseline points="1961,1364 1996,1364 2031,1364 2066,1364 2101,1364 2136,1364 2171,1364 2206,1365 2241,1365 2276,1365 2312,1365 2347,1366 2382,1366 2417,1366 2452,1366 2487,1366 2522,1366 2557,1366 2592,1366 2627,1366 2663,1366"/>
                <TextEquiv>
                    <Unicode>la fille d’un étrange pasteur qui, de ma¬</Unicode>
                </TextEquiv>
            </TextLine>
            <TextLine id="r1l36" custom="readingOrder {index:35;}">
                <Coords points="2676,1377 2767,1371 2792,1397 3374,1392 3374,1348 3233,1332 2760,1342 2677,1323"/>
                <Baseline points="2693,1375 2726,1374 2759,1374 2792,1373 2825,1373 2858,1373 2891,1373 2925,1374 2958,1374 2991,1374 3024,1375 3057,1375 3090,1376 3123,1376 3157,1377 3190,1378 3223,1378 3256,1379 3289,1379 3322,1379 3356,1380"/>
                <TextEquiv>
                    <Unicode>qui a mérité peut-être la potence,</Unicode>
                </TextEquiv>
            </TextLine>
            <TextLine id="r1l37" custom="readingOrder {index:36;}">
                <Coords points="448,1400 1200,1410 1201,1363 1169,1355 450,1335"/>
                <Baseline points="467,1376 502,1378 538,1379 574,1381 610,1383 645,1384 681,1385 717,1387 753,1388 788,1389 824,1390 860,1390 896,1391 931,1392 967,1392 1003,1392 1039,1393 1074,1393 1110,1393 1146,1393 1182,1393"/>
                <TextEquiv>
                    <Unicode>ittérature. Et cest quand meme un re¬</Unicode>
                </TextEquiv>
            </TextLine>
            <TextLine id="r1l38" custom="readingOrder {index:37;}">
                <Coords points="1191,1410 1939,1426 1940,1383 1192,1363"/>
                <Baseline points="1208,1400 1243,1401 1279,1402 1315,1404 1350,1405 1386,1406 1422,1407 1457,1408 1493,1408 1529,1409 1565,1410 1600,1410 1636,1411 1672,1411 1707,1412 1743,1412 1779,1412 1814,1412 1850,1412 1886,1413 1922,1413"/>
                <TextEquiv>
                    <Unicode>en outre, maintes nouvelles de Jui. Em¬</Unicode>
                </TextEquiv>
            </TextLine>
            <TextLine id="r1l39" custom="readingOrder {index:38;}">
                <Coords points="1940,1418 2627,1425 2682,1417 2682,1370 1940,1371"/>
                <Baseline points="1959,1407 1994,1408 2029,1409 2064,1410 2100,1410 2135,1411 2170,1411 2206,1411 2241,1411 2276,1411 2312,1411 2347,1411 2382,1411 2417,1410 2453,1410 2488,1409 2523,1409 2559,1409 2594,1408 2629,1408 2665,1408"/>
                <TextEquiv>
                    <Unicode>niaque qu'il était, devient véritablement</Unicode>
                </TextEquiv>
            </TextLine>
            <TextLine id="r1l40" custom="readingOrder {index:39;}">
                <Coords points="2682,1422 3377,1433 3377,1393 3345,1382 3214,1399 2683,1385"/>
                <Baseline points="2701,1417 2733,1417 2766,1418 2799,1418 2832,1419 2865,1420 2898,1420 2931,1421 2964,1421 2997,1421 3030,1422 3062,1422 3095,1422 3128,1423 3161,1423 3194,1423 3227,1423 3260,1423 3293,1424 3326,1424 3359,1424"/>
                <TextEquiv>
                    <Unicode>n’est pas un littérateur et se défe</Unicode>
                </TextEquiv>
            </TextLine>
            <TextLine id="r1l41" custom="readingOrder {index:40;}">
                <Coords points="442,1432 1191,1451 1192,1411 1112,1402 444,1389"/>
                <Baseline points="461,1424 496,1425 532,1426 567,1427 603,1428 639,1429 674,1430 710,1431 746,1433 781,1434 817,1434 853,1435 888,1436 924,1437 960,1438 995,1439 1031,1439 1067,1439 1102,1440 1138,1440 1174,1440"/>
                <TextEquiv>
                    <Unicode>sultat. Depuis quelques années, une ar¬</Unicode>
                </TextEquiv>
            </TextLine>
            <TextLine id="r1l42" custom="readingOrder {index:41;}">
                <Coords points="1194,1460 1921,1472 1946,1469 1947,1422 1195,1409"/>
                <Baseline points="1214,1443 1249,1444 1285,1446 1320,1448 1356,1450 1392,1451 1427,1452 1463,1453 1499,1453 1534,1454 1570,1454 1606,1455 1641,1455 1677,1455 1713,1455 1748,1455 1784,1456 1820,1456 1855,1456 1891,1457 1927,1458"/>
                <TextEquiv>
                    <Unicode>porté par l’imagination, recherchant du</Unicode>
                </TextEquiv>
            </TextLine>
            <TextLine id="r1l43" custom="readingOrder {index:42;}">
                <Coords points="1933,1470 2685,1465 2685,1415 1933,1415"/>
                <Baseline points="1952,1453 1987,1454 2023,1455 2059,1456 2094,1457 2130,1458 2166,1458 2201,1458 2237,1458 2273,1458 2309,1458 2344,1458 2380,1458 2416,1457 2451,1457 2487,1456 2523,1456 2558,1455 2594,1455 2630,1454 2666,1454"/>
                <TextEquiv>
                    <Unicode>fou, sont tissés d’amour et de réve,</Unicode>
                </TextEquiv>
            </TextLine>
            <TextLine id="r1l44" custom="readingOrder {index:43;}">
                <Coords points="2684,1475 3382,1481 3383,1430 2685,1420"/>
                <Baseline points="2701,1461 2734,1462 2767,1462 2800,1462 2833,1462 2866,1463 2899,1463 2932,1463 2965,1463 2998,1463 3032,1464 3065,1464 3098,1464 3131,1464 3164,1464 3197,1465 3230,1465 3263,1466 3296,1467 3329,1468 3363,1469"/>
                <TextEquiv>
                    <Unicode>lui-mème d’etre psychologue, a écrit</Unicode>
                </TextEquiv>
            </TextLine>
            <TextLine id="r1l45" custom="readingOrder {index:44;}">
                <Coords points="431,1478 1205,1502 1206,1455 1177,1447 432,1438"/>
                <Baseline points="449,1469 485,1470 522,1472 559,1473 596,1473 633,1474 670,1475 706,1476 743,1477 780,1478 817,1479 854,1479 891,1480 928,1481 964,1482 1001,1482 1038,1483 1075,1483 1112,1484 1149,1485 1186,1485"/>
                <TextEquiv>
                    <Unicode>mée de traducteurs nous offre, tant en</Unicode>
                </TextEquiv>
            </TextLine>
            <TextLine id="r1l46" custom="readingOrder {index:45;}">
                <Coords points="1196,1493 1941,1514 1941,1470 1873,1462 1197,1446"/>
                <Baseline points="1215,1488 1250,1489 1285,1491 1321,1492 1356,1493 1392,1495 1427,1495 1462,1496 1498,1497 1533,1497 1569,1498 1604,1499 1639,1499 1675,1500 1710,1500 1746,1500 1781,1500 1816,1501 1852,1501 1887,1501 1923,1501"/>
                <TextEquiv>
                    <Unicode>nouveau et le recherchant volontiers</Unicode>
                </TextEquiv>
            </TextLine>
            <TextLine id="r1l47" custom="readingOrder {index:46;}">
                <Coords points="1944,1516 2624,1514 2671,1507 2671,1467 1944,1469"/>
                <Baseline points="1962,1497 1996,1499 2031,1501 2065,1502 2100,1504 2135,1504 2169,1505 2204,1505 2238,1506 2273,1506 2308,1506 2342,1505 2377,1505 2411,1504 2446,1504 2481,1503 2515,1502 2550,1501 2584,1500 2619,1499 2654,1498"/>
                <TextEquiv>
                    <Unicode>mais se passent dans le réel. Nous n'a¬</Unicode>
                </TextEquiv>
            </TextLine>
            <TextLine id="r1l48" custom="readingOrder {index:47;}">
                <Coords points="2685,1518 3383,1522 3383,1482 3275,1466 2685,1475"/>
                <Baseline points="2702,1507 2735,1506 2768,1506 2801,1505 2834,1505 2868,1505 2901,1505 2934,1506 2967,1506 3000,1507 3034,1507 3067,1508 3100,1508 3133,1509 3166,1510 3200,1511 3233,1512 3266,1513 3299,1514 3332,1515 3366,1516"/>
                <TextEquiv>
                    <Unicode>plus amusant roman, tracé la plus p</Unicode>
                </TextEquiv>
            </TextLine>
            <TextLine id="r1l49" custom="readingOrder {index:48;}">
                <Coords points="432,1533 642,1540 718,1516 808,1546 837,1525 1217,1542 1218,1480 1192,1476 1051,1499 433,1479"/>
                <Baseline points="450,1515 487,1517 525,1518 562,1518 600,1520 637,1521 675,1521 712,1522 750,1522 787,1522 825,1523 862,1523 900,1523 937,1524 975,1524 1012,1525 1050,1525 1087,1526 1125,1528 1162,1529 1200,1530"/>
                <TextEquiv>
                    <Unicode>romans qu’en essais historiques ou cri¬</Unicode>
                </TextEquiv>
            </TextLine>
            <TextLine id="r1l50" custom="readingOrder {index:49;}">
                <Coords points="1197,1542 1901,1563 1934,1556 1935,1516 1197,1495"/>
                <Baseline points="1216,1531 1251,1533 1286,1535 1321,1537 1356,1538 1391,1539 1426,1540 1461,1541 1496,1542 1531,1542 1566,1543 1601,1543 1636,1544 1671,1544 1706,1544 1741,1545 1776,1545 1811,1546 1846,1546 1881,1546 1916,1547"/>
                <TextEquiv>
                    <Unicode>hors du réel, M. Bontemporelli atteint</Unicode>
                </TextEquiv>
            </TextLine>
            <TextLine id="r1l51" custom="readingOrder {index:50;}">
                <Coords points="1936,1544 2081,1566 2117,1548 2150,1567 2171,1549 2678,1558 2678,1511 2645,1503 1936,1508"/>
                <Baseline points="1953,1544 1988,1544 2023,1546 2058,1547 2094,1548 2129,1549 2164,1550 2200,1550 2235,1551 2270,1552 2306,1552 2341,1553 2376,1553 2411,1552 2447,1552 2482,1551 2517,1551 2553,1550 2588,1548 2623,1545 2659,1543"/>
                <TextEquiv>
                    <Unicode>vons pas lä une ceuvre tout à fait ori¬</Unicode>
                </TextEquiv>
            </TextLine>
            <TextLine id="r1l52" custom="readingOrder {index:51;}">
                <Coords points="2672,1557 3337,1571 3366,1565 3367,1525 2673,1513"/>
                <Baseline points="2689,1547 2721,1547 2754,1548 2787,1548 2820,1549 2853,1550 2886,1550 2919,1551 2952,1551 2985,1551 3018,1552 3050,1552 3083,1553 3116,1553 3149,1554 3182,1555 3215,1555 3248,1556 3281,1557 3314,1558 3347,1558"/>
                <TextEquiv>
                    <Unicode>faite image d’une époque, bref, la</Unicode>
                </TextEquiv>
            </TextLine>
            <TextLine id="r1l53" custom="readingOrder {index:52;}">
                <Coords points="430,1574 1197,1588 1198,1537 1111,1525 431,1534"/>
                <Baseline points="447,1561 483,1562 520,1563 556,1563 593,1564 630,1565 666,1566 703,1567 739,1568 776,1568 813,1569 849,1570 886,1570 922,1571 959,1571 996,1572 1032,1573 1069,1573 1105,1573 1142,1574 1179,1574"/>
                <TextEquiv>
                    <Unicode>tiques, le meilleur de ce qui parait en</Unicode>
                </TextEquiv>
            </TextLine>
            <TextLine id="r1l54" custom="readingOrder {index:53;}">
                <Coords points="1196,1588 1934,1607 1935,1556 1197,1544"/>
                <Baseline points="1216,1575 1252,1577 1289,1579 1326,1581 1363,1582 1399,1583 1436,1584 1473,1585 1510,1586 1547,1587 1583,1587 1620,1588 1657,1588 1694,1589 1731,1589 1767,1590 1804,1590 1841,1591 1878,1591 1915,1592"/>
                <TextEquiv>
                    <Unicode>souvent le symbole et se heurte aussi</Unicode>
                </TextEquiv>
            </TextLine>
            <TextLine id="r1l55" custom="readingOrder {index:54;}">
                <Coords points="1932,1603 2680,1602 2681,1551 2069,1563 1932,1537"/>
                <Baseline points="1951,1589 1986,1590 2022,1590 2057,1591 2093,1592 2129,1593 2164,1594 2200,1595 2235,1595 2271,1596 2307,1597 2342,1597 2378,1597 2413,1597 2449,1597 2485,1596 2520,1595 2556,1594 2591,1593 2627,1590 2663,1588"/>
                <TextEquiv>
                    <Unicode>ginale ni frappante, mais une cuvre</Unicode>
                </TextEquiv>
            </TextLine>
            <TextLine id="r1l56" custom="readingOrder {index:55;}">
                <Coords points="2674,1602 3376,1620 3376,1562 3355,1558 3119,1573 2675,1552"/>
                <Baseline points="2692,1591 2725,1592 2758,1593 2791,1594 2824,1595 2858,1595 2891,1596 2924,1596 2957,1597 2990,1597 3024,1597 3057,1597 3090,1598 3123,1598 3156,1599 3190,1599 3223,1600 3256,1600 3289,1601 3322,1602 3356,1604"/>
                <TextEquiv>
                    <Unicode>une ceuvre immortelle par l’intens</Unicode>
                </TextEquiv>
            </TextLine>
            <TextLine id="r1l57" custom="readingOrder {index:56;}">
                <Coords points="440,1615 1203,1631 1204,1580 441,1571"/>
                <Baseline points="457,1607 493,1607 530,1608 566,1609 603,1609 639,1610 676,1610 712,1610 749,1611 785,1611 822,1611 858,1612 895,1612 931,1612 968,1613 1004,1613 1041,1614 1077,1614 1114,1615 1150,1616 1187,1617"/>
                <TextEquiv>
                    <Unicode>Europe — que dis-je! dans les deux</Unicode>
                </TextEquiv>
            </TextLine>
            <TextLine id="r1l58" custom="readingOrder {index:57;}">
                <Coords points="1199,1636 1940,1653 1941,1606 1865,1597 1200,1592"/>
                <Baseline points="1218,1621 1253,1623 1288,1624 1323,1626 1359,1628 1394,1629 1429,1629 1464,1630 1500,1631 1535,1631 1570,1632 1605,1632 1641,1632 1676,1632 1711,1633 1746,1633 1782,1634 1817,1635 1852,1635 1887,1637 1923,1638"/>
                <TextEquiv>
                    <Unicode>sans crainte contre le paradoxe. Mais</Unicode>
                </TextEquiv>
            </TextLine>
            <TextLine id="r1l59" custom="readingOrder {index:58;}">
                <Coords points="1935,1645 2625,1647 2683,1633 2684,1593 1935,1605"/>
                <Baseline points="1953,1634 1988,1633 2024,1633 2059,1633 2095,1634 2131,1635 2166,1635 2202,1636 2237,1637 2273,1638 2309,1639 2344,1640 2380,1641 2415,1641 2451,1641 2487,1641 2522,1640 2558,1640 2593,1638 2629,1635 2665,1632"/>
                <TextEquiv>
                    <Unicode>qui conserve quand mème l’accent hu¬</Unicode>
                </TextEquiv>
            </TextLine>
            <TextLine id="r1l60" custom="readingOrder {index:59;}">
                <Coords points="2672,1662 2737,1641 2806,1656 3027,1647 3084,1659 3160,1645 3161,1605 2980,1615 2915,1596 2799,1609 2774,1595 2673,1597"/>
                <Baseline points="2690,1637 2715,1638 2740,1638 2765,1638 2790,1639 2815,1639 2840,1640 2865,1640 2890,1640 2916,1641 2941,1641 2966,1641 2991,1641 3016,1641 3041,1641 3066,1642 3091,1641 3116,1641 3142,1641"/>
                <TextEquiv>
                    <Unicode>la vitalité qui y éclatent.</Unicode>
                </TextEquiv>
            </TextLine>
            <TextLine id="r1l61" custom="readingOrder {index:60;}">
                <Coords points="435,1678 479,1680 508,1659 559,1660 569,1672 617,1659 664,1664 665,1620 589,1625 578,1614 545,1624 535,1613 517,1619 510,1612 437,1613"/>
                <Baseline points="454,1648 481,1650 508,1650 535,1652 562,1653 589,1653 616,1654 644,1654"/>
                <TextEquiv>
                    <Unicode>Mondes.</Unicode>
                </TextEquiv>
            </TextLine>
            <TextLine id="r1l62" custom="readingOrder {index:61;}">
                <Coords points="1186,1680 1923,1698 1945,1695 1946,1651 1187,1622"/>
                <Baseline points="1205,1668 1241,1669 1277,1670 1313,1671 1349,1672 1385,1673 1421,1674 1457,1674 1493,1675 1529,1676 1566,1677 1602,1677 1638,1678 1674,1679 1710,1679 1746,1680 1782,1681 1818,1681 1854,1681 1890,1682 1927,1682"/>
                <TextEquiv>
                    <Unicode>son esprit est vraiment personnel, puis</Unicode>
                </TextEquiv>
            </TextLine>
            <TextLine id="r1l63" custom="readingOrder {index:62;}">
                <Coords points="1935,1692 2691,1701 2690,1629 1935,1645"/>
                <Baseline points="1953,1677 1989,1678 2025,1679 2061,1680 2097,1680 2133,1681 2169,1682 2205,1682 2241,1682 2277,1682 2313,1682 2349,1682 2385,1682 2421,1682 2457,1681 2493,1680 2529,1680 2565,1679 2601,1678 2637,1676 2673,1675"/>
                <TextEquiv>
                    <Unicode>main si propre aux réeits de M. David</Unicode>
                </TextEquiv>
            </TextLine>
            <TextLine id="r1l64" custom="readingOrder {index:63;}">
                <Coords points="2703,1696 3346,1704 3379,1690 3381,1625 3232,1623 3167,1657 2954,1635 2704,1653"/>
                <Baseline points="2720,1681 2752,1682 2784,1682 2816,1683 2848,1684 2880,1685 2912,1685 2944,1686 2976,1686 3008,1687 3040,1688 3072,1688 3104,1689 3136,1689 3168,1690 3200,1690 3232,1691 3264,1691 3296,1692 3328,1693 3360,1693"/>
                <TextEquiv>
                    <Unicode>L'autre livre, d’imagination celut</Unicode>
                </TextEquiv>
            </TextLine>
            <TextLine id="r1l65" custom="readingOrder {index:64;}">
                <Coords points="460,1697 637,1725 670,1707 1205,1724 1205,1669 1159,1647 1064,1671 920,1643 876,1675 711,1632 670,1660 460,1671"/>
                <Baseline points="478,1693 513,1695 548,1698 584,1699 619,1701 655,1702 690,1703 725,1704 761,1705 796,1706 832,1706 867,1707 902,1707 938,1707 973,1707 1009,1707 1044,1707 1079,1707 1115,1707 1150,1707 1186,1707"/>
                <TextEquiv>
                    <Unicode>De mämhe que, gräce à la télégraphie</Unicode>
                </TextEquiv>
            </TextLine>
            <TextLine id="r1l66" custom="readingOrder {index:65;}">
                <Coords points="1195,1732 1940,1738 1941,1688 1196,1678"/>
                <Baseline points="1214,1715 1249,1715 1285,1716 1320,1716 1356,1717 1391,1718 1427,1719 1462,1720 1498,1721 1533,1722 1569,1722 1604,1723 1640,1724 1675,1725 1711,1725 1746,1725 1782,1726 1817,1726 1853,1726 1888,1725 1924,1725"/>
                <TextEquiv>
                    <Unicode>poétique, de sorte qu’il nous entraine</Unicode>
                </TextEquiv>
            </TextLine>
            <TextLine id="r1l67" custom="readingOrder {index:66;}">
                <Coords points="1943,1746 1964,1747 1975,1736 2005,1730 2033,1730 2048,1741 2062,1734 2088,1738 2109,1728 2138,1732 2139,1699 2103,1695 2089,1684 2049,1698 2016,1686 1944,1685"/>
                <Baseline points="1962,1721 1988,1721 2014,1721 2041,1722 2067,1723 2093,1723 2120,1723"/>
                <TextEquiv>
                    <Unicode>Garnett.</Unicode>
                </TextEquiv>
            </TextLine>
            <TextLine id="r1l68" custom="readingOrder {index:67;}">
                <Coords points="2665,1733 2943,1753 2969,1732 3236,1730 3326,1757 3373,1747 3374,1707 3259,1687 2745,1695 2666,1661"/>
                <Baseline points="2684,1724 2717,1726 2751,1727 2784,1728 2818,1729 2852,1730 2885,1731 2919,1731 2953,1732 2986,1732 3020,1732 3054,1732 3087,1733 3121,1733 3155,1734 3188,1734 3222,1735 3256,1736 3289,1738 3323,1740 3357,1742"/>
                <TextEquiv>
                    <Unicode>sur Casanova, est dü à Schnitzler,</Unicode>
                </TextEquiv>
            </TextLine>
            <TextLine id="r1l69" custom="readingOrder {index:68;}">
                <Coords points="433,1742 1203,1763 1196,1715 596,1715 434,1687"/>
                <Baseline points="450,1739 486,1741 523,1742 560,1743 597,1744 634,1744 670,1745 707,1746 744,1746 781,1746 818,1747 854,1747 891,1747 928,1747 965,1748 1002,1748 1038,1749 1075,1749 1112,1750 1149,1751 1186,1751"/>
                <TextEquiv>
                    <Unicode>sans fil, en tournant le bouton d’un</Unicode>
                </TextEquiv>
            </TextLine>
            <TextLine id="r1l70" custom="readingOrder {index:69;}">
                <Coords points="1196,1771 1948,1783 1949,1740 1920,1736 1197,1731"/>
                <Baseline points="1213,1758 1248,1760 1284,1761 1320,1762 1356,1763 1392,1765 1427,1765 1463,1766 1499,1767 1535,1767 1571,1768 1606,1768 1642,1768 1678,1769 1714,1769 1750,1769 1785,1770 1821,1770 1857,1771 1893,1772 1929,1772"/>
                <TextEquiv>
                    <Unicode>ou il veut et que nous le suivons de bon</Unicode>
                </TextEquiv>
            </TextLine>
            <TextLine id="r1l71" custom="readingOrder {index:70;}">
                <Coords points="2671,1794 3380,1798 3381,1733 2672,1736"/>
                <Baseline points="2689,1775 2722,1775 2756,1774 2789,1774 2823,1774 2857,1774 2890,1774 2924,1775 2958,1775 2991,1776 3025,1777 3059,1777 3092,1778 3126,1778 3160,1779 3193,1779 3227,1780 3261,1780 3294,1780 3328,1779 3362,1779"/>
                <TextEquiv>
                    <Unicode>grand Ccrivain viennots quöff ne #</Unicode>
                </TextEquiv>
            </TextLine>
            <TextLine id="r1l72" custom="readingOrder {index:71;}">
                <Coords points="1962,1779 2682,1796 2683,1738 2579,1717 2415,1739 2188,1708 2130,1739 1963,1735"/>
                <Baseline points="1980,1764 2014,1766 2048,1768 2082,1770 2116,1772 2151,1774 2185,1775 2219,1777 2253,1779 2287,1780 2322,1781 2356,1781 2390,1782 2424,1782 2458,1782 2493,1782 2527,1782 2561,1782 2595,1781 2629,1780 2664,1779"/>
                <TextEquiv>
                    <Unicode>C’est des pays de langue germanique</Unicode>
                </TextEquiv>
            </TextLine>
            <TextLine id="r1l73" custom="readingOrder {index:72;}">
                <Coords points="442,1782 521,1808 1158,1810 1197,1807 1198,1760 442,1757"/>
                <Baseline points="459,1786 495,1786 531,1787 567,1788 603,1789 639,1789 675,1790 711,1791 747,1792 783,1792 820,1793 856,1794 892,1794 928,1794 964,1795 1000,1795 1036,1795 1072,1795 1108,1795 1144,1795 1181,1794"/>
                <TextEquiv>
                    <Unicode>condensateur, on entend, sans se lever</Unicode>
                </TextEquiv>
            </TextLine>
            <TextLine id="r1l74" custom="readingOrder {index:73;}">
                <Coords points="1192,1820 1782,1817 1868,1840 1933,1827 1934,1783 1193,1773"/>
                <Baseline points="1209,1806 1244,1805 1279,1805 1315,1806 1350,1806 1386,1807 1421,1807 1456,1808 1492,1809 1527,1810 1563,1811 1598,1811 1633,1812 1669,1813 1704,1814 1740,1815 1775,1815 1810,1815 1846,1816 1881,1816 1917,1816"/>
                <TextEquiv>
                    <Unicode>gré. Le füs de deur mères, que M. Em¬</Unicode>
                </TextEquiv>
            </TextLine>
            <TextLine id="r1l75" custom="readingOrder {index:74;}">
                <Coords points="2675,1831 3098,1820 3340,1843 3380,1829 3381,1764 3308,1784 2675,1788"/>
                <Baseline points="2692,1816 2725,1817 2759,1817 2792,1818 2826,1818 2859,1819 2893,1820 2926,1820 2960,1821 2993,1822 3027,1822 3061,1823 3094,1824 3128,1824 3161,1825 3195,1825 3228,1826 3262,1826 3295,1826 3329,1826 3363,1826"/>
                <TextEquiv>
                    <Unicode>nait et ne présente en France que 6e</Unicode>
                </TextEquiv>
            </TextLine>
            <TextLine id="r1l76" custom="readingOrder {index:75;}">
                <Coords points="1942,1827 2676,1835 2677,1796 2655,1791 2134,1789 1944,1751"/>
                <Baseline points="1960,1812 1994,1812 2029,1813 2064,1814 2099,1815 2134,1816 2169,1818 2203,1819 2238,1821 2273,1822 2308,1823 2343,1825 2378,1826 2413,1827 2447,1827 2482,1828 2517,1828 2552,1828 2587,1827 2622,1826 2657,1825"/>
                <TextEquiv>
                    <Unicode>que nous arrivent deux ouvrages cu¬</Unicode>
                </TextEquiv>
            </TextLine>
            <TextLine id="r1l77" custom="readingOrder {index:76;}">
                <Coords points="438,1837 1197,1856 1198,1805 594,1803 439,1779"/>
                <Baseline points="455,1829 491,1830 527,1832 563,1833 600,1835 636,1836 672,1837 708,1837 745,1838 781,1838 817,1839 853,1839 890,1839 926,1839 962,1840 998,1840 1035,1840 1071,1841 1107,1841 1143,1842 1180,1843"/>
                <TextEquiv>
                    <Unicode>de son fauteuil, des accents musicaux</Unicode>
                </TextEquiv>
            </TextLine>
            <TextLine id="r1l78" custom="readingOrder {index:77;}">
                <Coords points="1196,1862 1626,1878 1691,1857 1803,1885 1944,1881 1945,1823 1197,1811"/>
                <Baseline points="1215,1849 1250,1850 1286,1851 1321,1851 1357,1852 1392,1853 1428,1854 1463,1854 1499,1855 1534,1856 1570,1857 1606,1858 1641,1858 1677,1859 1712,1860 1748,1861 1783,1861 1819,1862 1854,1862 1890,1862 1926,1863"/>
                <TextEquiv>
                    <Unicode>manuel Audisio vient de traduire, est</Unicode>
                </TextEquiv>
            </TextLine>
            <TextLine id="r1l79" custom="readingOrder {index:78;}">
                <Coords points="1942,1865 2662,1889 2683,1886 2685,1828 1944,1807"/>
                <Baseline points="1962,1853 1997,1856 2032,1858 2067,1860 2102,1862 2137,1864 2172,1865 2207,1867 2242,1868 2277,1869 2313,1870 2348,1870 2383,1871 2418,1872 2453,1872 2488,1872 2523,1872 2558,1872 2593,1871 2628,1870 2664,1870"/>
                <TextEquiv>
                    <Unicode>rieux, un roman et un essai critique,</Unicode>
                </TextEquiv>
            </TextLine>
            <TextLine id="r1l80" custom="readingOrder {index:79;}">
                <Coords points="2680,1869 3375,1879 3375,1821 3354,1817 2681,1822"/>
                <Baseline points="2698,1861 2731,1861 2764,1862 2797,1863 2830,1864 2863,1865 2896,1866 2929,1866 2962,1867 2995,1868 3028,1869 3061,1869 3094,1870 3127,1870 3160,1870 3193,1870 3226,1870 3259,1870 3292,1869 3325,1868 3358,1867"/>
                <TextEquiv>
                    <Unicode>me conteur, tandis qu'il est surtout</Unicode>
                </TextEquiv>
            </TextLine>
            <TextLine id="r1l81" custom="readingOrder {index:80;}">
                <Coords points="435,1896 1158,1902 1191,1899 1192,1852 436,1838"/>
                <Baseline points="452,1877 488,1877 524,1877 560,1878 596,1878 632,1879 668,1880 704,1880 740,1881 776,1882 813,1883 849,1884 885,1885 921,1886 957,1886 993,1887 1029,1887 1065,1887 1101,1888 1137,1888 1174,1887"/>
                <TextEquiv>
                    <Unicode>venant de la Scandinavie, la voix d'un</Unicode>
                </TextEquiv>
            </TextLine>
            <TextLine id="r1l82" custom="readingOrder {index:81;}">
                <Coords points="1202,1903 1423,1906 1455,1928 1477,1906 1940,1916 1937,1872 1203,1860"/>
                <Baseline points="1220,1895 1255,1896 1290,1897 1325,1898 1360,1899 1395,1900 1430,1900 1466,1901 1501,1901 1536,1902 1571,1903 1606,1903 1641,1904 1676,1904 1712,1904 1747,1904 1782,1904 1817,1904 1852,1904 1887,1904 1923,1904"/>
                <TextEquiv>
                    <Unicode>un peu le jugement de Salomon appro¬</Unicode>
                </TextEquiv>
            </TextLine>
            <TextLine id="r1l83" custom="readingOrder {index:82;}">
                <Coords points="2676,1921 2770,1904 2950,1927 3027,1906 3294,1931 3374,1917 3374,1870 3338,1859 3070,1881 2676,1867"/>
                <Baseline points="2695,1906 2728,1906 2761,1906 2794,1907 2827,1907 2860,1908 2893,1908 2926,1909 2959,1910 2992,1910 3025,1911 3058,1912 3091,1912 3124,1913 3157,1913 3190,1913 3223,1912 3256,1912 3289,1911 3322,1910 3355,1908"/>
                <TextEquiv>
                    <Unicode>teur dramatique, L'auteur d'’Anal</Unicode>
                </TextEquiv>
            </TextLine>
            <TextLine id="r1l84" custom="readingOrder {index:83;}">
                <Coords points="1933,1916 2594,1931 2674,1922 2675,1878 1934,1862"/>
                <Baseline points="1950,1900 1985,1901 2020,1902 2055,1904 2091,1905 2126,1907 2161,1909 2197,1910 2232,1912 2267,1913 2303,1915 2338,1916 2373,1916 2408,1917 2444,1917 2479,1917 2514,1917 2550,1916 2585,1915 2620,1912 2656,1910"/>
                <TextEquiv>
                    <Unicode>consacrés à Casanova. L’étrange aven¬</Unicode>
                </TextEquiv>
            </TextLine>
            <TextLine id="r1l85" custom="readingOrder {index:84;}">
                <Coords points="423,1929 1215,1954 1216,1904 489,1890 424,1867"/>
                <Baseline points="440,1923 477,1923 515,1923 553,1923 591,1923 629,1924 666,1924 704,1925 742,1926 780,1926 818,1927 855,1928 893,1929 931,1930 969,1931 1007,1932 1044,1933 1082,1933 1120,1934 1158,1935 1196,1935"/>
                <TextEquiv>
                    <Unicode>prédicateur exhortant à la pénitence en</Unicode>
                </TextEquiv>
            </TextLine>
            <TextLine id="r1l86" custom="readingOrder {index:85;}">
                <Coords points="1192,1947 1941,1972 1941,1918 1919,1914 1193,1900"/>
                <Baseline points="1210,1941 1245,1943 1281,1944 1316,1945 1352,1946 1388,1947 1423,1948 1459,1948 1494,1948 1530,1948 1566,1948 1601,1948 1637,1948 1672,1948 1708,1948 1744,1949 1779,1949 1815,1949 1850,1950 1886,1951 1922,1953"/>
                <TextEquiv>
                    <Unicode>fondi, rendu fantastique et transposé,</Unicode>
                </TextEquiv>
            </TextLine>
            <TextLine id="r1l87" custom="readingOrder {index:86;}">
                <Coords points="1941,1954 2291,1974 2378,1950 2400,1969 2631,1954 2692,1984 2694,1915 1941,1904"/>
                <Baseline points="1958,1945 1993,1946 2029,1947 2065,1949 2101,1951 2137,1952 2173,1953 2209,1955 2245,1956 2281,1957 2317,1958 2352,1958 2388,1959 2424,1959 2460,1959 2496,1959 2532,1958 2568,1958 2604,1956 2640,1955 2676,1953"/>
                <TextEquiv>
                    <Unicode>turier sur lequel on a écrit toute une</Unicode>
                </TextEquiv>
            </TextLine>
            <TextLine id="r1l88" custom="readingOrder {index:87;}">
                <Coords points="2672,1953 3084,1978 3106,1960 3374,1964 3374,1917 2673,1917"/>
                <Baseline points="2690,1951 2723,1952 2756,1952 2789,1953 2822,1954 2856,1954 2889,1955 2922,1956 2955,1956 2988,1956 3022,1957 3055,1957 3088,1957 3121,1958 3154,1958 3188,1959 3221,1959 3254,1960 3287,1960 3320,1962 3354,1962"/>
                <TextEquiv>
                    <Unicode>fait vivre à merveille Casanova et,</Unicode>
                </TextEquiv>
            </TextLine>
            <TextLine id="r1l89" custom="readingOrder {index:88;}">
                <Coords points="427,1984 1887,2009 1936,1945 428,1923"/>
                <Baseline points="445,1971 518,1970 592,1970 665,1970 739,1971 813,1973 886,1974 960,1976 1034,1978 1107,1980 1181,1983 1255,1985 1328,1987 1402,1989 1476,1991 1549,1992 1623,1994 1697,1995 1770,1995 1844,1995 1918,1995"/>
                <TextEquiv>
                    <Unicode>Espagne, ou un orateur vantant les Sei romancé. Deux mères réclament un en¬</Unicode>
                </TextEquiv>
            </TextLine>
            <TextLine id="r1l90" custom="readingOrder {index:89;}">
                <Coords points="1930,2004 3373,2017 3373,1966 3294,1955 1931,1946"/>
                <Baseline points="1948,1992 2018,1995 2088,1997 2159,1998 2229,1999 2299,2000 2370,2000 2440,2000 2510,2000 2581,2000 2651,1999 2721,1999 2792,1998 2862,1998 2932,1998 3003,1998 3073,1999 3143,2000 3214,2002 3284,2004 3355,2008"/>
                <TextEquiv>
                    <Unicode>bibliothéque attire particulièrement 1’1-ajoutant encore une aventure dam</Unicode>
                </TextEquiv>
            </TextLine>
            <TextLine id="r1l91" custom="readingOrder {index:90;}">
                <Coords points="428,2021 1936,2055 1933,2000 429,1974"/>
                <Baseline points="447,2015 520,2014 594,2014 667,2014 741,2015 814,2016 888,2018 961,2020 1035,2022 1108,2024 1182,2026 1256,2029 1329,2031 1403,2033 1476,2035 1550,2037 1623,2038 1697,2039 1770,2040 1844,2040 1918,2039"/>
                <TextEquiv>
                    <Unicode>viets à Léningrad, de meme, à la de-]fant, ou plus eyactement un enfant äge</Unicode>
                </TextEquiv>
            </TextLine>
            <TextLine id="r1l92" custom="readingOrder {index:91;}">
                <Coords points="1940,2048 3383,2066 3383,2001 1940,1998"/>
                <Baseline points="1958,2034 2028,2037 2098,2040 2169,2042 2239,2044 2309,2045 2380,2045 2450,2046 2520,2046 2591,2046 2661,2045 2731,2045 2802,2045 2872,2045 2942,2044 3013,2044 3083,2044 3153,2045 3224,2046 3294,2047 3365,2048"/>
                <TextEquiv>
                    <Unicode>magination allemande. II faut dire duimaginaire aux innonbrables aventu</Unicode>
                </TextEquiv>
            </TextLine>
            <TextLine id="r1l93" custom="readingOrder {index:92;}">
                <Coords points="431,2053 644,2081 717,2060 1205,2082 1205,2038 1126,2023 431,2020"/>
                <Baseline points="449,2056 485,2057 522,2058 559,2058 596,2059 633,2059 670,2060 706,2061 743,2061 780,2062 817,2062 854,2063 891,2063 928,2064 964,2064 1001,2065 1038,2065 1075,2065 1112,2066 1149,2066 1186,2066"/>
                <TextEquiv>
                    <Unicode>vanture d’un libraire, on peut cueillir</Unicode>
                </TextEquiv>
            </TextLine>
            <TextLine id="r1l94" custom="readingOrder {index:93;}">
                <Coords points="1193,2085 1790,2105 1938,2096 1939,2056 1440,2055 1295,2017 1194,2034"/>
                <Baseline points="1213,2076 1248,2077 1283,2078 1319,2078 1354,2079 1390,2080 1425,2080 1460,2081 1496,2081 1531,2081 1567,2082 1602,2082 1637,2082 1673,2083 1708,2083 1744,2083 1779,2083 1814,2083 1850,2084 1885,2084 1921,2084"/>
                <TextEquiv>
                    <Unicode>de sept ans, ne reconnaissant plus sa</Unicode>
                </TextEquiv>
            </TextLine>
            <TextLine id="r1l95" custom="readingOrder {index:94;}">
                <Coords points="1937,2097 3377,2098 3337,2051 1938,2050"/>
                <Baseline points="1957,2082 2027,2083 2097,2084 2167,2086 2237,2086 2307,2087 2377,2088 2447,2088 2517,2088 2587,2088 2657,2088 2727,2088 2797,2089 2867,2089 2937,2089 3007,2089 3077,2090 3147,2090 3217,2091 3287,2092 3358,2093"/>
                <TextEquiv>
                    <Unicode>reste que, ces derniers temps, la per-fréelles du Vénitien, il ne nous dée</Unicode>
                </TextEquiv>
            </TextLine>
            <TextLine id="r1l96" custom="readingOrder {index:95;}">
                <Coords points="436,2106 1202,2125 1203,2075 436,2055"/>
                <Baseline points="453,2100 489,2101 526,2103 562,2104 599,2105 636,2105 672,2106 709,2107 745,2107 782,2108 819,2108 855,2108 892,2108 928,2108 965,2109 1002,2109 1038,2109 1075,2109 1111,2109 1148,2110 1185,2110"/>
                <TextEquiv>
                    <Unicode>les fleurs de l’imagination et les fruits</Unicode>
                </TextEquiv>
            </TextLine>
            <TextLine id="r1l97" custom="readingOrder {index:96;}">
                <Coords points="1199,2135 1933,2144 1934,2093 1872,2085 1200,2087"/>
                <Baseline points="1218,2119 1252,2120 1287,2121 1322,2122 1357,2123 1392,2123 1427,2124 1462,2125 1497,2125 1532,2126 1567,2126 1601,2127 1636,2127 1671,2127 1706,2128 1741,2128 1776,2128 1811,2128 1846,2128 1881,2128 1916,2128"/>
                <TextEquiv>
                    <Unicode>mère, designe une maison, une femme</Unicode>
                </TextEquiv>
            </TextLine>
            <TextLine id="r1l98" custom="readingOrder {index:97;}">
                <Coords points="1941,2136 2195,2124 2238,2161 2263,2135 2448,2130 2487,2152 2509,2134 2679,2154 2679,2096 2542,2095 2517,2073 2499,2091 1942,2089"/>
                <Baseline points="1958,2125 1993,2127 2028,2128 2063,2129 2098,2131 2133,2131 2168,2132 2204,2132 2239,2132 2274,2133 2309,2133 2344,2133 2379,2133 2414,2133 2450,2133 2485,2133 2520,2133 2555,2133 2590,2133 2625,2134 2661,2134"/>
                <TextEquiv>
                    <Unicode>sonnalité du Vénitien est de plus en</Unicode>
                </TextEquiv>
            </TextLine>
            <TextLine id="r1l99" custom="readingOrder {index:98;}">
                <Coords points="2672,2146 2904,2133 3092,2156 3190,2136 3377,2162 3378,2094 2673,2091"/>
                <Baseline points="2689,2132 2722,2131 2756,2130 2789,2130 2823,2129 2856,2129 2890,2129 2923,2129 2957,2129 2990,2130 3024,2130 3058,2131 3091,2131 3125,2132 3158,2133 3192,2133 3225,2134 3259,2134 3292,2134 3326,2135 3360,2135"/>
                <TextEquiv>
                    <Unicode>pas, tant il a su prendre le ton du ch</Unicode>
                </TextEquiv>
            </TextLine>
            <TextLine id="r1l100" custom="readingOrder {index:99;}">
                <Coords points="432,2146 1202,2167 1203,2116 516,2119 433,2099"/>
                <Baseline points="451,2147 487,2147 524,2148 561,2148 597,2149 634,2149 671,2150 707,2150 744,2151 781,2151 818,2152 854,2152 891,2153 928,2153 964,2154 1001,2154 1038,2155 1074,2155 1111,2155 1148,2155 1185,2155"/>
                <TextEquiv>
                    <Unicode>du travail intellectuel de tous les paxs.</Unicode>
                </TextEquiv>
            </TextLine>
            <TextLine id="r1l101" custom="readingOrder {index:100;}">
                <Coords points="1190,2175 1935,2185 1935,2134 1414,2142 1190,2117"/>
                <Baseline points="1208,2165 1243,2165 1278,2166 1314,2166 1349,2167 1385,2167 1420,2168 1455,2168 1491,2169 1526,2169 1562,2170 1597,2171 1632,2171 1668,2172 1703,2172 1739,2173 1774,2173 1809,2173 1845,2173 1880,2173 1916,2173"/>
                <TextEquiv>
                    <Unicode>qu'il dit étre sa maison, sa mère. On</Unicode>
                </TextEquiv>
            </TextLine>
            <TextLine id="r1l102" custom="readingOrder {index:101;}">
                <Coords points="1940,2188 2526,2199 2588,2177 2685,2203 2686,2134 1941,2137"/>
                <Baseline points="1957,2174 1992,2175 2028,2175 2063,2175 2099,2175 2135,2175 2170,2176 2206,2176 2241,2176 2277,2177 2313,2177 2348,2177 2384,2177 2419,2178 2455,2178 2491,2178 2526,2178 2562,2178 2597,2178 2633,2178 2669,2177"/>
                <TextEquiv>
                    <Unicode>plus appréciée. Non qu'elle neus ga¬</Unicode>
                </TextEquiv>
            </TextLine>
            <TextLine id="r1l103" custom="readingOrder {index:102;}">
                <Coords points="2673,2186 3364,2189 3364,2142 3103,2145 3002,2122 2944,2148 2673,2143"/>
                <Baseline points="2690,2175 2722,2175 2755,2175 2788,2176 2821,2176 2854,2177 2887,2177 2919,2177 2952,2177 2985,2177 3018,2177 3051,2177 3084,2177 3117,2178 3149,2178 3182,2178 3215,2178 3248,2178 3281,2178 3314,2178 3347,2178"/>
                <TextEquiv>
                    <Unicode>valier d’industrie et s'affubler de</Unicode>
                </TextEquiv>
            </TextLine>
            <TextLine id="r1l104" custom="readingOrder {index:103;}">
                <Coords points="427,2202 1197,2212 1197,2169 1165,2165 427,2144"/>
                <Baseline points="444,2192 480,2193 517,2194 554,2195 591,2195 628,2196 664,2196 701,2197 738,2197 775,2197 812,2198 848,2198 885,2198 922,2198 959,2198 996,2198 1032,2199 1069,2199 1106,2199 1143,2199 1180,2199"/>
                <TextEquiv>
                    <Unicode>Encore une fois, voilà déja une tenta¬</Unicode>
                </TextEquiv>
            </TextLine>
            <TextLine id="r1l105" custom="readingOrder {index:104;}">
                <Coords points="1196,2223 1937,2227 1937,2184 1861,2173 1196,2169"/>
                <Baseline points="1215,2213 1250,2214 1285,2215 1320,2215 1355,2216 1390,2217 1425,2217 1461,2217 1496,2218 1531,2218 1566,2218 1601,2218 1636,2218 1671,2218 1707,2218 1742,2218 1777,2218 1812,2218 1847,2218 1882,2218 1918,2218"/>
                <TextEquiv>
                    <Unicode>Ty conduit, on vérifie le fondé de ses</Unicode>
                </TextEquiv>
            </TextLine>
            <TextLine id="r1l106" custom="readingOrder {index:105;}">
                <Coords points="2670,2230 3375,2237 3376,2186 2671,2187"/>
                <Baseline points="2689,2216 2722,2217 2756,2217 2789,2218 2823,2219 2856,2219 2890,2220 2923,2220 2957,2221 2990,2221 3024,2222 3057,2222 3091,2222 3124,2222 3158,2222 3191,2223 3225,2223 3258,2222 3292,2222 3325,2222 3359,2222"/>
                <TextEquiv>
                    <Unicode>mentalité. Casanova qui brüle de r</Unicode>
                </TextEquiv>
            </TextLine>
            <TextLine id="r1l107" custom="readingOrder {index:106;}">
                <Coords points="1941,2223 2281,2243 2672,2227 2672,2184 2607,2173 1941,2187"/>
                <Baseline points="1958,2216 1992,2217 2027,2218 2062,2218 2097,2219 2132,2219 2166,2220 2201,2220 2236,2221 2271,2221 2306,2221 2340,2222 2375,2222 2410,2222 2445,2222 2480,2222 2514,2221 2549,2221 2584,2220 2619,2220 2654,2219"/>
                <TextEquiv>
                    <Unicode>raisse moins suspecte, moins indélica¬</Unicode>
                </TextEquiv>
            </TextLine>
            <TextLine id="r1l108" custom="readingOrder {index:107;}">
                <Coords points="430,2267 596,2237 900,2270 983,2246 1106,2259 1211,2238 1212,2195 431,2187"/>
                <Baseline points="448,2235 485,2236 522,2237 559,2237 597,2238 634,2239 671,2239 709,2240 746,2240 783,2241 821,2241 858,2242 895,2242 932,2242 970,2243 1007,2244 1044,2244 1082,2245 1119,2246 1156,2246 1194,2247"/>
                <TextEquiv>
                    <Unicode>tive de fraternité, de rapprochement.</Unicode>
                </TextEquiv>
            </TextLine>
            <TextLine id="r1l109" custom="readingOrder {index:108;}">
                <Coords points="1191,2261 1939,2281 1940,2234 1191,2214"/>
                <Baseline points="1208,2255 1243,2255 1279,2256 1315,2256 1350,2257 1386,2257 1422,2258 1457,2259 1493,2259 1529,2260 1565,2260 1600,2260 1636,2261 1672,2261 1707,2262 1743,2262 1779,2262 1814,2263 1850,2263 1886,2263 1922,2263"/>
                <TextEquiv>
                    <Unicode>assertions et on retrouve la femme qui,</Unicode>
                </TextEquiv>
            </TextLine>
            <TextLine id="r1l110" custom="readingOrder {index:109;}">
                <Coords points="2680,2278 2774,2257 2810,2286 3360,2272 3360,2225 3306,2218 2680,2224"/>
                <Baseline points="2697,2262 2729,2263 2761,2264 2793,2264 2825,2264 2858,2265 2890,2265 2922,2265 2954,2265 2986,2266 3019,2266 3051,2266 3083,2266 3115,2266 3147,2266 3180,2267 3212,2267 3244,2267 3276,2268 3308,2268 3341,2269"/>
                <TextEquiv>
                    <Unicode>trer dans sa chère Venise et qui</Unicode>
                </TextEquiv>
            </TextLine>
            <TextLine id="r1l111" custom="readingOrder {index:110;}">
                <Coords points="1942,2278 2629,2278 2673,2274 2673,2223 1942,2224"/>
                <Baseline points="1960,2266 1994,2266 2029,2266 2064,2266 2099,2266 2134,2266 2168,2266 2203,2267 2238,2267 2273,2267 2308,2267 2342,2267 2377,2267 2412,2267 2447,2267 2482,2267 2516,2267 2551,2266 2586,2266 2621,2265 2656,2264"/>
                <TextEquiv>
                    <Unicode>te, moins dissolue, mais parce que nous</Unicode>
                </TextEquiv>
            </TextLine>
            <TextLine id="r1l112" custom="readingOrder {index:111;}">
                <Coords points="470,2292 1171,2300 1197,2293 1197,2239 904,2262 470,2245"/>
                <Baseline points="488,2284 522,2284 557,2284 591,2284 626,2284 660,2285 695,2285 729,2286 764,2286 798,2286 833,2287 867,2287 902,2288 936,2288 971,2288 1005,2288 1040,2288 1074,2288 1109,2287 1143,2287 1178,2286"/>
                <TextEquiv>
                    <Unicode>Je vais mentionner, en les choisis¬</Unicode>
                </TextEquiv>
            </TextLine>
            <TextLine id="r1l113" custom="readingOrder {index:112;}">
                <Coords points="1195,2309 1943,2320 1944,2273 1195,2269"/>
                <Baseline points="1214,2297 1249,2298 1285,2300 1320,2301 1356,2302 1391,2302 1427,2303 1462,2303 1498,2303 1533,2304 1569,2304 1604,2304 1640,2304 1675,2304 1711,2304 1746,2304 1782,2305 1817,2305 1853,2306 1888,2307 1924,2308"/>
                <TextEquiv>
                    <Unicode>daccord avec l’enfant, défend sa ma¬</Unicode>
                </TextEquiv>
            </TextLine>
            <TextLine id="r1l114" custom="readingOrder {index:113;}">
                <Coords points="1930,2314 2672,2323 2672,2269 1930,2267"/>
                <Baseline points="1947,2309 1982,2309 2017,2310 2052,2310 2088,2310 2123,2311 2158,2311 2194,2311 2229,2311 2264,2311 2300,2312 2335,2312 2370,2312 2405,2312 2441,2312 2476,2312 2511,2311 2547,2311 2582,2311 2617,2310 2653,2309"/>
                <TextEquiv>
                    <Unicode>voyons préeisément, dans ses défauts</Unicode>
                </TextEquiv>
            </TextLine>
            <TextLine id="r1l115" custom="readingOrder {index:114;}">
                <Coords points="2670,2309 3389,2318 3389,2286 3346,2267 3292,2285 2796,2278 2775,2256 2670,2277"/>
                <Baseline points="2688,2308 2722,2308 2756,2309 2790,2309 2824,2310 2859,2310 2893,2310 2927,2311 2961,2311 2995,2311 3030,2312 3064,2312 3098,2312 3132,2312 3166,2312 3201,2312 3235,2313 3269,2313 3303,2313 3337,2313 3372,2313"/>
                <TextEquiv>
                    <Unicode>vieux et sans argent, s’arrête à Ma</Unicode>
                </TextEquiv>
            </TextLine>
            <TextLine id="r1l116" custom="readingOrder {index:115;}">
                <Coords points="424,2344 1205,2337 1183,2294 681,2297 424,2268"/>
                <Baseline points="442,2330 479,2330 516,2330 553,2330 590,2331 628,2331 665,2331 702,2331 739,2331 776,2331 814,2331 851,2331 888,2331 925,2331 962,2331 1000,2331 1037,2331 1074,2331 1111,2331 1148,2331 1186,2331"/>
                <TextEquiv>
                    <Unicode>sant au hasard, quelques beaux accents</Unicode>
                </TextEquiv>
            </TextLine>
            <TextLine id="r1l117" custom="readingOrder {index:116;}">
                <Coords points="1190,2352 1856,2348 1935,2367 1936,2317 1910,2313 1191,2313"/>
                <Baseline points="1210,2342 1245,2343 1280,2344 1316,2345 1351,2346 1387,2346 1422,2347 1458,2348 1493,2348 1529,2349 1564,2349 1599,2349 1635,2349 1670,2350 1706,2350 1741,2350 1777,2350 1812,2350 1848,2350 1883,2350 1919,2350"/>
                <TextEquiv>
                    <Unicode>ternité. Dans le Mario qu'Arianne Pa¬</Unicode>
                </TextEquiv>
            </TextLine>
            <TextLine id="r1l118" custom="readingOrder {index:117;}">
                <Coords points="2670,2361 3375,2368 3375,2317 3112,2316 3094,2298 2956,2319 2670,2311"/>
                <Baseline points="2690,2353 2723,2353 2756,2354 2790,2354 2823,2354 2856,2354 2890,2354 2923,2354 2956,2355 2990,2355 3023,2355 3056,2355 3090,2355 3123,2355 3156,2355 3190,2355 3223,2355 3256,2356 3290,2356 3323,2356 3357,2356"/>
                <TextEquiv>
                    <Unicode>toue ou il rencontre une vieille m</Unicode>
                </TextEquiv>
            </TextLine>
            <TextLine id="r1l119" custom="readingOrder {index:118;}">
                <Coords points="1929,2351 2125,2373 2172,2348 2298,2381 2371,2356 2479,2381 2512,2360 2671,2364 2671,2320 2642,2317 1930,2315"/>
                <Baseline points="1947,2352 1982,2353 2017,2353 2052,2354 2088,2355 2123,2355 2158,2356 2194,2356 2229,2356 2264,2357 2300,2357 2335,2357 2370,2357 2405,2357 2441,2356 2476,2356 2511,2356 2547,2355 2582,2355 2617,2354 2653,2353"/>
                <TextEquiv>
                    <Unicode>étalés sans vergogne, un symbole du</Unicode>
                </TextEquiv>
            </TextLine>
            <TextLine id="r1l120" custom="readingOrder {index:119;}">
                <Coords points="427,2374 1122,2392 1201,2388 1202,2345 753,2328 428,2349"/>
                <Baseline points="445,2377 482,2375 519,2374 556,2373 593,2372 630,2372 667,2372 704,2372 741,2372 778,2372 815,2372 852,2373 889,2373 926,2374 963,2374 1000,2375 1037,2375 1074,2376 1111,2376 1148,2377 1185,2377"/>
                <TextEquiv>
                    <Unicode>entendus dans cette tour de Babel qu'est</Unicode>
                </TextEquiv>
            </TextLine>
            <TextLine id="r1l121" custom="readingOrder {index:120;}">
                <Coords points="1189,2395 1680,2419 1709,2391 1843,2421 1944,2414 1945,2367 1189,2340"/>
                <Baseline points="1208,2389 1243,2391 1279,2393 1315,2394 1351,2395 1387,2395 1423,2396 1459,2396 1495,2396 1531,2396 1567,2396 1602,2396 1638,2396 1674,2395 1710,2395 1746,2395 1782,2396 1818,2396 1854,2397 1890,2398 1926,2399"/>
                <TextEquiv>
                    <Unicode>rigi avait mis au monde, élevé, Ma¬</Unicode>
                </TextEquiv>
            </TextLine>
            <TextLine id="r1l122" custom="readingOrder {index:121;}">
                <Coords points="2676,2406 3189,2419 3233,2397 3269,2419 3377,2416 3377,2369 3352,2365 2676,2359"/>
                <Baseline points="2694,2398 2727,2398 2760,2398 2793,2398 2827,2398 2860,2398 2893,2398 2927,2398 2960,2398 2993,2398 3027,2398 3060,2398 3093,2398 3126,2398 3160,2398 3193,2398 3226,2399 3260,2399 3293,2400 3326,2401 3360,2401"/>
                <TextEquiv>
                    <Unicode>tresse qui l'adore toujours. 3#, pi</Unicode>
                </TextEquiv>
            </TextLine>
            <TextLine id="r1l123" custom="readingOrder {index:122;}">
                <Coords points="1938,2405 2680,2419 2680,2361 1938,2355"/>
                <Baseline points="1957,2399 1992,2399 2027,2400 2062,2400 2097,2400 2133,2401 2168,2401 2203,2401 2238,2402 2273,2402 2309,2402 2344,2402 2379,2401 2414,2401 2449,2401 2485,2401 2520,2400 2555,2399 2590,2399 2625,2398 2661,2397"/>
                <TextEquiv>
                    <Unicode>siécle ou Ihomme vécut, et, dans son</Unicode>
                </TextEquiv>
            </TextLine>
            <TextLine id="r1l124" custom="readingOrder {index:123;}">
                <Coords points="434,2426 1117,2444 1204,2430 1205,2376 434,2378"/>
                <Baseline points="452,2416 488,2416 525,2416 562,2416 598,2416 635,2416 672,2417 708,2417 745,2418 782,2418 819,2419 855,2420 892,2420 929,2420 965,2420 1002,2420 1039,2420 1075,2420 1112,2419 1149,2418 1186,2417"/>
                <TextEquiv>
                    <Unicode>devenue ma table et dou m’adressent</Unicode>
                </TextEquiv>
            </TextLine>
            <TextLine id="r1l125" custom="readingOrder {index:124;}">
                <Coords points="1192,2443 1944,2456 1945,2413 1742,2411 1710,2389 1688,2411 1193,2393"/>
                <Baseline points="1212,2433 1247,2435 1283,2437 1319,2439 1355,2440 1390,2440 1426,2440 1462,2441 1498,2440 1533,2440 1569,2440 1605,2440 1641,2440 1676,2440 1712,2440 1748,2440 1784,2440 1819,2441 1855,2442 1891,2443 1927,2446"/>
                <TextEquiv>
                    <Unicode>rianne Stirner reconnait Ramiro, sen</Unicode>
                </TextEquiv>
            </TextLine>
            <TextLine id="r1l126" custom="readingOrder {index:125;}">
                <Coords points="2673,2452 2818,2445 2865,2467 2890,2442 2912,2460 3190,2440 3378,2459 3378,2415 3234,2397 2673,2405"/>
                <Baseline points="2690,2443 2723,2443 2757,2443 2790,2443 2824,2443 2857,2443 2891,2443 2924,2443 2958,2443 2991,2444 3025,2444 3058,2444 3092,2444 3125,2444 3159,2445 3192,2445 3226,2445 3259,2445 3293,2445 3326,2445 3360,2445"/>
                <TextEquiv>
                    <Unicode>d’elle, une jeune fille qui fait encch</Unicode>
                </TextEquiv>
            </TextLine>
            <TextLine id="r1l127" custom="readingOrder {index:126;}">
                <Coords points="1944,2450 2678,2452 2677,2387 2475,2414 1943,2407"/>
                <Baseline points="1960,2445 1996,2445 2033,2446 2070,2446 2107,2446 2143,2446 2180,2447 2217,2447 2254,2447 2291,2447 2327,2447 2364,2446 2401,2446 2438,2445 2475,2445 2511,2444 2548,2443 2585,2442 2622,2441 2659,2439"/>
                <TextEquiv>
                    <Unicode>tempérament, presque unstype de sur¬</Unicode>
                </TextEquiv>
            </TextLine>
            <TextLine id="r1l128" custom="readingOrder {index:127;}">
                <Coords points="436,2460 931,2487 968,2462 1022,2488 1113,2457 1196,2483 1196,2425 437,2428"/>
                <Baseline points="454,2463 490,2462 526,2461 562,2461 598,2461 635,2462 671,2462 707,2462 743,2463 779,2464 816,2465 852,2465 888,2466 924,2467 960,2467 997,2468 1033,2468 1069,2468 1105,2467 1141,2466 1178,2466"/>
                <TextEquiv>
                    <Unicode>la parole des Italiens, des Grecs, des</Unicode>
                </TextEquiv>
            </TextLine>
            <TextLine id="r1l129" custom="readingOrder {index:128;}">
                <Coords points="1199,2490 2627,2512 2675,2444 1199,2447"/>
                <Baseline points="1217,2479 1292,2480 1368,2480 1444,2481 1519,2482 1595,2483 1671,2484 1747,2485 1822,2486 1898,2487 1974,2488 2050,2489 2125,2489 2201,2490 2277,2490 2353,2490 2428,2490 2504,2489 2580,2488 2656,2487"/>
                <TextEquiv>
                    <Unicode>enfant. Quelle est la vraie mère et lar homme anormal. M. Stefan Zweig,</Unicode>
                </TextEquiv>
            </TextLine>
            <TextLine id="r1l130" custom="readingOrder {index:129;}">
                <Coords points="2679,2493 3384,2507 3384,2452 2679,2450"/>
                <Baseline points="2696,2488 2729,2488 2763,2487 2796,2487 2830,2487 2863,2487 2897,2488 2930,2488 2964,2488 2997,2488 3031,2488 3064,2488 3098,2489 3131,2489 3165,2489 3198,2489 3232,2489 3265,2489 3299,2489 3332,2489 3366,2489"/>
                <TextEquiv>
                    <Unicode>une fois frémir son échine de de#</Unicode>
                </TextEquiv>
            </TextLine>
            <TextLine id="r1l131" custom="readingOrder {index:130;}">
                <Coords points="430,2522 1200,2533 1200,2468 1088,2453 1027,2478 430,2454"/>
                <Baseline points="447,2510 483,2509 520,2508 557,2508 594,2508 631,2507 667,2508 704,2508 741,2508 778,2508 815,2509 851,2509 888,2510 925,2510 962,2510 999,2511 1035,2511 1072,2511 1109,2511 1146,2510 1183,2510"/>
                <TextEquiv>
                    <Unicode>Scandinaves, des Russes, des Anglais,</Unicode>
                </TextEquiv>
            </TextLine>
            <TextLine id="r1l132" custom="readingOrder {index:131;}">
                <Coords points="1187,2536 1502,2541 1542,2520 1683,2539 1701,2521 1741,2543 1943,2544 1943,2494 1188,2478"/>
                <Baseline points="1206,2526 1242,2527 1278,2527 1314,2527 1350,2527 1386,2527 1422,2527 1458,2528 1494,2528 1530,2528 1566,2528 1602,2528 1638,2529 1674,2529 1710,2529 1746,2530 1782,2530 1818,2530 1854,2531 1890,2531 1926,2531"/>
                <TextEquiv>
                    <Unicode>quelle des deux l’aura? Un procés,</Unicode>
                </TextEquiv>
            </TextLine>
            <TextLine id="r1l133" custom="readingOrder {index:132;}">
                <Coords points="2669,2527 2742,2546 2872,2531 2908,2557 3374,2539 3374,2507 3302,2492 2669,2495"/>
                <Baseline points="2687,2533 2720,2533 2754,2533 2787,2533 2821,2533 2854,2533 2888,2533 2921,2533 2955,2533 2988,2533 3022,2534 3056,2534 3089,2534 3123,2534 3156,2534 3190,2534 3223,2534 3257,2534 3290,2533 3324,2533 3358,2533"/>
                <TextEquiv>
                    <Unicode>Comment il découvre que cette belle</Unicode>
                </TextEquiv>
            </TextLine>
            <TextLine id="r1l134" custom="readingOrder {index:133;}">
                <Coords points="1929,2539 2645,2549 2666,2545 2667,2480 1929,2495"/>
                <Baseline points="1948,2530 1983,2531 2018,2532 2053,2532 2088,2533 2123,2533 2158,2534 2193,2535 2228,2535 2263,2535 2299,2535 2334,2536 2369,2536 2404,2536 2439,2535 2474,2535 2509,2535 2544,2534 2579,2534 2614,2533 2650,2532"/>
                <TextEquiv>
                    <Unicode>dont on a traduit plusieurs ronians et</Unicode>
                </TextEquiv>
            </TextLine>
            <TextLine id="r1l135" custom="readingOrder {index:134;}">
                <Coords points="439,2573 522,2577 540,2559 598,2578 616,2567 649,2578 674,2560 699,2560 725,2578 768,2568 768,2524 707,2510 692,2520 551,2512 526,2523 439,2523"/>
                <Baseline points="456,2548 482,2551 509,2552 536,2553 562,2553 589,2553 616,2553 643,2553 669,2552 696,2552 723,2552 750,2553"/>
                <TextEquiv>
                    <Unicode>des Espagnols.</Unicode>
                </TextEquiv>
            </TextLine>
            <TextLine id="r1l136" custom="readingOrder {index:135;}">
                <Coords points="1186,2572 1591,2597 1953,2578 1953,2527 1186,2525"/>
                <Baseline points="1206,2571 1242,2571 1278,2572 1315,2572 1351,2572 1388,2572 1424,2572 1460,2572 1497,2573 1533,2573 1570,2573 1606,2573 1642,2573 1679,2573 1715,2573 1752,2574 1788,2574 1824,2575 1861,2576 1897,2577 1934,2578"/>
                <TextEquiv>
                    <Unicode>aurès maintes péripétics, est destiné à</Unicode>
                </TextEquiv>
            </TextLine>
            <TextLine id="r1l137" custom="readingOrder {index:136;}">
                <Coords points="1931,2597 2083,2575 2238,2600 2683,2586 2683,2542 1931,2535"/>
                <Baseline points="1949,2575 1984,2577 2020,2577 2056,2578 2092,2579 2128,2579 2164,2579 2199,2580 2235,2580 2271,2580 2307,2580 2343,2580 2379,2579 2415,2579 2450,2579 2486,2578 2522,2578 2558,2578 2594,2578 2630,2577 2666,2577"/>
                <TextEquiv>
                    <Unicode>essais, serute asscz bien gt non sans</Unicode>
                </TextEquiv>
            </TextLine>
            <TextLine id="r1l138" custom="readingOrder {index:137;}">
                <Coords points="2676,2586 3371,2586 3371,2539 2677,2536"/>
                <Baseline points="2693,2577 2727,2577 2762,2577 2797,2577 2831,2578 2866,2578 2901,2579 2935,2579 2970,2580 3005,2581 3039,2581 3074,2582 3109,2582 3143,2582 3178,2583 3213,2583 3247,2582 3282,2582 3317,2581 3352,2581"/>
                <TextEquiv>
                    <Unicode>docte fille a quand meme un jei</Unicode>
                </TextEquiv>
            </TextLine>
            <TextLine id="r1l139" custom="readingOrder {index:138;}">
                <Coords points="1197,2623 1942,2633 1942,2590 1895,2575 1852,2593 1197,2576"/>
                <Baseline points="1215,2617 1250,2616 1285,2616 1321,2616 1356,2616 1392,2616 1427,2617 1463,2617 1498,2617 1534,2617 1569,2618 1604,2618 1640,2618 1675,2619 1711,2619 1746,2619 1782,2619 1817,2618 1853,2618 1888,2618 1924,2617"/>
                <TextEquiv>
                    <Unicode>tfancher la question, mais l’enfant dis¬</Unicode>
                </TextEquiv>
            </TextLine>
            <TextLine id="r1l140" custom="readingOrder {index:139;}">
                <Coords points="761,2611 779,2611 815,2637 895,2630 895,2558 877,2558 863,2568 852,2557 827,2553 801,2568 761,2564"/>
                <Baseline points="778,2619 810,2621 843,2620 876,2621"/>
                <TextEquiv>
                    <Unicode>*</Unicode>
                </TextEquiv>
            </TextLine>
            <TextLine id="r1l141" custom="readingOrder {index:140;}">
                <Coords points="1928,2632 2116,2643 2167,2614 2319,2639 2670,2635 2670,2578 2648,2574 1928,2581"/>
                <Baseline points="1945,2621 1980,2621 2015,2622 2051,2622 2086,2623 2121,2623 2157,2623 2192,2623 2227,2623 2263,2623 2298,2623 2333,2622 2369,2622 2404,2622 2439,2622 2475,2622 2510,2622 2545,2622 2581,2622 2616,2622 2652,2622"/>
                <TextEquiv>
                    <Unicode>admiration le fameux ehevalier de</Unicode>
                </TextEquiv>
            </TextLine>
            <TextLine id="r1l142" custom="readingOrder {index:141;}">
                <Coords points="2670,2625 3379,2636 3379,2582 2670,2578"/>
                <Baseline points="2688,2622 2721,2622 2755,2622 2789,2621 2822,2621 2856,2622 2890,2622 2923,2622 2957,2623 2991,2624 3025,2624 3058,2625 3092,2625 3126,2626 3159,2626 3193,2627 3227,2627 3260,2627 3294,2627 3328,2627 3362,2626"/>
                <TextEquiv>
                    <Unicode>amant, comment il ruine cet amant a</Unicode>
                </TextEquiv>
            </TextLine>
            <TextLine id="r1l143" custom="readingOrder {index:142;}">
                <Coords points="1190,2670 1946,2671 1946,2621 1190,2616"/>
                <Baseline points="1207,2665 1243,2664 1279,2662 1315,2661 1351,2660 1387,2660 1423,2659 1459,2660 1495,2660 1531,2661 1567,2661 1603,2662 1639,2662 1675,2663 1711,2663 1747,2663 1783,2663 1819,2663 1855,2663 1891,2661 1927,2660"/>
                <TextEquiv>
                    <Unicode>parait, et c’est ailleurs que les deux mé¬</Unicode>
                </TextEquiv>
            </TextLine>
            <TextLine id="r1l144" custom="readingOrder {index:143;}">
                <Coords points="2668,2677 3366,2682 3367,2635 2832,2628 2810,2606 2669,2626"/>
                <Baseline points="2687,2666 2720,2665 2753,2664 2786,2663 2819,2663 2852,2663 2885,2663 2919,2663 2952,2664 2985,2664 3018,2665 3051,2666 3084,2667 3117,2667 3151,2668 3184,2669 3217,2670 3250,2670 3283,2670 3316,2670 3350,2670"/>
                <TextEquiv>
                    <Unicode>cartes, lui achéte sa maitresse, se ###</Unicode>
                </TextEquiv>
            </TextLine>
            <TextLine id="r1l145" custom="readingOrder {index:144;}">
                <Coords points="1937,2678 2672,2677 2672,2634 2607,2615 2588,2633 1938,2624"/>
                <Baseline points="1957,2667 1991,2667 2026,2667 2061,2667 2096,2667 2131,2668 2165,2668 2200,2668 2235,2668 2270,2668 2305,2669 2339,2669 2374,2669 2409,2669 2444,2669 2479,2669 2513,2669 2548,2669 2583,2669 2618,2668 2653,2668"/>
                <TextEquiv>
                    <Unicode>Seingalt. II l’étudie sous ses divers as¬</Unicode>
                </TextEquiv>
            </TextLine>
            <TextLine id="r1l146" custom="readingOrder {index:145;}">
                <Coords points="465,2678 1123,2694 1199,2687 1199,2611 1098,2607 1018,2636 921,2610 776,2628 725,2603 620,2638 545,2613 465,2631"/>
                <Baseline points="483,2670 517,2670 552,2670 587,2671 622,2671 657,2672 692,2672 726,2672 761,2673 796,2673 831,2674 866,2674 901,2674 936,2674 970,2674 1005,2674 1040,2673 1075,2673 1110,2672 1145,2671 1180,2670"/>
                <TextEquiv>
                    <Unicode>On traduit relativement peu de livres</Unicode>
                </TextEquiv>
            </TextLine>
            <TextLine id="r1l147" custom="readingOrder {index:146;}">
                <Coords points="1196,2734 1276,2705 1503,2710 1525,2731 1699,2706 1854,2718 1952,2689 1952,2664 1196,2672"/>
                <Baseline points="1214,2702 1250,2703 1286,2704 1322,2704 1358,2705 1394,2705 1430,2705 1466,2705 1502,2706 1538,2706 1574,2706 1610,2706 1646,2706 1682,2706 1718,2706 1754,2706 1790,2706 1826,2706 1862,2705 1898,2705 1934,2705"/>
                <TextEquiv>
                    <Unicode>res qui l'aiment devront le chercher.</Unicode>
                </TextEquiv>
            </TextLine>
            <TextLine id="r1l148" custom="readingOrder {index:147;}">
                <Coords points="1929,2723 2674,2725 2674,2671 1929,2672"/>
                <Baseline points="1947,2711 1982,2711 2017,2712 2053,2712 2088,2712 2124,2712 2159,2712 2194,2713 2230,2713 2265,2713 2301,2713 2336,2713 2371,2713 2407,2713 2442,2712 2478,2712 2513,2712 2548,2711 2584,2711 2619,2709 2655,2709"/>
                <TextEquiv>
                    <Unicode>peets et conclut que nous nous trouvons</Unicode>
                </TextEquiv>
            </TextLine>
            <TextLine id="r1l149" custom="readingOrder {index:148;}">
                <Coords points="2678,2717 3369,2721 3369,2682 3290,2673 2679,2674"/>
                <Baseline points="2696,2706 2728,2707 2761,2709 2794,2710 2826,2711 2859,2711 2892,2712 2924,2712 2957,2713 2990,2713 3023,2713 3055,2713 3088,2713 3121,2713 3153,2713 3186,2713 3219,2714 3251,2714 3284,2715 3317,2716 3350,2717"/>
                <TextEquiv>
                    <Unicode>stitue à lui, et, dans P’obseurité, la p</Unicode>
                </TextEquiv>
            </TextLine>
            <TextLine id="r1l150" custom="readingOrder {index:149;}">
                <Coords points="433,2724 1196,2725 1196,2678 632,2692 433,2651"/>
                <Baseline points="453,2718 489,2717 525,2717 561,2717 598,2717 634,2717 670,2717 707,2717 743,2717 779,2718 816,2718 852,2718 888,2718 924,2718 961,2718 997,2718 1033,2718 1070,2718 1106,2718 1142,2718 1179,2717"/>
                <TextEquiv>
                    <Unicode>italiens, si l’on excepte ceux des cé¬</Unicode>
                </TextEquiv>
            </TextLine>
            <TextLine id="r1l151" custom="readingOrder {index:150;}">
                <Coords points="1213,2759 1943,2773 1944,2704 1213,2708"/>
                <Baseline points="1230,2743 1264,2744 1299,2747 1334,2748 1369,2749 1404,2750 1438,2750 1473,2751 1508,2751 1543,2752 1578,2752 1612,2752 1647,2752 1682,2752 1717,2751 1752,2751 1786,2751 1821,2751 1856,2752 1891,2752 1926,2752"/>
                <TextEquiv>
                    <Unicode>Mystère allant „usqu'à l'hallucination,</Unicode>
                </TextEquiv>
            </TextLine>
            <TextLine id="r1l152" custom="readingOrder {index:151;}">
                <Coords points="2674,2764 3372,2766 3372,2715 2674,2714"/>
                <Baseline points="2693,2754 2726,2755 2759,2756 2792,2756 2825,2757 2858,2757 2891,2758 2924,2758 2957,2758 2990,2758 3023,2758 3056,2757 3089,2757 3122,2757 3155,2757 3188,2757 3221,2757 3254,2757 3287,2757 3320,2757 3353,2758"/>
                <TextEquiv>
                    <Unicode>sede, vollä ce que M. Schnitzler race</Unicode>
                </TextEquiv>
            </TextLine>
            <TextLine id="r1l153" custom="readingOrder {index:152;}">
                <Coords points="1941,2764 2672,2770 2672,2723 2643,2719 1942,2717"/>
                <Baseline points="1960,2756 1994,2755 2029,2755 2064,2755 2099,2755 2133,2756 2168,2756 2203,2757 2238,2758 2272,2758 2307,2759 2342,2759 2377,2760 2411,2760 2446,2760 2481,2760 2516,2759 2550,2758 2585,2757 2620,2755 2655,2753"/>
                <TextEquiv>
                    <Unicode>en présence d'un être quasi supérieur</Unicode>
                </TextEquiv>
            </TextLine>
            <TextLine id="r1l154" custom="readingOrder {index:153;}">
                <Coords points="425,2768 968,2782 1203,2759 1203,2723 425,2721"/>
                <Baseline points="445,2764 482,2764 519,2764 556,2764 593,2764 630,2764 667,2764 704,2764 741,2764 778,2764 815,2764 852,2764 889,2764 926,2764 963,2763 1000,2763 1037,2762 1074,2761 1111,2760 1148,2759 1186,2758"/>
                <TextEquiv>
                    <Unicode>lébrités presque internationales, com¬</Unicode>
                </TextEquiv>
            </TextLine>
            <TextLine id="r1l155" custom="readingOrder {index:154;}">
                <Coords points="1187,2799 1940,2809 1940,2766 1911,2762 1188,2745"/>
                <Baseline points="1207,2792 1242,2792 1278,2793 1314,2793 1350,2793 1386,2794 1421,2794 1457,2794 1493,2795 1529,2795 1565,2795 1600,2795 1636,2795 1672,2795 1708,2795 1744,2795 1779,2795 1815,2795 1851,2795 1887,2794 1923,2794"/>
                <TextEquiv>
                    <Unicode>puis précipitation d’aventures diverses,</Unicode>
                </TextEquiv>
            </TextLine>
            <TextLine id="r1l156" custom="readingOrder {index:155;}">
                <Coords points="1932,2797 2018,2816 2311,2801 2449,2827 2673,2809 2673,2766 1932,2754"/>
                <Baseline points="1950,2799 1985,2800 2020,2800 2055,2801 2090,2801 2126,2802 2161,2802 2196,2802 2231,2803 2266,2803 2302,2803 2337,2803 2372,2803 2407,2803 2442,2803 2478,2803 2513,2802 2548,2801 2583,2801 2618,2800 2654,2799"/>
                <TextEquiv>
                    <Unicode>et qui eut, en fout cas, le génie de se</Unicode>
                </TextEquiv>
            </TextLine>
            <TextLine id="r1l157" custom="readingOrder {index:156;}">
                <Coords points="2667,2804 3339,2822 3368,2819 3369,2764 2667,2757"/>
                <Baseline points="2684,2797 2717,2798 2750,2800 2784,2801 2817,2802 2851,2802 2884,2803 2917,2803 2951,2804 2984,2804 3018,2804 3051,2804 3084,2804 3118,2804 3151,2804 3185,2803 3218,2803 3251,2803 3285,2803 3318,2803 3352,2803"/>
                <TextEquiv>
                    <Unicode>te, dans un parfait récit easanovie</Unicode>
                </TextEquiv>
            </TextLine>
            <TextLine id="r1l158" custom="readingOrder {index:157;}">
                <Coords points="432,2814 1133,2824 1195,2812 1195,2769 431,2764"/>
                <Baseline points="451,2809 487,2809 523,2808 559,2808 595,2808 632,2808 668,2808 704,2808 740,2808 776,2808 813,2808 849,2808 885,2808 921,2808 957,2807 994,2807 1030,2806 1066,2805 1102,2804 1138,2803 1175,2801"/>
                <TextEquiv>
                    <Unicode>me Pirandello. Cest donc avec plaisir</Unicode>
                </TextEquiv>
            </TextLine>
            <TextLine id="r1l159" custom="readingOrder {index:158;}">
                <Coords points="1200,2846 1804,2858 1941,2848 1941,2801 1200,2806"/>
                <Baseline points="1218,2838 1253,2839 1288,2840 1323,2840 1358,2840 1394,2840 1429,2840 1464,2840 1499,2840 1534,2840 1570,2840 1605,2840 1640,2840 1675,2840 1710,2840 1746,2840 1781,2840 1816,2841 1851,2841 1886,2842 1922,2843"/>
                <TextEquiv>
                    <Unicode>et aussi étrange mélancolie répandue</Unicode>
                </TextEquiv>
            </TextLine>
            <TextLine id="r1l160" custom="readingOrder {index:159;}">
                <Coords points="2665,2851 2704,2863 2766,2850 2787,2868 2831,2854 2896,2863 2979,2857 2980,2806 2767,2806 2738,2784 2716,2802 2666,2794"/>
                <Baseline points="2684,2841 2709,2842 2734,2843 2759,2844 2784,2844 2809,2845 2834,2845 2859,2846 2884,2846 2909,2846 2934,2846 2960,2845"/>
                <TextEquiv>
                    <Unicode>tres amusant.</Unicode>
                </TextEquiv>
            </TextLine>
            <TextLine id="r1l161" custom="readingOrder {index:160;}">
                <Coords points="1934,2855 2668,2858 2668,2804 1934,2801"/>
                <Baseline points="1953,2847 1987,2846 2022,2846 2057,2846 2092,2846 2127,2846 2162,2846 2197,2847 2232,2847 2267,2848 2302,2848 2336,2848 2371,2849 2406,2849 2441,2848 2476,2848 2511,2847 2546,2846 2581,2845 2616,2844 2651,2841"/>
                <TextEquiv>
                    <Unicode>peindre intégralement, de se montrer</Unicode>
                </TextEquiv>
            </TextLine>
            <TextLine id="r1l162" custom="readingOrder {index:161;}">
                <Coords points="443,2866 1196,2857 1195,2806 443,2819"/>
                <Baseline points="461,2858 496,2857 532,2856 568,2855 604,2854 640,2854 676,2853 712,2853 748,2852 784,2852 820,2852 855,2852 891,2852 927,2851 963,2851 999,2851 1035,2850 1071,2849 1107,2849 1143,2848 1179,2846"/>
                <TextEquiv>
                    <Unicode>que j'avais lu assez dernierement un</Unicode>
                </TextEquiv>
            </TextLine>
            <TextLine id="r1l163" custom="readingOrder {index:162;}">
                <Coords points="1198,2898 1936,2893 1936,2843 1198,2844"/>
                <Baseline points="1217,2884 1252,2884 1287,2884 1322,2884 1357,2884 1392,2884 1427,2884 1462,2884 1497,2884 1532,2884 1567,2884 1602,2884 1637,2884 1672,2884 1707,2884 1742,2883 1777,2883 1812,2883 1847,2883 1882,2883 1917,2883"/>
                <TextEquiv>
                    <Unicode>le long de ces pages, rendent celles-ei</Unicode>
                </TextEquiv>
            </TextLine>
            <TextLine id="r1l164" custom="readingOrder {index:163;}">
                <Coords points="1933,2893 2689,2905 2689,2851 1933,2835"/>
                <Baseline points="1951,2886 1987,2887 2023,2889 2059,2890 2095,2890 2131,2891 2167,2892 2203,2892 2239,2892 2275,2892 2311,2892 2347,2892 2383,2892 2419,2891 2455,2891 2491,2891 2527,2890 2563,2890 2599,2890 2635,2890 2672,2889"/>
                <TextEquiv>
                    <Unicode>vivant à ses lecteurs. Casanova, nous</Unicode>
                </TextEquiv>
            </TextLine>
            <TextLine id="r1l165" custom="readingOrder {index:164;}">
                <Coords points="437,2903 1200,2905 1199,2862 1127,2848 436,2870"/>
                <Baseline points="453,2899 489,2899 525,2900 562,2900 598,2900 635,2900 671,2899 707,2899 744,2899 780,2898 817,2898 853,2897 889,2897 926,2896 962,2895 999,2895 1035,2894 1071,2894 1108,2894 1144,2893 1181,2893"/>
                <TextEquiv>
                    <Unicode>roman étrange de M. Guido Melanesi,</Unicode>
                </TextEquiv>
            </TextLine>
            <TextLine id="r1l166" custom="readingOrder {index:165;}">
                <Coords points="2698,2896 3334,2913 3370,2906 3371,2845 3110,2829 2951,2861 2698,2859"/>
                <Baseline points="2716,2898 2747,2898 2779,2897 2811,2897 2843,2897 2875,2897 2907,2897 2939,2898 2971,2898 3003,2899 3035,2899 3066,2900 3098,2900 3130,2900 3162,2901 3194,2901 3226,2900 3258,2900 3290,2899 3322,2899 3354,2897"/>
                <TextEquiv>
                    <Unicode>Et volei aussi deux ceuvres dues</Unicode>
                </TextEquiv>
            </TextLine>
            <TextLine id="r1l167" custom="readingOrder {index:166;}">
                <Coords points="1202,2939 1792,2935 1951,2958 1951,2878 1789,2899 1203,2889"/>
                <Baseline points="1222,2925 1257,2925 1293,2926 1328,2926 1364,2927 1399,2927 1435,2927 1470,2927 1506,2927 1541,2927 1577,2927 1612,2927 1648,2927 1683,2927 1719,2927 1754,2928 1790,2928 1825,2929 1861,2929 1896,2930 1932,2931"/>
                <TextEquiv>
                    <Unicode>attachantes, troublantes, assez humai¬</Unicode>
                </TextEquiv>
            </TextLine>
            <TextLine id="r1l168" custom="readingOrder {index:167;}">
                <Coords points="1942,2945 2210,2951 2235,2926 2264,2951 2286,2933 2344,2955 2677,2951 2676,2896 1942,2898"/>
                <Baseline points="1959,2933 1993,2934 2028,2935 2063,2935 2098,2936 2133,2936 2168,2937 2203,2937 2238,2937 2273,2937 2308,2937 2342,2937 2377,2937 2412,2937 2447,2936 2482,2936 2517,2935 2552,2935 2587,2934 2622,2933 2657,2932"/>
                <TextEquiv>
                    <Unicode>dit M. Zweig g n'attribue à aucune</Unicode>
                </TextEquiv>
            </TextLine>
            <TextLine id="r1l169" custom="readingOrder {index:168;}">
                <Coords points="432,2943 1202,2946 1201,2895 1162,2892 431,2903"/>
                <Baseline points="449,2945 485,2945 522,2944 559,2943 596,2943 632,2942 669,2942 706,2941 743,2941 779,2941 816,2940 853,2940 890,2940 926,2940 963,2939 1000,2939 1037,2939 1073,2938 1110,2938 1147,2937 1184,2937"/>
                <TextEquiv>
                    <Unicode>édité par la maison Attinger, et que</Unicode>
                </TextEquiv>
            </TextLine>
            <TextLine id="r1l170" custom="readingOrder {index:169;}">
                <Coords points="2676,2951 2937,2937 2958,2959 3211,2944 3367,2964 3364,2906 2677,2883"/>
                <Baseline points="2695,2943 2727,2942 2760,2942 2792,2942 2825,2943 2858,2943 2890,2943 2923,2944 2955,2945 2988,2945 3021,2946 3053,2947 3086,2947 3118,2948 3151,2948 3184,2949 3216,2949 3249,2949 3281,2949 3314,2949 3347,2948"/>
                <TextEquiv>
                    <Unicode>l’imagination néo-greeque, d’abord u</Unicode>
                </TextEquiv>
            </TextLine>
            <TextLine id="r1l171" custom="readingOrder {index:170;}">
                <Coords points="1196,2988 1286,2978 1340,2996 1366,2978 1590,2997 1688,2979 1724,2994 1778,2983 1778,2929 1576,2950 1539,2932 1196,2930"/>
                <Baseline points="1213,2970 1240,2970 1267,2970 1295,2970 1322,2970 1349,2971 1377,2971 1404,2971 1431,2972 1459,2972 1486,2972 1513,2972 1541,2972 1568,2973 1595,2973 1623,2973 1650,2972 1677,2972 1705,2972 1732,2971 1760,2970"/>
                <TextEquiv>
                    <Unicode>nes, et surtout très curieuses.</Unicode>
                </TextEquiv>
            </TextLine>
            <TextLine id="r1l172" custom="readingOrder {index:171;}">
                <Coords points="1929,2995 2682,2992 2682,2945 2656,2942 1929,2938"/>
                <Baseline points="1948,2979 1983,2979 2019,2979 2055,2980 2090,2980 2126,2980 2162,2981 2197,2981 2233,2982 2269,2982 2305,2982 2340,2982 2376,2983 2412,2982 2447,2982 2483,2982 2519,2981 2554,2980 2590,2980 2626,2978 2662,2977"/>
                <TextEquiv>
                    <Unicode>chose au monde une portée morale ou</Unicode>
                </TextEquiv>
            </TextLine>
            <TextLine id="r1l173" custom="readingOrder {index:172;}">
                <Coords points="428,2996 1195,2989 1194,2938 1140,2932 988,2956 428,2952"/>
                <Baseline points="447,2991 483,2991 519,2991 556,2991 592,2991 629,2991 665,2991 701,2991 738,2990 774,2990 811,2990 847,2990 883,2989 920,2988 956,2988 993,2987 1029,2985 1065,2985 1102,2983 1138,2981 1175,2979"/>
                <TextEquiv>
                    <Unicode>j'ai recu, tout récemment, Le fils de</Unicode>
                </TextEquiv>
            </TextLine>
            <TextLine id="r1l174" custom="readingOrder {index:173;}">
                <Coords points="2680,2991 3360,2999 3360,2959 3328,2944 2681,2944"/>
                <Baseline points="2697,2988 2729,2988 2761,2988 2793,2988 2826,2988 2858,2989 2890,2989 2923,2990 2955,2990 2987,2991 3020,2991 3052,2992 3084,2992 3116,2993 3149,2993 3181,2993 3213,2994 3246,2994 3278,2994 3310,2994 3343,2994"/>
                <TextEquiv>
                    <Unicode>romaine de M. Constantin Theolokt,</Unicode>
                </TextEquiv>
            </TextLine>
            <TextLine id="r1l175" custom="readingOrder {index:174;}">
                <Coords points="1936,3038 2674,3036 2674,2985 2609,2978 1936,2980"/>
                <Baseline points="1954,3021 1989,3022 2024,3022 2059,3022 2094,3023 2129,3023 2164,3024 2199,3024 2234,3025 2269,3025 2305,3026 2340,3026 2375,3026 2410,3026 2445,3026 2480,3025 2515,3025 2550,3024 2585,3023 2620,3021 2656,3020"/>
                <TextEquiv>
                    <Unicode>esthétique, et cest pourquoi son univers</Unicode>
                </TextEquiv>
            </TextLine>
            <TextLine id="r1l176" custom="readingOrder {index:175;}">
                <Coords points="1207,3018 1352,3044 1587,3022 1941,3032 1941,2974 1898,2963 1732,2985 1207,2982"/>
                <Baseline points="1227,3024 1261,3024 1296,3024 1331,3024 1366,3025 1401,3025 1436,3025 1471,3025 1506,3025 1541,3025 1576,3025 1610,3025 1645,3025 1680,3024 1715,3024 1750,3024 1785,3024 1820,3024 1855,3024 1890,3024 1925,3023"/>
                <TextEquiv>
                    <Unicode>J'ai grande envie de rapprocher de</Unicode>
                </TextEquiv>
            </TextLine>
            <TextLine id="r1l177" custom="readingOrder {index:176;}">
                <Coords points="431,3029 583,3063 1202,3036 1201,2986 431,2992"/>
                <Baseline points="450,3032 486,3033 523,3033 560,3033 596,3033 633,3033 670,3033 706,3033 743,3032 780,3032 817,3031 853,3031 890,3030 927,3029 963,3028 1000,3027 1037,3027 1073,3026 1110,3025 1147,3025 1184,3024"/>
                <TextEquiv>
                    <Unicode>deur mères, de M. Massimo Bontempo¬</Unicode>
                </TextEquiv>
            </TextLine>
            <TextLine id="r1l178" custom="readingOrder {index:177;}">
                <Coords points="2675,3041 3315,3050 3377,3036 3378,2989 2676,2991"/>
                <Baseline points="2693,3030 2726,3030 2759,3030 2793,3030 2826,3030 2859,3031 2893,3032 2926,3033 2959,3034 2993,3035 3026,3036 3059,3037 3093,3037 3126,3038 3159,3038 3193,3038 3226,3038 3259,3038 3293,3036 3326,3035 3360,3034"/>
                <TextEquiv>
                    <Unicode>Condamné, quf est un récit d’une ne</Unicode>
                </TextEquiv>
            </TextLine>
            <TextLine id="r1l179" custom="readingOrder {index:178;}">
                <Coords points="1190,3074 1939,3084 1939,3030 1874,3022 1791,3040 1191,3024"/>
                <Baseline points="1209,3066 1244,3067 1280,3068 1315,3069 1351,3069 1387,3070 1422,3070 1458,3070 1493,3071 1529,3071 1565,3071 1600,3071 1636,3071 1671,3071 1707,3071 1743,3071 1778,3071 1814,3070 1849,3070 1885,3069 1921,3069"/>
                <TextEquiv>
                    <Unicode>I'Italien Bontemporelli, I’Anglais David</Unicode>
                </TextEquiv>
            </TextLine>
            <TextLine id="r1l180" custom="readingOrder {index:179;}">
                <Coords points="1939,3083 2655,3084 2680,3080 2680,3029 1939,3036"/>
                <Baseline points="1957,3069 1992,3069 2027,3069 2062,3069 2097,3069 2133,3069 2168,3069 2203,3069 2238,3069 2273,3069 2309,3070 2344,3070 2379,3070 2414,3070 2449,3070 2485,3070 2520,3070 2555,3070 2590,3069 2625,3069 2661,3068"/>
                <TextEquiv>
                    <Unicode>posséde un équilibre si magnifiquement</Unicode>
                </TextEquiv>
            </TextLine>
            <TextLine id="r1l181" custom="readingOrder {index:180;}">
                <Coords points="443,3084 468,3081 493,3089 504,3089 512,3082 580,3087 582,3037 549,3040 513,3039 509,3035 502,3042 488,3034 444,3037"/>
                <Baseline points="461,3076 486,3075 512,3076 537,3077 563,3078"/>
                <TextEquiv>
                    <Unicode>relli.</Unicode>
                </TextEquiv>
            </TextLine>
            <TextLine id="r1l182" custom="readingOrder {index:181;}">
                <Coords points="2661,3093 3374,3091 3374,3036 2662,3031"/>
                <Baseline points="2681,3072 2714,3073 2748,3074 2782,3075 2816,3076 2850,3077 2883,3077 2917,3078 2951,3078 2985,3079 3019,3079 3052,3079 3086,3079 3120,3079 3154,3079 3187,3079 3221,3079 3255,3079 3289,3078 3323,3077 3357,3077"/>
                <TextEquiv>
                    <Unicode>abnégation écrit par un romaneier</Unicode>
                </TextEquiv>
            </TextLine>
            <TextLine id="r1l183" custom="readingOrder {index:182;}">
                <Coords points="1194,3119 1943,3122 1943,3075 1194,3075"/>
                <Baseline points="1214,3110 1249,3111 1285,3111 1320,3112 1356,3113 1391,3114 1427,3114 1462,3114 1498,3115 1533,3115 1569,3115 1604,3115 1640,3115 1675,3115 1711,3115 1746,3115 1782,3115 1817,3114 1853,3114 1888,3114 1924,3113"/>
                <TextEquiv>
                    <Unicode>Garnett — un aufeux célébre de Pautre</Unicode>
                </TextEquiv>
            </TextLine>
            <TextLine id="r1l184" custom="readingOrder {index:183;}">
                <Coords points="1938,3121 2680,3118 2680,3079 2647,3075 1939,3074"/>
                <Baseline points="1957,3110 1992,3111 2027,3112 2062,3112 2097,3113 2132,3114 2167,3114 2203,3114 2238,3115 2273,3115 2308,3115 2343,3115 2378,3115 2413,3116 2449,3116 2484,3115 2519,3115 2554,3115 2589,3115 2624,3115 2660,3115"/>
                <TextEquiv>
                    <Unicode>naturel v. Ses Mémoires, ajoute le cri¬</Unicode>
                </TextEquiv>
            </TextLine>
            <TextLine id="r1l185" custom="readingOrder {index:184;}">
                <Coords points="2673,3124 3194,3138 3216,3116 3386,3138 3386,3069 2673,3080"/>
                <Baseline points="2693,3116 2726,3117 2760,3118 2793,3119 2827,3120 2861,3120 2894,3121 2928,3121 2962,3121 2995,3121 3029,3121 3063,3121 3096,3121 3130,3121 3164,3120 3197,3120 3231,3119 3265,3119 3298,3118 3332,3117 3366,3117"/>
                <TextEquiv>
                    <Unicode>nu de lä-bas, puis une série de sobr</Unicode>
                </TextEquiv>
            </TextLine>
            <TextLine id="r1l186" custom="readingOrder {index:185;}">
                <Coords points="476,3136 1148,3130 1202,3118 1202,3082 1028,3048 949,3079 836,3051 732,3082 608,3054 555,3088 475,3085"/>
                <Baseline points="492,3123 526,3123 561,3124 595,3124 630,3124 665,3124 699,3124 734,3124 768,3124 803,3123 838,3123 872,3122 907,3121 941,3120 976,3120 1011,3119 1045,3118 1080,3117 1114,3115 1149,3115 1184,3114"/>
                <TextEquiv>
                    <Unicode>M. Massimo Bontemporelli, qui occu¬</Unicode>
                </TextEquiv>
            </TextLine>
            <TextLine id="r1l187" custom="readingOrder {index:186;}">
                <Coords points="1941,3162 2223,3184 2646,3171 2675,3167 2676,3117 1941,3115"/>
                <Baseline points="1960,3154 1994,3156 2029,3157 2064,3157 2099,3158 2134,3159 2169,3159 2204,3160 2239,3160 2274,3160 2309,3160 2343,3160 2378,3160 2413,3160 2448,3159 2483,3159 2518,3159 2553,3158 2588,3158 2623,3158 2658,3158"/>
                <TextEquiv>
                    <Unicode>tique allemand, sont comne un Baedec¬</Unicode>
                </TextEquiv>
            </TextLine>
            <TextLine id="r1l188" custom="readingOrder {index:187;}">
                <Coords points="1196,3165 1945,3171 1945,3121 1905,3117 1670,3127 1580,3101 1196,3122"/>
                <Baseline points="1216,3155 1251,3156 1287,3157 1322,3157 1358,3158 1393,3158 1429,3159 1464,3159 1500,3160 1535,3160 1571,3160 1606,3160 1642,3160 1677,3160 1713,3160 1748,3160 1784,3160 1819,3159 1855,3159 1890,3158 1926,3157"/>
                <TextEquiv>
                    <Unicode>côté de la Manche et qui, lui aussi, fait</Unicode>
                </TextEquiv>
            </TextLine>
            <TextLine id="r1l189" custom="readingOrder {index:188;}">
                <Coords points="436,3191 1203,3173 1202,3118 435,3119"/>
                <Baseline points="454,3170 490,3169 527,3168 563,3167 600,3166 636,3166 673,3165 709,3164 746,3164 782,3163 819,3163 855,3162 892,3162 928,3161 965,3161 1001,3161 1038,3160 1074,3160 1111,3160 1147,3159 1184,3159"/>
                <TextEquiv>
                    <Unicode>pe une place éminente parmi les littéra¬</Unicode>
                </TextEquiv>
            </TextLine>
            <TextLine id="r1l190" custom="readingOrder {index:189;}">
                <Coords points="2675,3174 3116,3187 3192,3159 3354,3178 3383,3167 3384,3131 2675,3127"/>
                <Baseline points="2693,3160 2726,3161 2760,3161 2793,3162 2827,3163 2860,3163 2894,3164 2927,3165 2961,3165 2994,3165 3028,3166 3062,3166 3095,3166 3129,3166 3162,3166 3196,3166 3229,3165 3263,3165 3296,3164 3330,3163 3364,3162"/>
                <TextEquiv>
                    <Unicode>et courts récits écrits par M. Den#</Unicode>
                </TextEquiv>
            </TextLine>
            <TextLine id="r1l191" custom="readingOrder {index:190;}">
                <Coords points="1936,3210 2652,3217 2680,3213 2681,3163 2482,3179 2457,3161 1936,3160"/>
                <Baseline points="1955,3200 1990,3200 2025,3201 2061,3201 2096,3202 2131,3203 2167,3203 2202,3203 2237,3204 2273,3204 2308,3205 2343,3205 2379,3205 2414,3206 2449,3206 2485,3206 2520,3206 2555,3206 2591,3206 2626,3205 2662,3205"/>
                <TextEquiv>
                    <Unicode>ker historique, une sorte de coupe in¬</Unicode>
                </TextEquiv>
            </TextLine>
            <TextLine id="r1l192" custom="readingOrder {index:191;}">
                <Coords points="1191,3205 1947,3217 1947,3177 1903,3166 1191,3165"/>
                <Baseline points="1209,3203 1245,3202 1281,3202 1317,3201 1353,3201 1389,3202 1425,3202 1461,3203 1497,3203 1533,3204 1569,3205 1605,3206 1641,3206 1677,3206 1713,3207 1749,3207 1785,3206 1821,3206 1857,3205 1893,3203 1929,3202"/>
                <TextEquiv>
                    <Unicode>fi de la vraisemblance. II a débuté par</Unicode>
                </TextEquiv>
            </TextLine>
            <TextLine id="r1l193" custom="readingOrder {index:192;}">
                <Coords points="2666,3212 3331,3223 3374,3217 3375,3173 2666,3176"/>
                <Baseline points="2685,3204 2718,3205 2752,3206 2785,3206 2819,3207 2852,3208 2886,3209 2919,3210 2953,3211 2986,3211 3020,3212 3054,3213 3087,3213 3121,3213 3154,3213 3188,3213 3221,3213 3255,3212 3288,3212 3322,3210 3356,3209"/>
                <TextEquiv>
                    <Unicode>tre Nicolopoulos. Nous devions déjá</Unicode>
                </TextEquiv>
            </TextLine>
            <TextLine id="r1l194" custom="readingOrder {index:193;}">
                <Coords points="436,3249 569,3214 779,3233 837,3203 938,3227 1195,3217 1202,3173 435,3177"/>
                <Baseline points="453,3214 489,3215 526,3215 562,3215 599,3215 636,3215 672,3215 709,3215 745,3214 782,3214 819,3213 855,3213 892,3212 928,3211 965,3210 1002,3209 1038,3209 1075,3208 1111,3207 1148,3206 1185,3205"/>
                <TextEquiv>
                    <Unicode>teurs de son pays, ne m’était pas in¬</Unicode>
                </TextEquiv>
            </TextLine>
            <TextLine id="r1l195" custom="readingOrder {index:194;}">
                <Coords points="1193,3259 2553,3270 2672,3263 2673,3209 1194,3212"/>
                <Baseline points="1213,3248 1285,3247 1357,3246 1429,3246 1501,3246 1573,3246 1645,3246 1717,3246 1789,3246 1861,3247 1933,3247 2005,3248 2077,3248 2149,3248 2221,3249 2293,3249 2365,3250 2437,3250 2509,3250 2581,3250 2653,3250"/>
                <TextEquiv>
                    <Unicode>un coup d’échat: La Femme changée eustégrale à travers la vie quotidienne d'un</Unicode>
                </TextEquiv>
            </TextLine>
            <TextLine id="r1l196" custom="readingOrder {index:195;}">
                <Coords points="2663,3277 2750,3255 3368,3267 3368,3217 3252,3206 2663,3208"/>
                <Baseline points="2682,3250 2715,3253 2748,3254 2782,3255 2815,3256 2849,3256 2882,3256 2916,3255 2949,3255 2983,3254 3016,3253 3049,3252 3083,3251 3116,3251 3150,3250 3183,3250 3217,3251 3250,3251 3284,3253 3317,3255 3351,3258"/>
                <TextEquiv>
                    <Unicode>M. Nicolopoulos des contes d’Ethiop</Unicode>
                </TextEquiv>
            </TextLine>
            <TextLine id="r1l197" custom="readingOrder {index:196;}">
                <Coords points="440,3275 700,3253 906,3272 946,3246 1207,3265 1206,3214 439,3228"/>
                <Baseline points="459,3256 495,3256 531,3257 568,3257 604,3257 641,3257 677,3257 713,3257 750,3257 786,3257 823,3256 859,3256 895,3255 932,3255 968,3254 1005,3252 1041,3252 1077,3250 1114,3249 1150,3248 1187,3246"/>
                <TextEquiv>
                    <Unicode>connu, mais non gräce à des tradue¬</Unicode>
                </TextEquiv>
            </TextLine>
            <TextLine id="r1l198" custom="readingOrder {index:197;}">
                <Coords points="1201,3305 2684,3298 2684,3254 1201,3254"/>
                <Baseline points="1221,3293 1293,3294 1365,3294 1437,3294 1510,3294 1582,3294 1654,3294 1726,3294 1799,3293 1871,3293 1943,3293 2015,3293 2088,3293 2160,3293 2232,3293 2304,3293 2377,3293 2449,3294 2521,3294 2593,3294 2666,3295"/>
                <TextEquiv>
                    <Unicode>snard, qui était l'ahurissante aventu-äge du monde. &amp; On sait, gräce à lui,</Unicode>
                </TextEquiv>
            </TextLine>
            <TextLine id="r1l199" custom="readingOrder {index:198;}">
                <Coords points="2669,3297 3371,3312 3371,3258 3346,3251 2670,3257"/>
                <Baseline points="2687,3294 2720,3295 2753,3295 2786,3296 2820,3297 2853,3297 2886,3298 2920,3298 2953,3299 2986,3299 3020,3299 3053,3299 3086,3299 3119,3299 3153,3299 3186,3299 3219,3299 3253,3299 3286,3299 3319,3299 3353,3299"/>
                <TextEquiv>
                    <Unicode>curieux, passionnants, qui nous fa</Unicode>
                </TextEquiv>
            </TextLine>
            <TextLine id="r1l200" custom="readingOrder {index:199;}">
                <Coords points="435,3329 580,3302 1205,3309 1205,3254 619,3254 583,3277 434,3260"/>
                <Baseline points="452,3301 488,3302 525,3302 562,3302 599,3302 636,3302 672,3302 709,3302 746,3301 783,3301 820,3300 856,3300 893,3299 930,3298 967,3297 1004,3297 1040,3296 1077,3296 1114,3295 1151,3294 1188,3294"/>
                <TextEquiv>
                    <Unicode>tions. Tavais apprécié déjá en italien</Unicode>
                </TextEquiv>
            </TextLine>
            <TextLine id="r1l201" custom="readingOrder {index:200;}">
                <Coords points="452,3367 3382,3319 452,3320"/>
                <Baseline points="472,3350 616,3348 761,3346 905,3344 1050,3343 1195,3342 1339,3341 1484,3340 1628,3340 1773,3340 1918,3340 2062,3340 2207,3340 2351,3341 2496,3341 2641,3342 2785,3343 2930,3344 3074,3346 3219,3347 3364,3349"/>
                <TextEquiv>
                    <Unicode>son Era Uitima, puis un drame tres) re d'un homme qui vit, un jour, sa fem“comment, à l’époque, les gens voya-Isaient vivre dans ce pays lointain, co</Unicode>
                </TextEquiv>
            </TextLine>
            <TextLine id="r1l202" custom="readingOrder {index:201;}">
                <Coords points="2259,3597 2292,3596 2306,3607 2328,3595 2361,3616 2368,3609 2386,3616 2404,3601 2422,3601 2418,3395 2367,3396 2339,3425 2299,3448 2285,3434 2256,3434"/>
                <Baseline points="2279,3595 2304,3596 2329,3595 2354,3594 2379,3594 2405,3593"/>
                <TextEquiv>
                    <Unicode></Unicode>
                </TextEquiv>
            </TextLine>
            <TextEquiv>
                <Unicode>Casanovas Heimfahrt.
box 4/10
30. Cusanotus neintan
B IUIE
SnE AE inS A A I SRu S Ue S US Au S IU S U S A A UIRR AE I REEE E AIIR I SI. MI. EIIER I RR I RD RI Bun un un e nene  1
——.—.——
me transformée en renard, et qui, T’ai-, geaient, mangeaient, jouaient,
mant encore, la recueille, la protége,saient, se logeaient, aimajent et 8
Les
IVreS
jusqu'à ce qu'un ehasseur féroce la luimusaient, les mcurs, les manières,
tuc. Et ce récit, somme toute absurde,I façons de parler et de vivre. Seld
est si simplement narré et si pénétré
et princes, papes et rois, malandrins
d’émotion et d’amour, qu'on ne rejette
tricheurs, marchands et notaires, c
pas le livre, qu'on le lit et qu’on en
Un tour du monde littéraire
trats, entremetteurs, chanteurs,
reste ému. Un homme an zoo était de
ges et courtisanes, éerivains et ph
la mème veine, tandis qu'älle deit bar¬
sophes, sages et fous, il y a là la p
par Nicolas bégur
tir, le dernier roman de M. David Gar¬
captivante ct la plus riche ménage
nett que l’on vient également de tradui¬
humaine que jamais un anteur ait r##
re, nous fait retomber dans la réalité.
nie dans lé cadre d’un livre 9.
L'union européenne projetée par M. original, joué dans un théätre romain
La fugue et le retour d’Anne Dunnock,
Et M. Zweig pense que ce Casand
3rland, la France la realise dejá en que dirigeait M. Pirandello. Et j'ia lu
la fille d’un étrange pasteur qui, de ma¬
qui a mérité peut-être la potence,
ittérature. Et cest quand meme un re¬
en outre, maintes nouvelles de Jui. Em¬
niaque qu'il était, devient véritablement
n’est pas un littérateur et se défe
sultat. Depuis quelques années, une ar¬
porté par l’imagination, recherchant du
fou, sont tissés d’amour et de réve,
lui-mème d’etre psychologue, a écrit
mée de traducteurs nous offre, tant en
nouveau et le recherchant volontiers
mais se passent dans le réel. Nous n'a¬
plus amusant roman, tracé la plus p
romans qu’en essais historiques ou cri¬
hors du réel, M. Bontemporelli atteint
vons pas lä une ceuvre tout à fait ori¬
faite image d’une époque, bref, la
tiques, le meilleur de ce qui parait en
souvent le symbole et se heurte aussi
ginale ni frappante, mais une cuvre
une ceuvre immortelle par l’intens
Europe — que dis-je! dans les deux
sans crainte contre le paradoxe. Mais
qui conserve quand mème l’accent hu¬
la vitalité qui y éclatent.
Mondes.
son esprit est vraiment personnel, puis
main si propre aux réeits de M. David
L'autre livre, d’imagination celut
De mämhe que, gräce à la télégraphie
poétique, de sorte qu’il nous entraine
Garnett.
sur Casanova, est dü à Schnitzler,
sans fil, en tournant le bouton d’un
ou il veut et que nous le suivons de bon
grand Ccrivain viennots quöff ne #
C’est des pays de langue germanique
condensateur, on entend, sans se lever
gré. Le füs de deur mères, que M. Em¬
nait et ne présente en France que 6e
que nous arrivent deux ouvrages cu¬
de son fauteuil, des accents musicaux
manuel Audisio vient de traduire, est
rieux, un roman et un essai critique,
me conteur, tandis qu'il est surtout
venant de la Scandinavie, la voix d'un
un peu le jugement de Salomon appro¬
teur dramatique, L'auteur d'’Anal
consacrés à Casanova. L’étrange aven¬
prédicateur exhortant à la pénitence en
fondi, rendu fantastique et transposé,
turier sur lequel on a écrit toute une
fait vivre à merveille Casanova et,
Espagne, ou un orateur vantant les Sei romancé. Deux mères réclament un en¬
bibliothéque attire particulièrement 1’1-ajoutant encore une aventure dam
viets à Léningrad, de meme, à la de-]fant, ou plus eyactement un enfant äge
magination allemande. II faut dire duimaginaire aux innonbrables aventu
vanture d’un libraire, on peut cueillir
de sept ans, ne reconnaissant plus sa
reste que, ces derniers temps, la per-fréelles du Vénitien, il ne nous dée
les fleurs de l’imagination et les fruits
mère, designe une maison, une femme
sonnalité du Vénitien est de plus en
pas, tant il a su prendre le ton du ch
du travail intellectuel de tous les paxs.
qu'il dit étre sa maison, sa mère. On
plus appréciée. Non qu'elle neus ga¬
valier d’industrie et s'affubler de
Encore une fois, voilà déja une tenta¬
Ty conduit, on vérifie le fondé de ses
mentalité. Casanova qui brüle de r
raisse moins suspecte, moins indélica¬
tive de fraternité, de rapprochement.
assertions et on retrouve la femme qui,
trer dans sa chère Venise et qui
te, moins dissolue, mais parce que nous
Je vais mentionner, en les choisis¬
daccord avec l’enfant, défend sa ma¬
voyons préeisément, dans ses défauts
vieux et sans argent, s’arrête à Ma
sant au hasard, quelques beaux accents
ternité. Dans le Mario qu'Arianne Pa¬
toue ou il rencontre une vieille m
étalés sans vergogne, un symbole du
entendus dans cette tour de Babel qu'est
rigi avait mis au monde, élevé, Ma¬
tresse qui l'adore toujours. 3#, pi
siécle ou Ihomme vécut, et, dans son
devenue ma table et dou m’adressent
rianne Stirner reconnait Ramiro, sen
d’elle, une jeune fille qui fait encch
tempérament, presque unstype de sur¬
la parole des Italiens, des Grecs, des
enfant. Quelle est la vraie mère et lar homme anormal. M. Stefan Zweig,
une fois frémir son échine de de#
Scandinaves, des Russes, des Anglais,
quelle des deux l’aura? Un procés,
Comment il découvre que cette belle
dont on a traduit plusieurs ronians et
des Espagnols.
aurès maintes péripétics, est destiné à
essais, serute asscz bien gt non sans
docte fille a quand meme un jei
tfancher la question, mais l’enfant dis¬
*
admiration le fameux ehevalier de
amant, comment il ruine cet amant a
parait, et c’est ailleurs que les deux mé¬
cartes, lui achéte sa maitresse, se ###
Seingalt. II l’étudie sous ses divers as¬
On traduit relativement peu de livres
res qui l'aiment devront le chercher.
peets et conclut que nous nous trouvons
stitue à lui, et, dans P’obseurité, la p
italiens, si l’on excepte ceux des cé¬
Mystère allant „usqu'à l'hallucination,
sede, vollä ce que M. Schnitzler race
en présence d'un être quasi supérieur
lébrités presque internationales, com¬
puis précipitation d’aventures diverses,
et qui eut, en fout cas, le génie de se
te, dans un parfait récit easanovie
me Pirandello. Cest donc avec plaisir
et aussi étrange mélancolie répandue
tres amusant.
peindre intégralement, de se montrer
que j'avais lu assez dernierement un
le long de ces pages, rendent celles-ei
vivant à ses lecteurs. Casanova, nous
roman étrange de M. Guido Melanesi,
Et volei aussi deux ceuvres dues
attachantes, troublantes, assez humai¬
dit M. Zweig g n'attribue à aucune
édité par la maison Attinger, et que
l’imagination néo-greeque, d’abord u
nes, et surtout très curieuses.
chose au monde une portée morale ou
j'ai recu, tout récemment, Le fils de
romaine de M. Constantin Theolokt,
esthétique, et cest pourquoi son univers
J'ai grande envie de rapprocher de
deur mères, de M. Massimo Bontempo¬
Condamné, quf est un récit d’une ne
I'Italien Bontemporelli, I’Anglais David
posséde un équilibre si magnifiquement
relli.
abnégation écrit par un romaneier
Garnett — un aufeux célébre de Pautre
naturel v. Ses Mémoires, ajoute le cri¬
nu de lä-bas, puis une série de sobr
M. Massimo Bontemporelli, qui occu¬
tique allemand, sont comne un Baedec¬
côté de la Manche et qui, lui aussi, fait
pe une place éminente parmi les littéra¬
et courts récits écrits par M. Den#
ker historique, une sorte de coupe in¬
fi de la vraisemblance. II a débuté par
tre Nicolopoulos. Nous devions déjá
teurs de son pays, ne m’était pas in¬
un coup d’échat: La Femme changée eustégrale à travers la vie quotidienne d'un
M. Nicolopoulos des contes d’Ethiop
connu, mais non gräce à des tradue¬
snard, qui était l'ahurissante aventu-äge du monde. &amp; On sait, gräce à lui,
curieux, passionnants, qui nous fa
tions. Tavais apprécié déjá en italien
son Era Uitima, puis un drame tres) re d'un homme qui vit, un jour, sa fem“comment, à l’époque, les gens voya-Isaient vivre dans ce pays lointain, co
</Unicode>
            </TextEquiv>
        </TextRegion>
    </Page>
</PcGts>
