3392 4256
351 84 974 132 At an euclier dar. the dazzling
324 116 985 163 bero had enabled this man ter
319 152 983 197 merry, but had first had affales
2780 144 3200 228 box 4/11
1707 144 2564 214 Casanovas Heinfahr
317 187 977 231 with his flancee and her mother.
1511 145 2654 251 30
312 216 987 261 The wise greets hin with a nan¬
312 247 983 293 seating ienderness, Which sits bad¬
314 278 981 331 Iy upon her middie-aged person.
318 310 984 364 and for refreshment, indulging hin
315 346 974 395 freakish sense of the ridtenlous,
314 375 977 420 Cazanorn rounds out his acquain¬
310 402 968 454 tance with the family by seducing
301 431 979 490 the very young daughter, making
295 462 980 518 it ihree generations of women of
277 499 661 547 slhe same family.
352 518 972 581 Visiting with the famh, is 3
279 567 977 617 Rovely young girl. with whomt our
280 592 974 653 Fapriciaus and now rather pitifal
1071 573 1624 660 Casanovan Apocrypha
293 636 966 674 Gero falls hopelessly and terribly
1096 632 1863 691 Casaxova's Honncosisc —Arthur
299 663 984 715 In love, Senescence is painful, and
310 700 972 730 ingled win his aderatien Für te
1059 684 1801 755 Schnitzler—Simon & Schuster (Sr.f
314 714 982 779 nconsclous giri is his desire to
1091 739 1857 789 Just at the moment when Germany en¬
323 750 868 794 rove himself get irresistible.
320 783 978 832 Unfortuhately—for Cazanden—
1068 778 1850 831 tered its blackest days (end of 10r8)
2178 778 2398 860 W
314 814 966 864 he loves ancther and fails to ap¬
1070 823 1859 892 Arthur Schnitzler surprised and offended
311 855 969 913 breciate the old man’s senile und
2514 847 2639 932 8000
1059 859 1853 922 his countrymen by publising this lact.
313 890 706 928 egenerate passions.
1060 907 1855 968 lessli“ irrelevant little novel. Its hrst U. S.
2203 893 2451 972 41-1
324 902 972 964 Still tormented by his unceasing
324 943 974 992 svotion t0 Vehice, Cazanova
1064 957 1851 1000 edlition (Thomas Seitzer, ro#s) received
321 985 965 1031 opes desperately to go back and
1062 996 1857 1046 little attentien but last summer Vice-Sup¬
309 1016 961 1059 nd his days close to his only last¬
1064 1033 1863 1080 presser John Saxton Sumner tried to bar
320 1044 970 1108 g love, the city that had ban¬
315 1079 528 1130 bed him.
1072 1082 1868 1139 Simon & Schuster's new edition, failed,
2038 1001 2575 1168 Book Nook-
317 1085 979 1158 An old friend writes to him at
1085 1118 1770 1163 succeeded as usual in booming sales.
315 1136 973 1194 #e house where we find him visit¬
1103 1153 1855 1216 Author Schnitzler tells of an imaginary
317 1174 958 1220 kg. and deals him the death blow
2024 1184 2627 1277 nora's Homecoming
1075 1199 1844 1254 incident in Casanova’s later career. Be¬
308 1208 971 1256 -wounding the pride and spirit of
305 1241 968 1288 e man irretrievably. Cazanova,
2170 1236 2578 1298 (Arthur Schnitzler)
1059 1240 1858 1301 gginning to be an old man (53), Casanova
305 1281 964 1320 de darling of so many ladies of
2011 1262 2729 1339 This bepk, by Schnitzier, promi¬
1063 1281 1855 1335 flongs for his beloved Venice, and returns
305 1304 967 1348 de court, she scholar and debater,
2013 1318 2724 1365 nent Gernan author, was written in
1072 1319 1861 1374 las near it as its edict of banishment will
310 1341 956 1388 ie patriot may come back to Ven¬
2006 1359 2727 1414 his nativeltongue in 1915 and trans¬
317 1368 919 1421 e.Dut only as a. spr. secretly.
1065 1366 1855 1420 det him. Near Mantua he meets an old
1999 1398 2725 1453 tenlated into English in 1921. It 18
311 1406 967 1447 Insane with rage, humiliation
1067 1403 1853 1464 friend, Olivo, who has married one of
304 1435 962 1477 id real grief, Cazanova deter¬
1997 1434 2729 1489 Just within the past few years that
1059 1444 1863 1503 Casanova's half-forgotten loves. Olivo
307 1457 969 1511 inen to make the girl, niece of his
2006 1467 2737 1526 it has attained prominence, along
1064 1487 1853 1541 insists on Casanova's paying them a visit.
277 1499 969 1543 Mosts, his mistress. Hg suspects
2006 1511 2733 1571 with some of his later things. Of
290 1535 962 1569 Ner or having an affair with a
1065 1535 1856 1581 When Casanova sees his host’s beautiful
2007 1530 2737 1603 course, everyone knows about Casa¬
291 1564 958 1610 Wung neighbor, despite her seem¬
1062 1576 1853 1630 niece Marcolina, he immediately desires
2001 1581 2735 1644 nova, the great lover of history, This
325 1597 957 1649 g purity, and caret ly lays his
1057 1611 1859 1660 her, but she is repelled by him. Besides
321 1623 734 1672 ans to win her heart.
2002 1625 2725 1681 story deals with an imaginery inei¬
321 1657 960 1707 The affair is, naturally, a flasco,
1069 1659 1862 1717 she has a lover, the handsome young ne’er¬
1996 1655 2721 1717 dent in his later life, when he was
289 1689 960 1741 nd Cazancea reads in the girl's
1990 1695 2730 1762 about 55 years of age, and had lost!
1060 1698 1849 1761 do-well Lorenzi. But Lorenzi needs money
308 1718 961 1773 bathing eyes the grim message
1996 1746 2722 1796 much of his charm and alraction
1073 1747 1864 1795 badly, and Casanova bribes him. For a
280 1758 955 1817 Hat he will never again be wel¬
1994 1772 2733 1834 for women. The plot is conderned
304 1790 864 1841 bmed by the arms of youth.
1074 1779 1851 1842 night he takes Lorenzi's place. In the
2001 1813 2716 1883 with Casanova's infatuation 10 Mar¬
306 1800 959 1868 There is only Venice left—and
1067 1825 1855 1879 morning,when Marcolina sees who her
311 1845 958 1896 #ice will not have him back as
1999 1860 2724 1914 colina, the 19-véar-old, beautiful
1064 1867 1848 1926 lover has been, she is horror-struck.
275 1896 958 1932 #e gay, enchanting man who had
1998 1884 2717 1948 and learned niece lof an old friend
1072 1911 1858 1971 Lorenzi is waiting in the garden; Casanova
325 1914 948 1964 be exiled—and he must creep
1994 1934 2716 1984 of his. Casanova. is speniding a few
277 1944 956 1994 jack, to spy upon those whose po¬
1066 1949 1858 2013 has to kill him to get away. Then he
1987 1965 2714 2026 days with his friend, on his way
278 1977 960 2043 itical machinations were suspected
1068 1985 1863 2046 rides off to Venice, where the city fathers
1995 2001 2709 2059 back to Venice; his unsuccesskul
271 2020 580 2067 #y the conncil.
1064 2036 1857 2103 will allow him at last to return, if he will
308 2025 952 2096 Meanwhile, the young lover of
1986 2034 2704 2112 and pitiful attempts to galn her
1075 2074 1475 2132 serve them as a spy.
278 2075 946 2126 he girl has been killed, in the last
1997 2072 2699 2135 favor; and finally the accomplish¬
447 2111 939 2158 Cazanova’s waning
285 2117 391 2159 ally
1102 2107 1845 2173 The Author. Arthur Schnitzler, 68.
1995 2118 2712 2182 ment of his purpose when he steals
275 2137 951 2189 strength, and he must fly some¬
1981 2160 2716 2210 into her bedroom in the early dawn,
1071 2159 1856 2216 onetime physician (he practiced till he was
275 2163 947 2219 vhere. Despite his rage at the un¬
1981 2199 2704 2248 disguised as her young and hand¬
1074 2203 1855 2264 40). Jewish Viennese novelist and play¬
281 2211 937 2258 air and cruel treatment by his be¬
1994 2238 2696 2288 some lover, One of the most ef¬
277 2239 946 2296 oved city, die returns, old, bitter,
1074 2244 1860 2300 wright, has a heavy beard, frowns at the
1978 2270 2716 2327 fective and best scenes in the book
283 2276 947 2326 ind very weary. Even if onlj a
1120 2286 1228 2329 mera.
1305 2284 1790 2340 has rever been tothe 1.
277 2304 946 2347 neak and a spy. he tells himself.
1987 2308 2707 2377 is that wherein Casanova meets the
1078 2295 1875 2370 He says to hunsen: in some respects
279 2343 887 2388 ie serves his only lasting love.
1986 2353 2699 2405 young man in the garden, after he
1089 2350 1877 2396 I am the double of Professor Freud.
309 2365 940 2419 Leaving morals out of the ques¬
1986 2378 2702 2438 (Casanova) has just left Marco¬
1080 2394 1871 2443 Freud himself once called me his psychic
278 2401 941 2454 ion, a more pitiful study of senes¬
1974 2412 2704 2475 lina’s room, and kills him in self de¬
288 2437 940 2485 ence could scarcely be presented.
1081 2442 1878 2485 twin. I tread in literature the same path
1985 2455 2709 2514 fense in a duel, Youth facing Age.
291 2462 935 2508 The gay, the dashing, the sublime
1089 2473 1868 2537 which Freud explores with amazing audac¬
276 2500 943 2550 nd inimitable Cazanova, one feels,
2008 2503 2724 2564 Casanova’s Homecoming“ is re¬
1086 2528 1865 2587 ity in science.' Other (translated) nov¬
562 2534 939 2583 have grown old.
271 2538 556 2580 hould never
1985 2533 2698 2581 commended for adults, since it is
1080 2565 1878 2621 els: Fräulein Else, Beatrice, None But the
277 2562 947 2608 eath would have been more
1988 2577 2720 2645 written frankiy in the continenial
268 2594 937 2660 nereiful, since life was no longer
1089 2601 1448 2662 Brave, Rhapsody.
1971 2608 2176 2671 manner.
267 2636 395 2682 ind.
291 2649 940 2712 Short and simply told. Mr.
273 2684 951 2748 chnitzler’s tale is polished and
276 2725 948 2776 zell conceived, ably executed. Its
272 2761 923 2806 nost remarkable quality is the por
275 2800 896 2835 rayal of the old adventurer’s s##
270 2826 874 2874 ile Hassion for the worgang
267 2862 631 2918 is ageless love of
459 2867 912 2954 Donortr ####
2089 2966 2627 3055 Brocklyn Tines
2216 3090 2620 3182 May 1 1931
1898 3211 3154 3278 IFthey make noise enough, The Century Company will be open to
392 3237 612 3308 rines
1879 3251 3144 3326 1 congratulations. One ofithe best advertisements used by Simon
1881 3312 3144 3368 & Schuster for“Casanova’s Hemecoming,“ by Arthur Snitzler, was
389 3288 820 3370 Brockiyn NY
1886 3338 3148 3408 a quotation from John Sumner’s condemnation of the boök, if any¬
484 3347 835 3428 Jan 18-31
1882 3383 2584 3441 thing would boost sales. that. would.
369 3393 599 3478 Te
374 3487 1627 3555 A LTHOUGH there was a resolution made on New Tear’s to stop
353 3519 1611 3596 ∆A hitting at John S. Sumner, secretary of the New Tork Society
347 3571 1616 3645 for the Suppression of Vice, w. hereby slip to point out that Simon
342 3602 1618 3653 & Schuster, the latest publisher to fall into his bad graces, is turn¬
355 3647 1616 3706 ing his attack into propaganda for the book he sought to suppress.
427 3694 1617 3745 Advertlsing is appearing for Casanova’s Homecoming,“ by
346 3722 1620 3765 Arthur Schnitzler, which was vindicated by the magistrate before
354 3758 1617 3823 whofi the book was brought by Mr. Sumner and later was declared
341 3795 1610 3854 to be not obscene when Mr. Sumner insisteg it be considered by the
349 3816 1609 3892 Grand Jury. The advertising quotes fronf Mr. Sumner:“ Cassa¬
340 3858 1606 3910 nova’s Homecoming' is not only obscene, but constructively obscene.“
436 3899 1608 3977 Courtnay Terrett called Mr. Sumner, in his book“Only Saps
340 3933 1228 4003 Work,“ a muscleman for the ##ok racketeers.
834 3976 1013 4036 * *
