3484 4320
514 230 1427 315 Casanovas Heimfahrt
276 227 1999 350 30. Casunc  ds Auaram„ box 4/10
3060 1267 3371 1351 Kusse leservier
1653 1310 3373 1390 #e das Betreten des Gebietes der Neutrali= Ende 1918 einen Betrag von 4,8
780 1341 1737 1426 auch uns nicht geschehen wird. Das Programm
2683 1375 3374 1426 reicht hat; für 1919 ist im Budge
1731 1371 2697 1459 tätspraxis den soliden Boden zu gewin¬
760 1409 1732 1481 des Weltfriedens ist daher unser Programm ...“
2683 1410 3367 1471 Million eingestellt. Als außerorden
1723 1452 3370 1519 nen für die Formulierung der Antwort, die wir sind der Hilfskasse sodann zuzuwen
837 1463 1744 1541 In dieser Idee der Bundesgenossenschaft
1726 1473 2533 1547 uns in der Ueberschrift gestellt haben.
2691 1503 3378 1551 Erhöhung des anrechenbaren Jah
762 1510 1747 1588 gegenüber dem Gewaltakt, dem Friedensstörer,
2044 1529 2376 1604 (Schluß folgt.)
2673 1545 3379 1614 vom Bunde 5 und von den Versiche
1731 1632 3360 1698 irdischen Zusammenhänge ist fesselnd genug, um Blick erkennt nun auch die Id
1025 1638 1473 1737 Feuilleton.
1730 1675 3379 1757 die Mühen einer Analyse zu lohnen. Der Held] Hauptmotivs. In der Novelle tritt
1724 1712 2690 1784 in Schnitzlers letzter Novelle „Casanovas Heim¬
2677 1720 3371 1798 Lorenzi die schöne Marcolina d
1736 1765 2689 1835 fahrt“ ist uns aus seinen älteren Werken wohl¬
2675 1772 3368 1839 Casanova ab — für eine Liebesn
806 1757 1681 1845 Die „Heimfahrt“ aus dem „weiten Land“.
1735 1807 2681 1868 bekannt: es ist der vollkommene Verführer, der
2693 1827 3376 1887 unerkannt, als der Geliebte geltend,
815 1821 1733 1894 Um den alternden Dichter der Erotik herum
1724 1859 2689 1921 alle Frauen fasziniert und an sich zieht, den
2679 1864 3370 1932 Eine Abtretung der geliebten Frau
772 1872 1731 1934 erhebt sich stets ein halbunterdrücktes, hämisches
1732 1893 2691 1966 Männern in anderem Sinne gefährlich, weil er
2675 1910 3355 1970 nicht so klar ausgesprochen und
759 1935 1732 1993 Kichern, ein boshaftes Zischeln, als ob er sich jetzt
1727 1937 2680 2005 stets bereit ist, in Duell und Spiel sein Alles zu
2682 1949 3369 2010 geführt ist auch der Inhalt des
764 1963 1732 2028 vor die Wahl gestellt sähe, beschämt zu verstum¬
1724 1978 2677 2049 wagen. Wir kennen ihn, der hier zum erstenmal
2675 1999 3375 2058 junger Künstler hat sich getötet, w#
765 2014 1731 2078 men oder mit grauen Haaren und welken Lippen
1731 2029 2674 2084 den ihm gebührenden historischen Titel „Casa¬
2676 2042 3370 2103 Frau Hofreiters, ihn nicht erhörte.
769 2052 1735 2124 immer weiter die Abenteuer und Gefühle seiner
1726 2072 2682 2138 nova, Chevalier de Seingalt“ führt, schon längst
2675 2086 3375 2141 wird durch diesen Tugendbeweis sei
766 2109 1729 2167 lockigen Jugend zu wiederholen. Ein solcher Hohn
1723 2104 2685 2178 als „Herzog von Cadignan“, „Der grüne Kakadu“
2688 2132 3375 2192 nicht aufs neue verbunden, sonder
766 2144 1719 2214 bildet sich gerne auf den Lippen der Mittelmäßi¬
1726 2154 2682 2225 „Herr von Sala“, oder in grotesker Karikatur als
2682 2175 3372 2229 mit einem Gefühl des Grauens ##
768 2191 1730 2259 gen, denen die eigene Geistigkeit mit ihrer Jugend
1726 2210 2675 2265 Kassian und Herzog von Lawin. Die letzte Ge¬
2680 2216 3373 2275 deutet dieses Grauen als Freigabe,
761 2234 1724 2304 dahinschwindet, aber er trifft den Dichter nicht,
1727 2251 2686 2310 staltung dieses Typus war der Fabrikant Hof¬
2676 2261 3366 2317 sprochene Abtretung und wählt sich
767 2277 1736 2332 der, wenn er einer ist, nicht aus der alltäglichen
1733 2298 2673 2358 reiter in „Das weite Land“ und dort zuerst tritt
2682 2308 3373 2376 umwerbenden Jugend einen Gelieb
761 2326 1724 2390 Wirklichkeit seiner Zustände und Wünsche schöpft,
1726 2325 2675 2401 er in den Kreis jenes Problems, von dem das
2671 2343 3364 2407 wacht die Eifersucht Hofreiters, e
767 2373 1732 2433 sondern aus dem Quell der Trämme, der der
1733 2385 2680 2454 neue Werk erfüllt ist: das Ende des Abenteurers,
2671 2383 3368 2455 jungen Mann heraus und tötet ihn
776 2405 1726 2479 Phantasie ewige Jugend, ja Kindlichkeit verleiht.
1729 2431 2682 2495 sein Zurücktreten in das Dunkel gewöhnlichen
2722 2443 3367 2511 Das Duell fehlt auch in der No
826 2456 1727 2526 Arthur Schnitzler, der stets in erster
1717 2472 2676 2528 Menschentums — das Altern. Ist die Aufmerr¬
2674 2467 3370 2544 der ebenfalls der Jüngling von #
771 2497 1727 2571 Reihe unter den an erotische Probleme Gefesselten
1723 2518 2672 2579 samkeit einmal auf die vermutere Verwandtschaft
2668 2519 3362 2587 älteren Rivalen fällt. Dies ist der
756 2560 1725 2615 genannt wurde, gehört zu jenen, die auch noch nach
1724 2563 2677 2626 der beiden Werke gelenkt, so entdeckt sie ohne
2669 2570 3375 2618 von der „Liebelei“ an immer wieder
760 2585 1732 2652 der Lebenswende neue Fragen zu stellen und neue
1717 2601 2676 2659 Mühe, daß einer der Gegenspieler des Verführer¬
2677 2616 3373 2683 gang. Im Vorhergehenden aber ha#
754 2631 1722 2699 Lösungen zu gestalten vermögen: beides heute
1720 2651 2672 2708 Helden in beiden dieselbe Figur ist, nur mit den
2668 2662 3371 2721 Novelle und dem Drama eine durch
766 2679 1725 2748 vielleicht mit geringerer Kraft wie einst, aber mit
1720 2695 2676 2750 durch Milien und Kostüm gebotenen Veränderun¬
2675 2704 3375 2771 änderung stattgefunden. Die Hand##
755 2715 1727 2793 den weiteren Fernsichten und der harmonischeren
1720 2737 2672 2794 gen, hier als Bankier Natter, dort als Marchese
2663 2745 3376 2817 dieselbe, aber ihre Akteure haben m
765 2770 1724 2828 Beleuchtung des Abends. In seinem Schaffen
1716 2786 2668 2849 Celsi auftretend. Beide wissen, daß sie betrogene
2665 2781 3368 2850 Stellung getauscht. Im „weiten La#
761 2816 1714 2887 gibt es keinen Riß, keine unüberbrückbare Spal¬
1724 2826 2673 2886 Ehemänner sind, und ertragen es scheinbar ge¬
2678 2845 3359 2901 alternde Bezauberer, der sein Recht
763 2864 1719 2925 tung; die Gestalten und Motive der Jugend ver¬
1716 2875 2672 2938 duldig, als ein unentrinnbares Schicksal, aber
2674 2881 3374 2944 tritt und dann den, der seine Stelle
753 2892 1718 2969 schwinden nicht, sie wandeln sich langsam, weich
1720 2920 2672 2980 heimlich mit den Zähnen knirschend und gegen
2677 2929 3374 2991 der Herausforderung lohnt; in der
747 2941 1729 3012 und nachgebend. Jedes spätere Werk fügt sich wie
1721 2964 2677 3027 ihren glücklichen Rivalen Ränke spinnend, bis sie
2673 2974 3374 3032 ist es der Vertreter der neuen, he
751 2977 1723 3053 das Glied einer Kette an ein früheres an. Der
1719 3005 2672 3069 sich beim Gelingen ihrer Pläne mit schadenfrohem
2663 3011 3366 3072 Generation, der junge Leutnant Lo
753 3029 3377 3115 Nachweis solcher Uebergangsstellen und unter= Trotz als „Schurken“ demaskieren. Der geschärftere Geliebte dem alten Abenteurer ver#
1789 3169 1928 3340 7
1124 3202 1679 3377 endr
2030 3209 2401 3399 220
