3436 4256
303 118 1429 220 30. Casanovas Heimfahrt
1589 112 2011 214 box 4/10
513 162 1446 241 n un ee  e
1060 820 2516 917 710 MODIFYING THE EIGHTEENTH CENTURY
1063 936 2596 1017 eldest child is only thirteen; at which point, gentlemen, we have a
1057 1013 2605 1091 perfect right to await the seduction of this eldest daughter, which
1060 1077 1424 1160 comes in time.
1116 1140 2597 1213 I do not recall ever having seen before a structure so elaborately
1068 1211 2602 1276 propped and counter-propped. Nor a piece of prose fiction which
1069 1264 2589 1329 was so much like a play with the he-saids and the she-saids written
1061 1343 2600 1405 in. Schnitzler has become so thoroughly accustomed to objectivi¬
1060 1397 2608 1463 zation that even when Casanova thinks, he thinks visually. Still, it
1068 1462 2607 1519 should be pointed out that the plot is thoroughly in keeping with
1062 1519 2610 1582 the theme, for this is the sequence to eight volumes of more or less
1076 1589 2601 1664 elaborate intrigue; a plea which Schnitzler himself makes as skil¬
1063 1652 2606 1724 fully as anything in thestory, by bringing up here and there various
1066 1720 1818 1794 high points out of the Memoires.
1121 1780 2600 1863 Significantly enough, a somewhat analogous themne has been han¬
1067 1840 2600 1924 dled by Schnitzler’s one superior as a craftsman of German prose; 1
1066 1907 2595 1983 refer to Thomas Mann’s Der Tod in Venedig. Here, however, the
1061 1983 2605 2050 raironneur has been complicated and diseased by years of devotion
1070 2052 2588 2111 to literature; and quite in keeping with the intricacy of von Aschen¬
1078 2101 2594 2170 bach’s brain—over against the flat “dramatic conflict’’ of Casanova
1079 2165 2606 2235 with an eyetooth missing—the plot centres on, not a beautiful
1060 2238 2602 2307 young woman, but a beautiful young Polish boy, the entire story
1083 2298 2501 2364 working among half-stifled and purely cerebral transgressions.
1119 2352 2598 2438 Mann’s treatment is that of a musician, rather than a playwright,
1077 2429 2598 2506 which, I think, will always be the case of a subjective writer who
1077 2485 2602 2558 has gone to the bottom of his methods. Whereas Schnitzler has
1072 2554 2599 2630 produced something as objective as a movie scenario, Mann turns
1067 2627 2602 2700 rather to orchestration, to harmonization, putting out elements not
1066 2680 2600 2761 as plants,“ but as themes to be picked up and developed later, and
1072 2766 2597 2825 assembling his material until he has brought the very air and water
1079 2814 2598 2894 of Venice to bear upon his story. Mann goes for an almost austere
1071 2884 2612 2950 dignity; Schnitzler gets a clarity of evidence which might be found
1068 2939 2588 3013 in the reviewer’s nade mecum, I believe, under Depiction, relent¬
1066 2997 2597 3068 less.“ But if Mallarmé’s claim is just and the artist should accept
1076 3066 2597 3139 first of all those properties which are fundamental to his medium,
1067 3140 2596 3201 Mann is more in his province than Schnitzler, for prose fiction is as
1081 3207 2350 3284 inherently subjective as the stage is inherently objective.
2086 3271 2542 3399 KENNErn BuRkE
