3436 4224
292 155 484 235 30
521 145 1397 223 asanovas Heimfahrt
1562 144 1983 241 box 4/10
481 206 1411 259 u un  eeeeeeRRRAARAAATRRRARRRATRRARAEAAARt
1734 341 2207 411 —.—
1170 393 2246 461 österreichischen Gewerbevereines Rechtsanwalt Dr. Julius
1198 438 1867 513 Ullmann einen Vortcag halten.
1216 472 2247 552 (Versammlung der Artilleriestabsossiziere.) Die
1189 519 2248 597 deutschösterreichischen Offiziere des Artilleriestabes und seine
1199 573 2248 620 Zugeteilten werden ersucht, am Samstag, den 4. Jänner,
1194 613 2243 676 um 4 Uhr Nachmittags in Wien, Technisches Militär¬
1192 651 2244 711 komitee, 6. Bez., Getreidemarkt Nr. 9, Zimmer Nr. 176,
1196 698 2245 777 zu erscheinen. In Verhandlung stehen wichtige Stanhes¬
1189 733 1350 785 fragen.
1231 767 2232 840 (Telepathischer Abend.) Der Telepath Eugen de
1123 794 1171 858 r¬
1195 810 2238 864 Rubini gibt Sonntag, den 12. Jänner, 6 Uhr Abends
1193 866 2242 938 im großen Musikvereinssaal einen telepathischen, mit
1189 886 1924 966 neuen Experimenten verbundenen Abend.
1130 969 2235 1060 I] (Vereinsnachricht.) Sonntag, den 29. Dezeuber, ver¬
1114 1051 2244 1100 er anstaltete der Bund der Reichsdeutschen in
1198 1077 2239 1124 Deutschösterreich im großen Saale des Wiener
1101 1085 1185 1146 ib¬
1193 1119 2237 1183 Konzerthauses eine Werbeversammlung. Der Tätigkeits¬
1116 1128 1185 1187 ug
1196 1163 2242 1227 bericht wurde vom Schriftführer Luck=Lotzmanner
1195 1198 2237 1266 stattet. Vizepräsident Dr. Richter erläuterte sodann die
1198 1245 2240 1288 Satzungen des Bundes, und Vizepräsibent Stenzel
1191 1282 1328 1329 richtete
1497 1283 2240 1342 schlüsse darau warme Worte an seine
1099 1311 1196 1374 ng
1196 1320 1288 1370 Arb
2143 1337 2232 1380 un¬
1604 1323 2110 1376 Hinblick auf die Zeitströmun
1188 1364 1255 1412 bel
1661 1369 1920 1425 llen mit den g#
1197 1397 1239 1456 B
1708 1407 1929 1467 ong begann
1104 1414 1180 1468 den
1192 1445 1246 1486 de
1746 1448 1921 1503 einem Gri
1096 1459 1188 1524 um
1110 1506 1176 1573 25
1705 1527 1921 1587 zu gehen, de
1092 1558 1175 1620 der
1192 1565 1240 1621 h
1709 1571 1818 1634 nicht
1200 1604 1262 1652 der
1103 1614 1179 1672 i:
1193 1645 1257 1695 S
1097 1665 1173 1725 den
1183 1685 1280 1747 wen
1094 1715 1183 1792 ag.
1187 1727 1335 1779 zur Err
2159 1737 2238 1794 en,
1177 1764 1447 1833 zur Durchführ
2009 1771 2228 1828 Hilfe unter¬
1183 1810 1441 1863 einander und
1981 1808 2228 1865 im Laufe der
1189 1833 1590 1905 jetzigen Entwicklung n
1928 1849 2240 1914 rage sofort ge¬
1175 1887 1662 1963 schlossen Stellung nehmen
1415 1937 2002 2009 un
1437 1982 2249 2103 Buchanzeigen. Da2-
2123 2051 2268 2121 ##7
1209 2086 2226 2161 („Casanovas Heimfahrt.“ Eine Novelle von Artur
1433 2148 2234 2205 Verlag S. Fischer. Berlin.) Schnitzlers
1096 2165 2238 2267 da Mobene=Rehänden einen galanten Zwischensall auf der
1171 2251 2228 2310 Reise des alternden, von Sehnsucht nach der Vaterstadt
1181 2293 2230 2341 Venedig zermürbten Casanova; es ist — nach Schnitzler —
1171 2336 2222 2397 des großen Lebenskünstlers und Gebieters über Herzen
1170 2394 2222 2468 letztes Abenteuer, das ihn noch einmal ganz auf der Höhe
1167 2466 2226 2512 seiner Künste zeigt. Für die Gegenspieler vleibt er erfolg¬
1167 2497 2227 2558 reich; innerlich, für sein eigenes Bewußtsein holt er sich
1171 2544 2218 2605 die endgültige, unabwendbare Niederlage: die Erkenntnis
1173 2595 2221 2657 des Alters. Darauf kommt es Schnitzler an. Er will
1166 2646 2268 2723 uns den Helben, Mann, Liebhader und Erotiker)
1084 2631 1158 2717 *
1095 2691 2217 2766 r= darstellen, der, schon unterhöhlt von Gefahr un
1155 2794 2207 2874 gödie ist aber eigentlich nur ein gesteigerter Clavigo und
1156 2863 2208 2918 gehört mmit diesem in die Gruppe der Reuedramen, die
1163 2906 2202 2968 sich um die Gestalt der Pfarrerstochter von Sesenheim
1173 2951 2206 3015 schlingen, an der Goethe „zum ersten Mal schuldig“
1168 2998 2213 3062 geworden war. Und um ein sich von der Seele
1178 3054 2201 3118 schreiben war es dem Dichter auch hier augen¬
1172 3113 2206 3173 scheinlich mehr zu tun, als um die Rundung zum ge¬
1178 3153 1546 3219 schlossenen Ganzen.
1103 3196 1162 3263 m
1197 3199 2206 3263 Faust fühlt, das Ende seiner Liebe „würde Ver¬
1087 3250 1159 3307 ig¬
1167 3242 2218 3321 zweiflung sein“ — und auf ein solches Ende deutet
1079 3288 1116 3346 1
1173 3296 2212 3372 auch die Kerkerszene hin. Damit ist freilich nicht gesagt,
1170 3359 2216 3417 daß diese Szene wirklich als Schlußstück gemeint war.
1170 3407 2204 3464 Vielleicht plante wirklich schon der junge Goethe,
1168 3453 2219 3507 wenigstens in ragen Umrissen, abermals eine Brücke
1175 3500 2221 3570 zum Puppenspiel (Helena?). Was hätte sie aber für
1166 3554 2218 3615 den Abschluß des Entwurfes bedeuten können, da ein
1162 3610 2208 3670 solcher im Sinne der volkstümlichen Vorlagen nicht
1167 3665 2206 3723 mehr möglich war, zur Begnadigung Fausts aber alle
1164 3711 2213 3762 Voraussetzungen fehlten? Es würde höchstens ein
1086 3759 1155 3819 le
1164 3758 2212 3823 Zwitterding herausgekommen sein, wie bei „Stella",
1078 3820 2207 3872 st. wo weder der versöhnliche noch der tragische Ausgang
1162 3861 2203 3919 befriedigt, ein sicheres Zeichen, daß es schon beim Auf¬
1165 3911 1535 3973 bau nicht stimmt.
1124 3956 1159 4009 r
1193 3959 2221 4027 Der Dichter ließ es also bei der Kerkerszene, neben
1089 4011 2224 4072 nderen nackender Gegenständlichkeit ohnehin eine Fort¬
