3344 4352
4 2311 64 2362 n
9 2820 64 2862 n
2472 216 2913 308 box 33/5
884 231 956 296 W
300 267 2342 331 28. Die Schlestern oder Gasanova in Spa
2038 1528 3152 1601 gegnung, verschmäht hatte, einen Besuch abzustatten. Er
2039 1568 3158 1631 verwechselt aber die nebeneinander liegenden Zimmer und
204 1584 1181 1685 stern“ oder „Casanova in Spa“.
2056 1619 3164 1668 so wird Anina seine Beute. Am nächsten Morgen erhält
2045 1661 3164 1715 Casanova einen Brief, der ihn dringend auffordert, Spa
199 1661 1146 1752 Versen, drei Akten in einem von Artur Schnitzler.
2061 1695 3161 1752 sofort zu verlassen und Anina beichtet dem Andrea, der
2052 1732 3163 1784 einen unbestimmten Verdacht hegt, das Erlebnis der letzten
200 1706 2051 1805 des Casanova sind noch immer eine Fund=; ziemlich wilirlich gewählten Stellen durch eine mit dem
965 1764 2045 1822 Herablassen fund sofortigem Wiederaufziehen des Vorhanges
2056 1760 3167 1818 Nacht, in der Annahme, für ihre Aufrichtigkeit durch ver¬
194 1780 964 1842 kejenigen, die darauf ausgehen, die Ver¬
960 1802 2045 1862 bloß angedstete Pause unterbrach, um die Fiktion eines
2060 1806 3174 1867 stehendes Verzeihen belohnt zu werden. Doch der eifersüchtige
194 1815 958 1885 isch auszubeuten, da ihnen die Gegenwart
956 1843 2049 1901 methodischer dramatischen Aufbaues hervorzurufen. Wenn
2051 1845 3170 1906 und heißblütige Jüngling ist anderen Sinnes und denkt
202 1856 961 1925 genug Gelegenheit bietet. Es soll zugt geben
956 1880 2052 1937 man sich fingt, wodurch der Autor dazu veranlaßt wurde,
2059 1901 3173 1945 an Vergeltung. Da läßt sich Casanova, dem er am Spiel¬
193 1894 965 1973 sowohl in den Erzählungen des Boccaccio
955 1918 2055 1980 gerade diese hiemlich uninteressante und gleichgültige Episode
2062 1926 3165 1978 tische eine bedeutende Summe abgenommen hat, bei ihm
201 1929 963 1991 Berichten über die Liebesabenteuer des
959 1954 2055 2022 des Casanovaschen Abenteurerlebens herauszuheben, so ist
2059 1967 3173 2012 melden, um ihn zu bitten, ihm die Gewinstsumme zu leihen,
204 1974 963 2041 es finder, was sowohl dem Novellisten als
961 1998 2048 2053 man um eine Antwort verlegen. Vielleicht war es der An¬
2058 2003 3174 2051 damit er abreisen kann. Andrea stellt nun ein förmliches
192 2015 967 2072 atiker eine willkommene Anregung zu
969 2030 2038 2096 reiz, diesen Einzelfall zum Gegenstande allgemeiner Be¬
2054 2043 3171 2098 Verhör an, aus dem sich ergibt, daß Casanova der festen
210 2045 961 2118 ffen sein mag. Die Vorgänge unserer Zeit
962 2070 2047 2137 trachtungen und einer psychologischen Analyse zu machen?
2053 2085 3169 2133 Meinung ist, die Gunst Flaminias besessen zu haben und
208 2095 951 2150 uf Erotik entweder zu nüchtern oder zu
961 2112 2048 2185 Wohl möglich; jedenfalls hat der Versuch die Mühe nicht
2055 2115 3169 2172 nun vor der Rachsucht ihres Gatten fliehen zu müssen.
204 2130 953 2194 sie einen Dichter oder auch nur einen
968 2147 2055 2214 gelohnt und wenn es auch zunächst den Anschein hat, als
2063 2161 3168 2212 Andrea, anstatt zu schweigen, ruft alle, darunter auch
192 2168 961 2232 n könnten, ihren Witz, ihre Gestaltungs¬
966 2189 2065 2239 ob es Schnitzler um die Erörterung und Lösung eines ganz
2073 2197 3173 2248 Casanova selbst, zum Urteile darüber auf, was in einer
202 2208 956 2272 zu erproben. So hat denn auch Artur
965 2225 2050 2291 bestimmten Problems zu tun gewesen wäre, so geht er daran
2066 2246 3164 2294 Lage, wie die es ist, in die er und Anina geraten sind,
205 2247 962 2312 ist nicht darum verlegen war, sich für seine
974 2272 2064 2325 doch schließlich vorüber, ohne daß es ihm gelingen würde,
2075 2270 3175 2329 zu tun wäre. Es kommt aber zu keiner eigentlichen Ent¬
195 2283 959 2349 heiten mit Stoffen aus der realen Um¬
964 2303 2065 2364 eine schlüssige Antwort zu finden und zu geben auf die
2062 2317 3168 2361 scheidung, denn Casanova, der nicht abgereist ist, sondern
202 2319 969 2384 n, diesmal eine Exkursion in die Zeit
977 2362 1619 2415 Fragen, die er aufgeworfen hat.
2061 2352 3175 2408 die ganze Gesellschaft zu einem mit einem Spielgewinne
224 2367 974 2410 die ein Casanova unsicher gemacht hat.
1013 2363 2064 2435 Der Fall, um den es sich hier handelt, ist folgender:
2063 2388 3171 2440 bezahlten Abendessen einlud, verläßt Spa in Gesellschaft
204 2393 966 2468 hllosen Episoden, über die die Memoiren
976 2426 2056 2474 Andrea Bassi (Herr Schott), ein wohlhabender Jüngling
2067 2428 3168 2486 der Tänzerin Teresa (Fräulein Marberg), die den stets
204 2443 961 2496 Liebeskünstlers zu erzählen wissen, he
973 2456 2069 2512 aus Ferrara, ist mit seinem Liebchen Anina (Frau Aknay),
2072 2461 3173 2526 unterwegs befindlichen Abenteurer nach langer Irrfahrt ge¬
198 2472 973 2545 gelockt, die mit dem Aufenthalt Casanova¬
979 2504 2066 2557 die zu ehelichen er übrigens fest entschlossen ist, nach Deutsch¬
2076 2495 3180 2566 funden hat. So schließt denn das Spiel, dessen Humor
203 2517 972 2581 enhängt. Es ist wirklich nicht leicht, zu
973 2532 2066 2594 land entflohen und hat im besten Gasthose von Spa Wohnung
2076 2535 3179 2603 nicht ausreicht, um die Bezeichnung „Lustspiel“ mit Recht
190 2555 975 2626 er Autor der jüngsten Burgtheaternenheit
976 2562 2069 2638 genommen. Da der Reisewagen einen Unfall erlitt, nahmen
2072 2583 3176 2638 zu verdienen, ohne die erwartete Pointe. Von den Dar¬
200 2593 967 2668 fhl getroffen hat. Die dramatische Ver¬
980 2615 2068 2678 sie die Gastfreundschaft eines anderen jungen Paares, des
2081 2606 3205 2678 stellern, insbesondere von Herrn Treßler, der bestrebt “
213 2623 972 2695 dieses Erlebnisses ist eine sehr beschränkte
979 2657 2069 2724 ungeblichen Barons Santis (Herr Danegger) und seiner
2065 2654 3179 2715 war, dem Casanova interessante und charakteristische Züge
212 2672 971 2726 Schnitzler die größte Mühe gegeben hil,
976 2692 2066 2750 angeblichen Gemahlin Flaminia (Frau Albach=Retty)
2075 2696 3155 2761 zu verleihen, geschah alles, was der Autor sich für sein
199 2702 982 2771 kttel, deren Anwendung ersichtlich den Ei¬
976 2728 2064 2793 in Anspruch. Die beiden Tamen gelten in dem Gasthofe,
2073 2746 3171 2790 Werk an Eifer und Sorgfalt nur wünschen konnte. Zwe
196 2744 974 2813 tsamkeit macht, das Bett zu verbreitern,
982 2775 2062 2828 in dem die beiden Paare Gesellschaft, unter der auch
2071 2777 3177 2828 kleinere Rollen waren mit den Herren Heine und
198 2791 978 2852 ndlung des Stückes dahinfließt, so dat
973 2809 2071 2867 Casanova (Herr Treßler) ist, finden, als Schwestern.
2074 2818 3175 2880 Thimig jun. besetzt. Der Eindruck des Abends blleb
195 2829 975 2894 erhindern können, daß die breit dahn¬
200 2851 2067 2926 sellen seicht und träge fließen. Da der Soff! In einer Nacht, in der die Herren am Spialtische sitzen,
2077 2853 3175 2908 aber — aus den früher angeführten Gründen — ein iin¬
206 2894 2075 2976 he Alte absolut nicht ausreichte, hat sich will der berüchtigte Frauenverführer die Gelegenheit be¬
2969 2889 3159 2972 ——
214 2915 2361 3021 geholfen, daß er die Handlung an wei nützen, um Flaminia, die er bisher, trotz wiederbolter Be= befriedigender.
927 3003 1105 3215 □100
