3392 4384
958 139 1002 181 r
1012 143 2034 198 nur am Ende, sondern schon am Anfang, auch in der
1009 179 1761 235 Mitte, während der ganzen Komödie.
1761 183 2031 239 Das gibt ihr
1016 220 2042 275 innere Unsicherheit. Das Spiel ist nicht mehr Aus¬
1010 259 2044 319 druck sondern Trinnerung: Anatol, über die
1009 297 2039 358 Fünfzig hinaus, spricht in einer Dämmerstunde:
1010 348 2021 400 „Ihr naht euch wieder, schwankende Gestalten.“ Ja,
1010 372 2029 436 sie nechen, sie schwanken, diese jungen Menschen, ein
1004 420 2032 485 Nebel ist um sie, und sichtbar und fühlbar wird nur
1004 454 2020 521 der wehmütige Anatol, niederwärts, dem Noven##r
1000 500 1495 557 des Lebens zusteigend.
1497 498 2027 563 Dieses Gefühl, im zarken
996 536 2027 595 Adagio verschwebend, geb der Komödie dichterischen
1000 591 2017 645 Hauch. Wer einmal wirklich jun#ewesen ist, und
1001 634 2023 687 nicht wie die wessten, schon mit #####g die Lebens¬
1003 664 2028 718 geriffenhent beamteter Vierzige## hat, wird diesen
963 703 1320 771 Klang aus dum
1414 711 1601 778 unen bee
1644 709 2036 784 ern beruchm Fensder“
1724 760 1794 820 —
937 894 1650 1002 RSGO PNS
1700 933 1894 1053 ab
1956 1035 2066 1114 rein
1013 1097 2074 1170 in den Garten der Jugend hinaus lieben wie seine
1021 1154 1943 1206 eigene entschwindende, entschwundene Jugend.
1108 1185 2068 1260 Die Figuren, die Schnitzler mit solcher Musik
1012 1230 2036 1291 zum Menuett antreien läßt, sind — wie gesagt —
1015 1267 2062 1339 unscharf und kaum wichtig. Wertvoll ist die inpere
1019 1310 2068 1368 Musik. Das Abenteuer, das unter die Jugend ver¬
1034 1357 2065 1403 wirrend tritt, heißt Casanova. Er irrte sich im
1034 1402 2065 1451 Fenster und nächtigte bei dieser Frau, während jene
1028 1439 2070 1486 ihn erwartete. Aber auch die von Casanova Be¬
1028 1481 2062 1539 fessene fiel leicht, fiel süß, fiel wie reife Frucht.
1022 1522 2073 1569 Allein nachher am Morgen, ist Abrechnung und mit
1027 1560 2070 1622 jenem stürmischen bekennenden Mut, der der Torheit
1031 1620 2061 1656 gleicht und doch Krone der Jugend ist. Die junge
1034 1644 2074 1696 Frau, in ihrer Sicherbeit verstört, sieht überall den
1020 1699 2073 1738 Strudel der Sinne sieht sich in ihn geschleudert und
1020 1723 2073 1777 sucht Rettung. Die andere Frau, über den ersten
1024 1769 2075 1808 Sündenfall hinaus, und nur noch Stunden der Ge¬
1016 1811 2079 1863 legenheit suchend, und eben enttäuscht, tritt ihr ent¬
1026 1850 2070 1895 gegen. Die Männer? Jüngling der eine, Begleiter
1015 1893 2071 1947 der ersten; hochstapelnder Dreißiger der andere, Be¬
1020 1940 2071 1985 gleiter der zweiten treten dazwischen. Und auch
1027 1971 2077 2020 noch Casanova. Aber da zeigt es sich, er schlief bei
1024 2017 2060 2066 der einen und glaubte die andere zu besitzen, sie
1023 2062 2080 2112 waren Nachbarinnen, er merkte in der Dunkelheit
1019 2111 2081 2156 nicht den Unterschied. Nun sind alle verwirrend be¬
1017 2146 2074 2193 trogen und in sich aufgehoben: Die Frauen die
1029 2182 2066 2233 beiden Männer und Casancva. Nur das Abenteuer
1011 2262 2065 2316 der Knäuel, aber keiner verfängt sich in ihm, weil
1017 2299 2062 2367 er jungen Menschen vor die Beine rollte, weil diese
1012 2344 2072 2406 die Kraft zum Sprung über das Verhängnis haben.
1030 2392 2077 2441 Eine Komodie. Ohne Zweifel. Aber die Hand, die
1027 2423 2070 2485 ihre Linien zog, war unsicher, schuf nicht mehr in
1020 2468 2070 2524 Freiluft, sondern im Atelier. Besonders da Ver¬
1026 2498 2065 2556 wirrung sich lösen soll, zeigt sich in der schematischen
1030 2552 2057 2610 Führung der Ereignisse, daß Jugend entschwand, daß
1028 2595 2072 2646 nicht mehr Glut von innen aufbricht, sondern sie
1025 2629 1521 2694 bloß und blaß gemalt ist.
1086 2663 2063 2735 Aber es bleibt ein Rest an der Komödie zu lieben,
1024 2720 2058 2779 ihr alterndes Abendgefühl, ihre Noblesse und ihre
1026 2746 2066 2815 Echtheit in allen innerlichen Vorgängen. Drese
1020 2804 2069 2858 ware auch dem Verstocktesten aufgefallen, wenn
1029 2846 2060 2896 Schnitzler sich nicht bei Casanova und Reifrock be¬
1034 2881 2070 2925 nchigt hött“, sondern mit heutigen jungen Menschen
1023 2919 2062 2997 tänzerisches Spiel der Webrut und Sehnsucht ge¬
1004 2961 1297 3035 trieben hätte.
1078 3009 2069 3054 Im Burg:heater regierten unter der Spiel¬
1000 3035 2065 3094 leitung Heines Reifrock, Perücke, Kostüm Rokoko.
1014 3078 2063 3134 Frau Rettys porzellanhafte Grazie fühlte sich
1013 3123 2073 3188 darin am wohlsten. Ihre Schäferin tanzte leicht und
1020 3168 2067 3210 selbstverständlich mit dem Laster. Am unfreieften in
1013 3206 2064 3272 dieser gepuderten Welt bewegte sich Herr Schott
1017 3253 2070 3300 ale Galan der anderen Dame; er stand steif er ging
1015 3297 2063 3350 hölzern, er sprach Literatur. Sicher, aber im komö¬
1014 3339 2063 3393 diantischen Bereich bleibend, war Herr Danegger
1012 3382 2068 3433 als Hochstapler im Kleinen. Casanova die größere
1021 3417 2062 3454 Ausgabe wurde von Herrn Treßler auf höherer
1007 3457 2064 3501 Ebene ähnlich gemimt. Auch er hatte keinen Augen¬
1014 3500 2053 3540 blick, in dem er mehr als Kostüm war Und dann
1014 3536 2073 3601 Was wurde Casanova bei ihm? Ein Handlungs¬
1010 3579 1457 3640 reisender der Liebe.
1466 3585 2061 3638 Frau Aknay war die von
1009 3630 2070 3682 Casanova besessene junge Frau. Da aber stand ein
1004 3664 2072 3720 Mensch vor uns mit dem Adel reiner Seele, mit der
1013 3702 2061 3761 Unbedingtheit fordernder Jugend, mit der Empö¬
1017 3748 2059 3794 rung gegen alle zivilisierte Halbheit und mit unend¬
1013 3790 2054 3852 lich verwirrtem Erstaunen vor dem Wirbel der Sinne.
1010 3828 2066 3888 In ihrer großen schauspielerischen Leistung (besonders
1019 3870 2059 3910 in allen körperlichen Ausdrucksmitteln; nur in der
1008 3911 2067 3952 Stimme fand das menschliche Pathos zu schrille, un¬
1011 3939 2058 3997 sichere Töne) war das, was bei Schnitzler nur
1007 3981 2067 4054 ahnungspolter En#wurk geblieben war, zur Ge¬
1010 4029 1527 4100 staltung zur Kunst erlöst.
1511 4060 2038 4140 Oekar Mauris Fontana.
2070 627 2145 737 65
2078 718 2167 764 —
2062 752 2173 810 7
2070 803 2174 878 12
2085 889 2276 950 S *
2106 938 2274 1010 Eu
2076 1161 2297 1258 40
2210 1265 2291 1307 .
2095 1301 2272 1375 0 8
2158 1377 2257 1443 6
2153 1476 2237 1543 20
