3344 4384
1428 723 1629 796 Seie 8
2032 714 2240 797 Wien, 8
1320 837 2229 904 novas Gestalt nicht empfindet, dem muß
1321 894 2240 941 die Komödie zwiespältig, nicht aus einem
1316 935 1714 1000 Guß, erscheinen.
1394 980 2232 1040 „Casanova in Spa. Auf den Begriff
1321 1037 2230 1093 Casanova und auf den Begriff Spa kommt
1319 1088 2229 1149 es an: auf den frechen Zyniker und die
1320 1130 2234 1194 namenlos frivole Welt von Spielern,
1372 1179 1402 1210 „. *
1326 1178 2237 1243 Tirnen, Narren mit Menuettmusik und
1913 1230 1970 1264 +. 4
1318 1227 2239 1281 Degenklirren, die er beherrsch. Casanova,
1321 1278 2229 1326 mit Ehre, Tugend und Menschlichkeit jong¬
1322 1324 2227 1392 lierend, das ist das Thema. Alle anderen
1315 1376 2235 1443 Figuren sind glitzernde Hugeln, die er durch¬
1318 1425 1657 1497 einander wirft.
1725 1463 1813 1527 *
1392 1520 2224 1587 Ein Werk, geboren aus dem Geist der
1306 1569 2230 1618 Auflösung des ethischen Nihilsmus. Und,
1320 1630 2222 1684 für mich, mit dem schillernden Zauber des
1313 1668 2228 1730 echten Rolokos, das eine Zeit solchen
1313 1717 1625 1778 Geistes. war.
1361 1758 2230 1838 Vielleicht ist nur manchmal etwas derber
1314 1817 2127 1880 gesagt, breiter gemalt, als nötig wäre.
1381 1872 2222 1920 Keine. Sekunde der Langeweile übrigens
1317 1916 2222 1982 in den drei Versakten, während deren der
1327 1961 1758 2029 Vorhang nicht fällt.
1725 2011 1795 2064 *
1370 2058 2229 2121 Aber es bleibt ein bitterer Nach¬
1311 2109 2224 2177 geschmack. In dem von den Problemen der
1308 2157 2217 2211 eigenen Zeir bedrückten Zuschauer wehrt
1309 2223 2210 2272 sich etwas gegen die ethischen Grundlagen
1307 2257 2211 2324 des Werkes. Er fühlt sich mit Andrea, mit
1308 2312 2218 2364 Anina durch Casanova degradiert, zur
1316 2354 2228 2417 Schweineherde assentiert, mit einem Lächeln
1318 2413 2216 2468 zur Kanaille gestoßen, für die es keine
1318 2454 2218 2511 ernsten Bedenken mehr g.bt, kein Ethos,
1303 2502 2217 2574 keine Mannes= und Frauenwürde, nur gute
1326 2550 1993 2607 Scherze und ein fideles Diner.
1384 2647 2208 2710 Das Stück wird leicht mißverstanden,
1315 2700 2213 2758 wenn nicht ein wirklich blendender und
1312 2748 2221 2826 magnetischer Casanova im Vordergrund
1311 2796 2222 2856 steht. Das ist Treßler nun gar nicht.
1313 2844 2213 2911 Frech, jawohl, auch gewandt und schlau,
1312 2894 2218 2953 aber ohne jede Dämonie — man versteht
1301 2943 2224 2989 die vielen Frauen nicht, die sich von Casa¬
1300 2995 2220 3044 nova verführen, die vielen Männer nicht,
1308 3039 2022 3112 die sich von ihm betrügen ließen.
1392 3077 2217 3152 Schott in der Rolle des jungen
1309 3147 2090 3200 Dichters ein wenig steif, wenn auch
2093 3141 2214 3197 sehr
1312 3180 2207 3242 anstöndig und sympathisch in Ton und
1304 3225 2218 3304 Geste. Fräulein Aknay als des Dichters
1311 3289 2210 3350 Gefährtin ist voll reizvoller Sprödigkeit, so
1310 3333 2210 3382 lange der Text sie ihr gewährt; dann, zur
1314 3379 2220 3447 Herde gejagt, weiß sie nicht, was ihr ge¬
1301 3435 2215 3490 schieht und steht ein wenig ratlos da. Frau
1316 3477 2200 3535 Albach=Retty als Faminia ist sehr
1312 3532 2205 3588 gewandt und humorvoll, obgleich nicht eben
1301 3565 2216 3643 eine Neapolitanerin; der junge Thimig
1312 3629 2208 3683 in einer schelmischen Bed entenrolle wieder
1318 3677 2212 3736 so angenehm jung und anmutig; die übrigen
1310 3718 2215 3794 gehorsame Jonglierkugeln in des Dichters
1310 3773 1474 3840 Hand.
1725 3809 1801 3873 *
1384 3859 2206 3928 Der Erfolg war sehr groß. Das Publi¬
1916 3915 2218 3974 wen? Den
1309 3927 1871 3987 kum grüßte immer wieder
1308 3947 2216 4032 Dichter der „Liebelei“? Den Dichter der
1311 4011 2217 4080 „Schwestern“? Ich meine, ein bißchen
1311 4069 1461 4129 beide.
1939 4108 2169 4176 R. A. B.
1571 4198 1957 4271 Operntheater.
