3392 4352
2396 172 2859 265 box 3375
231 176 2253 295 28. Die SchwesterderGasanowsin sna
681 1471 1737 1537 Merci, sollte Casanova, wie er hoffte, für
1756 1492 3323 1547 (U 16 f, 21) findet sich ein gedrucktes Waren=] 10000 Dukaten, 8 gol
687 1525 1739 1588 die schlechte Unterkunft entschädigen. Aber
1749 1520 2794 1609 verzeichnis des Geschäftes „Au cordon rouge,
2797 1538 3331 1604 petieruhren, Brillante
670 1572 1735 1635 auch damit wurde es nichts. Casanova, der
1747 1590 2789 1646 Rue de l’Assemblée à Spa. Le sieur Durieux
2791 1584 3316 1655 lung, alles in allem
679 1632 1732 1685 dieses arme Mädchen wie ein Dragonerwacht¬
2573 1632 2787 1700 Poudres
1758 1629 2430 1704 vend tonte sorte de Partum
2794 1636 3329 1719 waren diesem zur Beu
690 1679 1735 1733 meister attakiert, anstatt bei ihr seine Ver¬
1755 1676 2787 1757 blanches des Gands d’hommes et de
2791 1691 3336 1770 begreiflich, daß der a#
2385 1728 2675 1795 tabatiéres
690 1715 1743 1797 führungskünste spielen zu lassen und dabei
1746 1726 2347 1781 Dames bijouteries
2796 1746 3326 1821 gion auf dem Trocken
675 1755 1742 1835 vergißt, keine Entschuldigung der Jugend
1755 1775 2785 1845 Sollte dieser Herr Durieur — die Ge¬
2798 1789 3325 1867 in Spa in einen arg
687 1818 1735 1883 mehr für sich zu haben, empfängt denn auch
1745 1821 2780 1876 schäftsanzeige ist leider nicht datiert — viel¬
2796 1834 3329 1905 mußte. Eine alte, aber
681 1870 1734 1925 von Fräulein Merci einen solchen Faust¬
1744 1874 2791 1937 leicht der Onkel Hutmacher gewesen sein, des¬
2803 1884 3332 1965 verliebte sich in ihn in
687 1908 1743 1974 schlag ins Gesicht, daß er „tausend Sterne
1758 1922 2786 1981 sen störrige Nichte sich rühmen konnte, einem
2799 1946 3332 2012 vion ihr heiraten. Caso¬
679 1956 1742 2042 funkeln sah“. Diese „Schwester von Spa“ war
1745 1973 2783 2031 Casanova Widerstand geleistet zu haben?
2797 1983 3318 2052 moiren darüber ind
679 2011 1734 2077 zum mindesten tugendhaft und sie lehrte dem
1750 2023 2783 2083 Nach ihm verkaufte dieser nicht nur Hüte,
2801 2029 3311 2107 dachte er im Stillen
680 2059 1738 2141 Don Juan des achtzehnten Jahrhunderts
1751 2066 2704 2131 sondern die verschiedensten Modewaren“).
2800 2086 3306 2159 an derselben Stelle
691 2108 1742 2188 zweierlei, nämlich, daß eine geschwollene
1743 2113 2784 2192 Möge ein glücklicherer Lokalhistoriker die
2801 2134 3332 2206 Geschick geblüht hätte
682 2158 1735 2221 Nase eine wenig glückliche Empfehlung
1753 2171 2789 2233 Frage lösen., Daß Fräulein Merci schließ¬
2797 2186 3317 2254 werden. Die alten E
686 2219 1739 2279 für einen solchen, sei, und daß die
1747 2223 2785 2290 lich Reue verspürte, erfordert die Ehre der
2798 2223 3311 2308 scheinen einen merkwi
691 2254 1734 2327 schöne Zeit, wo er ungestraft Knospen bre¬
1745 2248 2792 2350 Liebesfirma Cajanova. Wollen wir es ihr
2793 2281 3286 2351 wickelt zu haben. 1D
679 2314 1727 2374 chen durfte, nun auch für ihn vorüber war.
1753 2319 1968 2390 glauben.
2788 2333 3321 2404 Darragons findet sich
680 2348 1745 2421 Es scheint mir fast, als ob diese kleine, un¬
1838 2352 2788 2442 Das grüne Tuch, welches in Spa die
2798 2381 3323 2456 matis' an Casanov¬
674 2403 1742 2474 erquickliche Episode einen gewissen moralischen
1738 2434 2783 2487 mächtigste Anziehungskraft für alle Glücks¬
2795 2431 3318 2511 (Dux U 8, 202a) best
679 2463 1731 2526 Hintergrund abgeben sollte, wie ihn Casa¬
1749 2479 3327 2558 verbesserer bot, zog genug unstäte Gesellen# tisch schreibt: „D'Ara
687 2501 1732 2569 nova gern in ein novellistisches Ereignis tlei¬
1738 2517 3329 2597 an, die auch diesmal erschienen waren, und I'Angleterre avec sa ch
686 2559 1749 2634 dete, das ja nicht unbedingt erlebt zu sein
1749 2574 2796 2634 Casanova kannte die meisten derselben von
2797 2596 3328 2672 aus, il veut s’etablir en
678 2608 1734 2668 brauchte, aber seiner damaligen Stimmung
1747 2623 2787 2676 früher her. Da fand er der Marquis Paul
678 2670 1733 2720 entsprach. Glück und Jugend verließen ihn
2886 2655 3309 2730 Spielt Darrag
1743 2671 2789 2725 Darragion, den er als enragierten Fechter
680 2711 1740 2768 eben. Aber er wußte sich zu fassen, sich wie
2801 2692 3331 2801 Episode in den Memo#
1757 2723 2782 2781 und Spieler schon in Riga bewundert hatte.
682 2759 1740 2827 ein wahrer Kavalier zu benehmen; er zürnte
2793 2762 3321 2832 ein Mann in Spa ein,
1756 2762 2793 2835 Hier fand er ihn in gleicher Eigenschaft, ne¬
682 2805 1732 2867 nicht jenen, die ihn verrieten, besonders den
2800 2808 3325 2878 an lis in das hohe A
1755 2824 2791 2884 benbei war tr Kammerherr des Großfürsten
687 2858 1732 2923 Frauen nicht: er sammelte würdig feurige
2794 2859 3326 2929 zu seinem Freundeskrei
1740 2873 2785 2940 von Rußland und ehemaliger russischerOberst
689 2906 1731 2974 Kohlen auf sein leicht ergrauendes Haupt und
2794 2916 3333 2984 ähnlicher Veranlagung
1743 2922 2786 2994 Kurz vorher hatte ihn ein Freund Casanovas,
685 2946 1745 3024 die Pointe zum Faustschlag ist er uns auch
1744 2958 3327 3038 Herr Saby, furchtbar im Spiel mitgenommen, war; Antonio del
685 3001 1733 3055 nicht schuldig geblieben, wie wir später er¬
680 3041 2475 3124 kennen werben. (In seinen Papieren zu Dux ! „, Mém ires, Garniec, VII. 338.
2857 3062 3325 3151 5) Samaran, Jacques Cas
