3344 4320
460 360 506 474 *
444 639 573 746 #
934 180 1292 258 Burgtheater.
657 240 1557 317 „Die Schwestern“ oder „Casanova in Spa“.
655 309 1560 368 Ein Lustspiel in Versen. Drei Akte in einem von
929 350 1309 404 Artur Schnitzler.
649 389 1624 476 Die Abenteuer Casanovas lässeh Akkür Schnitzler
593 450 1608 506 nicht ruhen. Immer denkt er an sie, behandelt sie
583 503 1608 565 novellistisch oder dramatisch. Kann er sie auch nicht
588 553 1616 608 physisch erleben, so kitelt er doch seine Phantasie
593 601 1618 662 ldamit und erfinnt sich ein Abenteuer, das man erleben
594 639 1607 707 möchte, wenn man noch Casanova sein könnte. Und
583 681 1620 777 dann noch etwas. Die Konjunktur! Ist jetzt die Zeit
586 726 1608 811 zu ernsten Werken? Keine Spur! Jetzt will der
596 787 1608 847 fetta#essene Schieber nach üppiger Mahlzeit ein
590 842 1600 889 viläakes Dessert: fein glatierte Zötchen, von niedlichen
581 892 1608 952 Künstlerinnen serviert. Das mundet und reizt den
567 931 1438 1002 Ebetit nach weitenen fleischlichen Genüssen.
540 981 1609 1049 „Die Schwestern“ mit ihren kleinen und großen
570 1035 1604 1088 Baszivitäten sind ein solches Dessert. Derb und
531 1072 1599 1135 Sykant zugleich; manchmal etwas langweilig, das
574 1128 1609 1205 Verdauungsschläschen förderud, dann wieder dreist
588 1179 1456 1231 und frech, erschlaffende Sinne aufpeitschend.
635 1223 1600 1286 Zwischen endlos langen Reden, die nicht viel
593 1269 1597 1324 sagen, flattern geistreiche Worte auf, ein= und zwei¬
591 1320 1597 1378 deutig, wie es notwendig ist, das Mahl zu würzen.
585 1361 1601 1422 Die Philosophie des Bewußten, zum Unterschied
587 1419 1594 1459 von der des Unbewußten, kommt reichlich zur An¬
581 1467 1602 1523 wendung und nach der Moral, die der Autor aus
573 1515 1604 1575 der Geschichte zieht, ist es geradezu ein Glück für
586 1566 1611 1619 einen Ehemann, wenn ihm Hörner aufgesetzt werden,
588 1614 1588 1654 vorausgesetzt, daß die Ehebrecherin, ihre „Treue“
588 1658 1613 1708 beweisend, aus dem Stundenhotel wieder in die
580 1709 1318 1762 eheliche Gemeinschaftsküche zurückkehrt.
627 1747 1610 1805 Und wenn man diesem Phantasie=Casanova glauben
588 1804 1600 1862 wollte, sind alle Weiber in dem einem Punkte, der
579 1846 1595 1906 den Mittelpunkt des Schnitzlerschen Stückes bildet,
577 1902 1600 1947 Schwestern. Anina, die durch Zufall zur Dirne
579 1951 1596 2010 wird, ebenso wie die Dirne Teresa, die nach der
582 2002 1612 2038 Casanova=Moral das Sinnbild der Treue ist, weil
584 2038 1598 2094 sie von einem Abstecher ins Land der freien Liebe
578 2094 1597 2146 wieder zu dem verlassenen Liebhaber zurückkehrt, und
580 2142 1599 2188 wie Flaminia, das brünstige Weibchen, das keinen
577 2183 1495 2247 Mann sehen kann, ohne nach ihm zu begehren.
617 2243 1596 2303 Arm in Arm gehen diese „Schwesern“ zum
578 2276 1592 2346 Mahle. Das Laster setzt sich zu Tisch und da nirgends
584 2328 1597 2380 eine Tugend aufzutreiben ist, erbrcht sich niemand.
619 2379 1595 2441 Den Casanova spielt Herr Treßler. Eigentlich
582 2422 1601 2495 sollte ihn Eisenbach von den „Budapestern“ spielen,
568 2480 1598 2528 die gewiß die „Pointen“ des Stückes noch mehr
570 2524 1603 2585 heransgearbeitet hätten. Aber Treßler war auch nicht
575 2578 1604 2631 übel. Elegant, geschmeidig, ein Spitzbube voll Witz¬
571 2622 1604 2663 und Humor. Die drei Schwestern waren die Damen
572 2667 1591 2729 Albach=Retty, Aknay und Marberg. Die
572 2705 1593 2783 erste ein pikantes „Mädchen für alle" die zweite
569 2769 1596 2816 ein zierliches Rokokofigürchen, das unmutig zu zürnen
569 2818 1595 2879 verstand und dessen Schönheit die rasche Zähmung
563 2857 1584 2923 des betrogenen Liebhabers verständlich machte, und
560 2913 1588 2955 die „dritte eine liebenswürdig=freche Vertreterin der
565 2953 1588 3026 Welt, in der man sich nie langweilt. Herr Schott
560 3011 1585 3071 bewältigte die nicht sehr dankbare Rolle des ge¬
566 3052 1582 3119 hörnten Siegfried mit Anstand, Herr Danegger
569 3098 1585 3148 setzte dem Kavaliergatten Santis die nötigen humo¬
560 3154 1587 3208 ristischen Lichter auf und Herr Hans Thimig gab
568 3200 1596 3252 den jungen Kellner Tito so nett, daß ihm Anina
561 3248 1588 3320 gewiß gerne den als Botenlohn verlangten Kuß gab.
560 3290 1592 3348 Herr Direktor Heine hatte sich die Rolle eines
557 3348 1580 3409 verabschiedeten holländischen Offiziers reserviert, in
565 3391 1586 3456 der er über das Mißgeschick, nicht mehr jung genug
556 3437 1584 3499 zu sein, um Casanova=Abenteuer zu vollbringen,
561 3481 843 3547 philosophierte.
618 3541 1585 3598 Da das Stück ohne Pause abgespielt wurde, konnte
553 3574 1588 3637 das Publikum nur am Schluß den Gesamteindruck
567 3633 1583 3692 resümieren. Es erinnerte sich, zum Glück für den
570 3687 1592 3753 Dichter, nur mehr an die amüsanten Stellen des
573 3725 1325 3785 Stückes und applaudierte dem Autor.
618 3776 1592 3842 Die Theaterbesucher werden in nächster Zeit vor
557 3827 1584 3888 einem qualvollen Dilemma stehen: sie werden nicht
564 3875 1588 3936 wissen, ob sie zu Schnitzlers „Die Schwestern“ oder
556 3907 1584 3976 zu Engel und Horsts „Der Schrei nach dem Kind“
553 3972 1491 4036 gehen sollen. Beide Stücke sind gleich „pikant“.
1356 4021 1550 4089 treu—.
2276 244 2760 325 Bürgthealer.
2021 281 3125 373 Merkwürdig, ganz merkwürdig. Die alten Dichter zeigten
1916 345 3122 428 sin ihren Werken immer stärkere Vertiefung, sie reiften bis
1922 407 3111 468 in den späten Sommer ihres Lebens heran. Die jüngere Ge¬
1919 454 3119 534 neration tritt mit einem großen Erfolg auf den Plan, dann
1919 503 3119 553 geht sie entweder langsam oder schneller zurück und endet ge¬
1923 557 3114 608 wöhnlich beim Jugendwerk märchenhafter Einbildung. Von
1921 607 3115 670 Schnitzteerwartet man seit Jahren vergeblich den großen
1922 648 3129 717 Wurf, „das Stück“, das er uns noch schuldig ist. Was er uns
1914 700 3119 753 bringt, sind Worte, nichts als Wocte. Schöne Worte, zum
1911 744 3120 816 Teil auch geistvolle Worte. Abgr. Worte ohne Tat. Der
1920 804 3123 872 neueste Schnitzler#ist ein Schäferspiel. Im zierlich ziselierten
1922 866 3113 912 Casanovastil schreitet, nein, Ränzelt es daher, in Verrücke und
1914 906 3125 959 Kniehosen, mit halbensblösten Brüsten und laxer Moral,
1920 951 3121 1025 lächelnd, wie ein, g#ter Scherz und wichtigtuend, wie eine
1918 987 3132 1052 Weltweisheit. Obzwar keine solche dahintersteckt. Der alternde
1917 1046 3119 1097 Casanova hatessich in einer äußerlich vornehmen, innerlich
1920 1094 3125 1157 verlumpten Gesellschaft zusammengefunden, die eventuell auch
1921 1153 3117 1205 falsch spielt und mit Kokotten herumreist. Hat in einer ver¬
1916 1197 3122 1269 spielten Nacht ein junges Weib eingefangen, das er überfiel,
1911 1247 3127 1319 als es einer liebessüchtigen Mondnacht zum Opfer fiel, in
1915 1312 3132 1361 der es auf den Geliebten wartete. Und geile Lump glaubte die
1921 1350 3127 1410 lers wichtige Frage darum: Der geile Lump glaubte die
1921 1401 3123 1479 Freundin zu besitzen, wer ist nun der Geprellte? Die ihn
1924 1450 3131 1516 erwartete und die er zu besitzen glaubte, oder die er besaß,
1921 1489 3127 1543 weil er sie nicht erkannte. Natürlich dreht der gewissenlose
1928 1544 3133 1598 Schlaukopf die Frage schließlich so, daß eigentlich er der Be¬
1921 1593 2783 1657 trogene sei, weil er keine von beiden besaß.
2038 1628 3124 1704 Ein Spiel mit Worten, wie man sieht, zierlich ge¬
1911 1669 3121 1754 rudert und watteauisch gefärbt, inhaltslos, manchmal bereits
1921 1741 3122 1795 gefährlich langweilig, weil gar zu viel geredet wird und nichts
1923 1783 3128 1851 getan. Zuletzt scheints fast, als fühlte der Dichter selbst die
1932 1840 3128 1900 Schwäche seiner dramatischen Argumentation, denn er schwätzt
1922 1891 3130 1958 plätschernd darauf los, um Schlußstimmung zu schaffen. Sie
1931 1944 3130 2000 will sich aber nicht einstellen und die ganze Chose endet mit
1918 1992 3124 2054 einer beinahe lächerlich wirkenden moralischen Wendung, die
1907 2044 3127 2103 dem lasziven Stückchen ansteht, wie ein Vorhemdchen einem
1926 2095 3128 2169 Schweinchen. Halten zu Gnaden Herr Dichter! Aber wenn
1926 2146 3132 2198 man durch drei Akte so starke Dinge sagt, wie sie die graziöse
1919 2191 3125 2255 verlumpte Bande plappert, die uns da vorgeführt wird, dann
1920 2240 3124 2320 nimmt sich der Ruf der wiederkehrenden Geliebten ungefähr
1916 2302 3128 2357 aus, wie das „pst! pst!“ gewisser Damen von der Kärntner¬
1915 2336 3135 2415 straße. Wenn man schon graue Haare kriegt, darf man nicht
1916 2400 3125 2475 mit Moral scherzen. Man gerät in Gefahr, nicht ernst ge¬
1924 2437 3121 2511 nommen zu werden. Der gereifte Dichter muß zugreifen, nicht
1911 2476 3114 2569 tänbein. Besser daneben greifen, als nichtssagende Fingerfer¬
1921 2541 2067 2613 tigkeit.
2023 2573 3123 2675 Graziöser Dialog, geistreiche Wendungen weist auch dieses
1907 2652 3122 2728 Stück auf, zu plaudern verstand Schnitzler ja immer. Aber
1913 2689 3116 2752 man geht unbefriedigt von dannen, weil man sich von sei¬
1915 2750 3132 2831 nem oft verherrlichten Namen und von der starken Reklame
1921 2804 3132 2851 mehr versprach. Die Heiterkeit, welche das hübsche Wort aus¬
1919 2854 3124 2912 löst, ist noch kein Erfolg, noch weniger aber ein Ehrenzeichen
1912 2899 3130 2968 für den wirklichen Dichter. Schnitzler hat immer den großen
1921 2957 3127 3020 Fehler gezeigt, hübsche Redewendungen über starke Gedanken
1919 3003 3129 3069 zu stellen, er darf sich nicht wundern, wenn man sich ent¬
1911 3041 3128 3115 täuscht abwendet und bedauert, daß er wieder einmal zu Gast
1919 3105 3111 3160 lud, ohne zu befriedigen, wenn man kopfschüttelnd meint, er
1911 3148 3120 3217 werde „das Stück“ wohl niemals schreiben. Vielleicht spornt
1917 3207 3114 3273 ihn das an, sich doch noch zu bemühen, sein mit den Anfängen
1910 3259 2472 3318 gegebenes Wort einzulösen.
2016 3281 3132 3365 Die Aufführung zählt nicht zu den besten. Ver allem
1923 3335 3120 3419 fehlt Herrn Treßler für den klassisch gewordenen Herzens¬
1915 3399 3123 3470 brecher die süße Liebenswürdigkeit Woldens, dem wohl die
1916 3453 3122 3504 Rolle auf den Leib geschrieben wurde. Treßler ist mehr Ca¬
1921 3492 3113 3564 gliostro, wie Casanova, zu schwer für so viel Leichtlebigkeit.
1916 3552 3110 3615 Frl. Aknay, auffallend hübsch in der kleidsamen Tracht, auch
1910 3598 3122 3647 recht beredt in ihrer sinnigen Geste des Anfangs, verliert
1924 3644 3116 3718 später den festgehaltenen Faden und reißt ihn zuletzt wirkungs¬
1918 3702 3107 3749 los ab. Immerhin hat die junge Künstlerin hübsche Momente,
1915 3753 3118 3816 die für die Zukunft sooar vielreesprechend si.d. Fr.
1910 3799 3120 3858 Albach=Retty spricht entzückend und ist auch in starken
1905 3847 3117 3908 Worten immer die graziöse Weltdame, der selbst das läster¬
1914 3901 3111 3951 hafte Wort ansteht. Herr Schott zeigt dankenswerte Grazie
1913 3945 3119 4004 und leichtbewegliche Eleganz, Herr Danegger spricht gut
1909 4000 3118 4044 und Herr Heine opfert sich für einen nichtssagenden Rai¬
1904 4033 3115 4125 sonneur, der viel spricht. Sowie sich Frl. Marberg für eine
1909 4103 3115 4174 kurze, ebenso nichtssagende Kokottenrollé opfert. Im Grunde
1902 4154 3096 4234 ##
