3392 4320
2440 169 2914 257 box 3375
286 176 2295 280 28. Die Schvestern oder Gasanova in sna
1321 1057 1419 1123 .
3079 1059 3367 1132 gört Dirine
1980 1084 3079 1150 3) Bericht der Kommassion für Justizgegenstände vom
807 1112 3358 1185 1) Vergl. Art. VIII und § 13, Abs. 2, des Entwurfes zur 19. Februat 1913, Nr. 167, Beil. sten. Prot. Herrenh., XXI. Sef. schränkung
713 1164 2386 1214 StaeO., Nr. 93, Beil., sten. Protok. Herrenh., XXI. S., 1912. sion, 1913, S. 182—183.
3070 1172 3356 1235 drängun
1904 1271 3078 1331 hätte, fordert Schnitzler einen ganzen Abend lang Auf¬
3069 1265 3369 1332 Abenden abg
1080 1267 1564 1355 „Die Schwestern“.
1910 1308 3088 1387 merksamkeit. So wird denn die im falschen Hotelzimmer
3078 1318 3375 1376 loren und ver
898 1320 1745 1399 Lustspiel von Artur Schnitzler.
1902 1357 3080 1415 verbrachte Liebesnacht Casanovas nach allen Richtungen
3084 1360 3362 1420 heute aufgen
830 1372 1806 1454 (Erstaufführung im Burgtheater am
3081 1409 3365 1460 recht entdeckt
1899 1399 3080 1469 hin teils unter zweideutigem Augenzwinkern, teils unter
1129 1421 1527 1484 26. März 1920.)
1898 1451 3076 1506 wichtigtuerischer Nachdenklichkeit immer wieder durchge¬
3076 1445 3373 1508 Frau Akna
813 1448 1894 1540 Warum wir diesmal von unserer alten Gepflogen¬
3079 1486 3362 1550 Frl. Marb
1913 1494 3075 1545 quatscht und unser Ekel davor wird immer größer.“
707 1508 1910 1590 heit abweichen, zunächst das äußerliche Geschehen eines
3076 1522 3368 1592 der vollblüti
1912 1535 3080 1590 Schnitzler, der gewiß schon Theaterstücke schrieb, die, wenn
718 1558 1905 1605 Stückes zu erzählen, um dadurch unseren Lesern ein
3074 1578 3363 1634 sich Herr S
1910 1583 3072 1630 auch nicht unserer restlosen Zustimmung, so doch unserer
713 1607 1903 1660 eigenes Urteil zu ermöglichen? Einfach darum, weil wir
3080 1614 3356 1690 Augenblicke d
1904 1623 3078 1671 Achtung sicher sind (beispielsweise den „Jungen Medar¬
722 1646 1906 1703 es unserer Leserschaft und uns seiber ersparen wollen,
3087 1667 3368 1725 Kellner. —
1913 1668 3082 1722 dus"), hat sich in den letzten Jahren schon allerlei sozu¬
719 1699 1910 1753 diese widerliche und unsaubere Geschichte in allen ihren
3089 1708 3367 1771 müdend lang
1916 1714 3081 1764 sagen dichterische Exzesse geleistet, die genugsam die Rich¬
671 1718 1900 1803 I Einzelheiten „genießen“ zu müssen. Genug an einigen
3090 1753 3355 1812 fanden die ##
1904 1751 3078 1817 tung andeuteten in der dieser allgemach alternde Dichter
717 1783 1911 1843 Sätzen, aus denen jedermann deutlich genug ersohen
3085 1799 3360 1853 hangsinken
1913 1795 3081 1868 seine Reife zu finden hofft. Eines Stückes freilich, wie es
703 1822 1900 1886 kann, was los ist. Also: Casanova, der Schürzenjäger,
3086 1834 3365 1897 seltsam dünn
1909 1836 3084 1896 die „Schwestern“ sind, hat man sich doch nur versehen
713 1858 1897 1917 kommt nächtlich zum Fenster eines Dämchens, das ihm
3081 1880 3379 1957 schweigenden
1911 1889 2095 1945 können
2111 1886 3087 1943 wenn man die vor einigen Jahren erschienene
705 1904 1911 1976 verheißende Andeutungen gemacht hat. Er wird einge¬
1900 1923 3088 1996 Schnitzlersche Novelle „Frau Beate und ihr Sohn“ kannte,
3220 1938 3366 2014 Im
709 1950 1906 2009 lassen und verbringt eine seiner „berühmten" Liebes¬
1913 1956 3082 2025 in der sich das gleiche wohlgefällige, wortreich schmatzende
3092 1979 3374 2067 bei aufgebo
711 1998 1908 2071 nächte. Aber er hat sich im Fenster geirrt. Er war, ohne
1915 2017 3074 2068 Behagen an der gewagten Situation, an der erotischen
3083 2040 3373 2101 Preisen „To
722 2039 1906 2111 es zu wissen, bei einer anderen, die ihrerseits auch auf
1912 2063 3077 2113 Unbodenklichkeit auslebte. Viekleicht wird sich eine
3078 2089 3359 2144 und den Her
724 2084 1905 2138 einen anderen Liebhaber gewartet hat. Casanova merkt
1912 2111 3081 2163 Literaturschreibung die in Schnitzler mit dienstbeflissenem
3090 2131 3366 2195 mann, Muzz
724 2129 1902 2182 den Irrtum nicht, wohl aber die beglückte „Dame“. Am
1909 2152 3087 2206 Eifer schon ein „Phänomen“ eine für unser Schrifttum
3085 2177 3363 2242 Herr Schalk.
718 2172 1908 2230 anderen Morgen: Eifersucht der ersten Geliebten, Toben
1903 2192 3084 2242 und unsere Kultur bedeutsame Erscheinung sehen wollte
721 2223 1898 2277 des betrogenen anderen Liebhabers, Streitigkeiten, harm¬
1916 2242 3088 2300 und den Probiemen seiner Dichtung gar schon bandweise
3079 2247 3330 2318 straße 14).
716 2267 1910 2324 loses Dagenziehen, Auftauchen einer dritten Dame, die auf
1905 2288 3079 2336 Untersuchungen zu widmen anfängt, vielleicht wird sie
3080 2300 3349 2366 steigerung
725 2304 1906 2356 ältere Rechte pocht und den vielbegehrten Casanova hin¬
1921 2314 3077 2386 sich nun doch überlegen, ob der Dichter der „Schwestern“
3072 2344 3363 2402 Regierungsra
726 2346 1910 2405 wegführt, endlich allseitige Zufriedenheit. — Lohnt es
1906 2370 2544 2446 solcher Mühe wert sein mag.
3078 2386 3369 2447 Wiener Kun
719 2385 1910 2449 sich, in der Zeit der kargsten Papiernot an diese höchst
1986 2425 3081 2485 Gründlich überlegen aber hätte sich's das Burgtheater
3090 2438 3365 2491 Kleinod unse
722 2434 1906 2500 klägliche Angelegenheit größeren Raum zu verschwenden?
3080 2474 3364 2531 Aquarelle un
1918 2474 3080 2528 sollen, diesem hämischen und anrüchigen Zerrbild deutscher
722 2476 1910 2542 Möglich, daß die Verse, in welche das Lustspiel gegossen
3082 2516 3360 2576 von K. Mark
1910 2512 3088 2585 Poesie Aufnahme zu gewähren. Schon vor zwei Jahren
728 2526 1909 2578 ist, gut klingen und sauber ausgeschliffen sind, möglich,
3080 2564 3352 2630 Danhauser,
1903 2568 3077 2630 von der damaligen Burgtheaterleitung abgewiesen, ging
726 2564 1920 2624 daß sich in manchen Einzelheiten der Spielführung die
3082 2602 3361 2671 Ranftl und
1909 2613 3080 2665 Herr Schnitzler inzwischen mit den „Schwestern“ auch bei
714 2612 1905 2665 Hand eines alten, gewiegten Theatralikers bekundet. Das
3077 2637 3352 2708 „Falknerin“
1917 2650 3083 2708 einer anderen Bühne vergeblich hausieren, bis er sie jetzt
723 2653 1907 2719 läßt uns wirklich kühl genug, gleichwie uns auch das
3087 2697 3343 2753 Holländer“
1915 2686 3078 2747 endlich an den Mann und leider auch ans Publikum ge¬
712 2705 1906 2756 philosophierende Geschwätz, mit dem die drei an Hand¬
3079 2727 3370 2797 und verschied
1905 2732 3083 2798 bracht hat. Nun, das mag sich Herr Direktor Heine schon
721 2734 1912 2815 lung so armen Akte aufgeputzt sind, nur zu langweilen
3092 2778 3363 2838 Leichnungen
1899 2785 3080 2848 gesagt sein lassen, daß wir uns die ersehnte Erneuerung
717 2785 1917 2843 vermag. Zudem ist dieses „Lustspiel“ humorlos bis auf
3080 2825 3356 2885 Sammlung
718 2830 3083 2879 die Knochen, es bringt kaum eine einzige anmutige Wen=] und Veredlung des Burgtheaters ein wenig anders vor¬
3085 2873 3341 2946 Geschmacke
721 2882 3080 2932 dung, kaum ein einziges erheiterndes Witzwort. Für stellen und daß alle schönen und teuren Klassikerwieder¬
714 2931 3272 2982 einen Einfall, den Boccaccio auf zehn Seiten abgetan aufführungen nicht viel nützen können, wenn sie von ablegt.
