3392 4352
311 3593 391 3668 m.
314 3656 405 3699 fale.
299 3679 423 3738 Ptke.
2380 161 2834 259 box 33/5
222 170 2240 268 28. Die SchesterodeCasanouinSna
1232 291 1499 366 — Vgul
478 323 630 393 ealne
1084 318 1186 409 KRE
746 388 1205 471 Neue Bücher.
547 422 1172 524 Zwei neue Werhe von Artbur¬#
468 476 1477 570 Schwestern oder Casanova in Spr.ifpier in
470 531 1481 606 Ver,en.— Casanoves Heimjahrt.) Novelle.—#asanova.
473 564 1460 642 der große Abenteurer und [Weltpetörer erwacht zu
433 605 1462 677 n neuem Leben von Dichters Bugden. Im Luststiel
437 647 1466 715 8 gruppiert Schnitzler mit der klächten gewandten Hand
432 691 1469 764 #des kultiv erten Technikers zuei Paare um seinen
365 704 417 771 8
441 721 1473 792 & Heiden. Wie Casanova beids Frauen erobert und
367 757 424 796 54
456 774 1460 820 Asie los wird, beide Männer mit klug geheuchelien Wor¬
468 803 1462 860 ten sich zu Bewunderern und Freunden macht, ist
478 841 1475 913 ein graziöser Scherz, dem es auch an tieferer Be¬
464 868 1488 951 deutung nicht sehlt. In weniger zärtlicher Darstellung
471 919 1482 987 erscheint der abwärtssteigende, alternde Casanova in
474 953 1474 1028 der Novelle. In ihr wird eine frei erfundene Episode
471 996 1458 1064 mit vollendeler Meisterschaft in den aus zeilgenössi¬
467 1034 1466 1106 schen Berichten und eigenen Erinnerungen wohlbe¬
472 1068 1468 1136 kannten Lebenslauf, Casanovas eingefügt. Man sieht!
468 1113 1464 1207 den müden Helden in seinem letzten Sieg die Nieder¬
455 1141 1473 1234 lage erleiden, von der er sich nicht mehr erholen wird.
469 1193 1475 1263 Wie die Geschehnisse trotz alles novellistischen Bei¬
462 1235 1473 1304 werkes in bramatischer Geschlossenheit auf dieses Ziel
459 1265 1473 1349 l#seilen, macht diese Novelle, die in einer ungesuchten.
464 1309 1459 1397 edien Sprache geschrieben ist, zu einem kleinen
452 1343 753 1413 Kunstwerk
335 1399 471 1474 Atnft.
502 1405 1395 1491 was to Tiis that the beter relers. The musten.e
336 1462 475 1511 ltter
496 1471 1388 1541 phrase with which the glee began romeins in iny
340 1501 487 1552 ving
492 1514 1399 1595 memorv, Dut the name of the composer eschpes ie.
767 1556 1133 1624 Tours obedlientlv.
348 1545 477 1648 hut
946 1590 1363 1675 JANTS HRLLTEN.
2817 1624 3316 1699 Ueber Süddeutschlan
525 1613 1003 1703 Reform -ub. Pall Mall.
1672 1636 2278 1756 Casanova in Spa.“)
2732 1664 3312 1735 fahrend, wo die schöne
1204 1675 1356 1779 Cerc,
2734 1714 3317 1785 Köln mittlerweile fromm
1965 1729 2444 1801 Den Gustav Gugitz.
2726 1767 3319 1844 den gealterren Liebhaber
564 1769 1340 1849 NEW FOREIGN BOOKSA
1517 1787 1635 1861 6
1757 1788 2716 1870 Als Casanova etwa Anfangs August 1767
2721 1825 3294 1888 wollte, traf er in Spa
1665 1834 2725 1922 zum erstenmal in seinem Leben in Spa
2727 1865 3320 1942 sich nämlich einige polni
521 1854 1381 1946 Dr2 SCIIWESTFRN: ODER GASANOVA
1681 1891 2718 1965 weilte!), hätte er sich, um dieses vornehmste
485 1915 1382 1984 IN SPA. Vos Aufurk Sehsrrzin. (Derlin:
2729 1924 3293 1988 geben, so Elisabeth
1681 1931 2722 2016 Steildichein aller Großen und sämtlicher
528 1960 1386 2033 Pischer. 3m.J. II. This his latest einnelly
325 1940 428 2033 18.
2738 1961 3296 2042 mirska (1736—1816)
488 1992 1378 2056 Arthür Schnitzler again eccupies himself wen an
1673 2000 2702 2062 Glücksritter Europas, in vollen Zügen ge¬
2723 2008 3316 2082 niker, um deren Gun
480 2040 1384 2109 epiaste im Tiiee amorons uint miventurons eateer
1674 2037 2725 2115 nießen zu können, in einer anderen Lage be¬
2718 2063 3311 2136 Warschau sthon beworben
475 2074 1374 2139 of Cnranova, whlo formed the central Naure in VIn
1681 2088 2725 2173 finden müssen, als er es tatsächlich war.
477 2107 1366 2175 saine weiter's storv. Casannvas Tengfahrt
2731 2118 3307 2183 er nun vielleicht jenen R
476 2150 1379 2223 Trertewal in 7he Times literarn Supplement ter
1671 2140 2722 2207 Längst war sein Stern im Niedergang; der
371 2144 470 2226 Port
2734 2160 3280 2238 ihm so nötig war. Es
477 2193 1381 2247 Oetober 23. 1910). Two Triends, enlied Aninn
323 2211 455 2264 #erarf
1679 2181 2716 2255 auf seine Freiheit, seine Individualität so
2735 2207 3303 2282 Graf Tomatis einge
468 2235 1383 2301 umd Flaminia, known as ethe sistel.2 are al Spin
1684 2239 2715 2315 stolze Abenteurer war in England mit knap¬
2724 2265 3307 2327 rühmter Spieler, mit sei
475 2275 1376 2350 with Their husbands. Cashnova becomes enamöntenf
1679 2302 2730 2364 per Not einem schmählichen Geschick entronnen
479 2310 1366 2374 # The secomd of Themn, but hr a mistake beston.
2730 2316 3318 2388 mals als Tänzerin Kat
1532 2323 1642 2406 □
1672 2352 2723 2411 und nun über Berlin, St. Petersburg und
469 2340 1374 2416 his love on the lirst, whe uist willingte rereive.
2741 2361 3309 2429 Geliebte des Königs
478 2390 1378 2460 1. Later, however, fearing ber husband's anster.
1674 2392 2720 2454 Warschau, überall vergeblich um Dienste an¬
2729 2404 3310 2479 aber auch in Prag die
471 2438 1376 2501 she Winis a warning note 1o Casanova. tiling Miin
1679 2430 2723 2513 klopfend, nach Wien gegangen, wo man ihn
2731 2459 3275 2531 novas bösem Engel, d
474 2473 1369 2540 10 have Weilv. Amdren Tbucl. Vnina's husbaint.
1673 2480 2731 2557 gar verjagt hatte. Seine Mittel waren äußerst
475 2514 1370 2577 disenvers the fact of nis wite's umiskifuiness; und
2730 2505 3313 2569 wesen war?). Vielleicht
458 2552 1373 2604 after an angry seche with her. Just as he is abemi
1657 2521 2736 2613 knapp geworden und erlaubten ihm nicht
2729 2555 3310 2632 Bekanntschaft mit Tom
467 2595 1374 2654 10 send her away. he is visited by Crsanova.
1666 2593 2720 2651 emehr, sich zu großen Spielern zu setzen, nur
324 2610 423 2659 in,
2734 2608 3318 2668 bequem am grünen T
470 2625 1369 2682 wurch of someone win will iend himn enonan
317 2642 452 2702 Long¬
1670 2640 2734 2707 in ganz bescheidenen Verhältnissen wagte er das
2725 2664 3308 2723 konnte. Tomatis war
461 2671 1373 2734 meneg 10 gel away from Spn. Andrea inquine
319 2689 450 2741 40 J.
1674 2681 2739 2748 Glück zu verbessern. Auch das Alter zeigte
466 2709 1366 2770 #he Prason for #iis Maste umd learns of Cnsanovn's
315 2727 447 2782 A# 1
1666 2709 3319 2804 sich in der Ferne und machte sich besonders Frau in Casanovas Duc
465 2753 1364 2799 mistake. Phe frenv und humour of The situation
308 2769 443 2822 2h ull
459 2788 1369 2856 alwase bim aml, withent in ang way disabnsing
1657 2763 3309 2857 „deutlich in der Rückwirkung auf die Frau= wickest, welches ja von
317 2812 449 2867 ente.
2734 2804 3330 2866 der Tänzerinnen Catah
463 2823 1365 2892 Casanova. I Jends Min vhe Maniirmonev. acgnemt¬
1680 2836 2733 2900 en, die seinem Siegerblick jetzt mehr und
456 2858 1360 2930 ing his wise with the true facts of ihe uifnir.
2736 2866 3264 2925 nen Ausgang nahm.
1668 2861 2740 2962 mehr Stand hielten und ihn wohl auch schlecht
462 2900 1366 2967 Plamnia aise Jearns Themrund a berce gugsteraris“
2730 2908 3321 2970 wenn auch nicht entschie
457 2944 1364 3007 betwren the tcn wonnten as to wilich of thent has #.
1665 2934 2727 3022 behandelten, obschon er sich allzeit freimü¬
2738 2967 3319 3012 eigenen Interessen halber
459 2975 1367 3045 riaht 1o Cnsanova’s love alle whle receivinl 1 #1
1664 2986 2726 3074 tig als deren Düpierten hinzustellen beliebte.
2733 3001 3322 3073 Frau Tomatis=Cata
459 3021 1366 3087 s#efor whenn it was intended. At Keritical monen!
463 3063 1363 3123 in the dispute Santis, Plaminia's husband, enters
2737 3053 3315 3114 dem mächtigen Hause Lu
1809 3055 2735 3141 Eine historische Berichtigung zu Arthur Schnitzler: Die
465 3101 1364 3171 uml, withemt bering teld namns, is askeil Dr Andien
2734 3099 3327 3180 war. Der Anbeter der
1676 3123 2309 3196 Schwestern, oder Casanova in Spa.
457 3138 1351 3202 te njucteate in The dilte.: rase, Ne is unable
1759 3172 2768 3242 I, Lamberg schreibt am 18. August 1767 an C. (Original
449 3177 1355 3232 tooffer a sclution and s#ggens Cnsanova as julige.
2755 3171 3316 3279 2) O. Teuber, Gesch. des Pra
1682 3208 2498 3279 in Dur): „Votre lettre du 11 de Spa..
462 3217 1357 3295 The Arcleudventürer, as It Rappens, un That Moicnt
461 3265 1365 3322 entels, mint in The Course or Conversation, Troin
460 3289 1355 3363 Kieina's und Plaaminin's glances, leurns The Pruth.
452 3340 1357 3402 Tere is a duel begun beiween bim und
456 3381 1363 3436 Andrea, but the denouement is providen ####n
457 3416 1349 3476 arrival of ih netress Teresa, Cusanova's Nen¬
456 3453 1358 3506 juditan lover, wile has cinne to varry himn elf ##
457 3500 1364 3558 Vienna. The lestwal wilich follows attendel.
453 3528 1363 3598 among others br an English lord echo interje#“,
453 3580 1357 3641 eurionste meorrert English sentenees end. in
452 3606 1355 3674 langhter und galety. nis plar of love-intrignn.
450 3652 1347 3717 Which is in blank Verse. 14 in dhe manner „
448 3688 1362 3760 Schnitzler's * Anatel“ serles of conndlis. Cenai
451 3720 1338 3778 edliente teuches of characterization such as #1
456 3771 1363 3836 serionsmess of The vonthful Andrea vontrasttl
457 3813 1346 3876 withthe heagg. stuptd Sanlis tinse ralse th plar,
449 3850 1333 3920 m spille of crstamn farcieal sitnatiens, abov# #.
451 3886 1363 3958 tevri ef a mere farer uud make R a connls 0l
446 3919 640 3989 Manhetst.
522 4000 1337 4062 ‚ARATIIISTRAS WIEDERKEIR : EIN
561 4055 1337 4121 CAN DIE DEUTSCHE JUGEND. Vn
558 4093 1323 4157 % iIessR. (Horlin: 8. Fischer. Ml.50.)
