3296 4384
2425 199 2893 302 box 3375
260 224 2280 308 28. Die Schuestern oder Gasanova in Sna
145 1075 1229 1177 enen Nationalstaaten wird nach! Christrichs%,....
2111 1079 2845 1176 breeein öffentiichen Rändtne
709 1158 2732 1224 —
701 1210 2841 1271 Sancho Pansa, der viel frißt, wenn er „liebt“, und viel  galanten Möglichkeiten erteilen. Diese Situation aber
721 1262 2845 1334 schmeckt, nicht sein. In ihrer Art heroisch haben auch wird durchgeführt: Casanova hatte mit einer längst
143 1241 431 1350 illeton.
732 1315 2831 1376 Stindberg und Wedelind in ihrer geistigen, beinahe auf ihn lauernden Schönen, mit Flaminia, der Be¬
725 1362 1779 1427 geistlichen Erotik das volle Chaos aller menschlichen
1785 1361 2837 1429 gleiterin eines derben Abenteurers namens Santis,
735 1413 1778 1475 Beziehungen zu erkennen und unheimlich zu ent¬
1785 1417 2836 1490 eine Liebesnacht verabredet. Zum Glück einer anderen,
152 1402 474 1498 theater.
1792 1471 2828 1524 zum Unglück der vergeblich Wartenden hat er das
740 1472 1789 1528 fesseln verstanden, lange bevor die Wirklichkeit dieser
139 1473 736 1563 Casanova in Spa.“ Lustspiel
1780 1513 2837 1584 Fenster verwechselt und Anina statt Flaminia erobert.
742 1526 1774 1580 Gedankeneruption folgte und aus urwilden Ideen¬
162 1544 733 1625 zum ersten Mase aufgeführt am
737 1566 1772 1626 welten die Welt der Tatsachen zertrümmerte. Der
1785 1569 2836 1623 Diese Anina, ein noch nicht hinlänglich gewitztes
160 1594 367 1670 März.“)
730 1618 1774 1683 Lasterhafte, der Begehrliche, der Abenieurer des Ge¬
1781 1619 2843 1696 armes Ding, das von dem jungen Bassi, einem Sohn
151 1627 741 1722 fesselloser Triebnaturen ist die
741 1660 1784 1740 schlechtstriebes — sagen wir Casanova — bleibt eben
1791 1672 2834 1719 wohlhabender Ferrareser Bürger, entführt worden ist
149 1705 727 1772 pu nicht gerade hoher Art, die
733 1721 1779 1785 auf niedriger, ja platter Fläche der richtige Lustspiel¬
1785 1721 2826 1788 und bisher nur diesen Geliebten ewig zu lieben ge¬
157 1758 725 1827 und das 18. Jahrhundert der
730 1769 1769 1836 beld, ein Veilchenfresser von damals. Die Begeben¬
1780 1764 2831 1832 glaubt hat, zeigt sich von Casanovas leichtem Ein¬
153 1816 732 1884 kaum. Der Abenteurer ist die
1779 1819 2827 1877 bruch so entflammt — sie weiß noch von der Ver¬
736 1816 1774 1890 heiten, die dieser einfältige, eitle, aber hübsche und
197 1857 726 1933 und das Erotische ihre
1774 1867 2823 1939 wechslung nichts, der sie ihn verdankt — daß sie ihrem
727 1870 1779 1947 gewandte Schwätzer in seinen Denkwürdigkeiten über¬
160 1901 728 1985 Betreffende nebenher die so¬
1788 1928 2829 1995 Andrea am Morgen alles gesteht. Erst durch die um
724 1926 1775 1997 liefert, bieten denn auch eine Fundgrube für seine
161 1963 726 2038 als Selbstzweck, sondern auch
731 1972 1774 2041 ariverwandten literarischen Nachfolger bis zum heutigen
1778 1969 2821 2048 ihren Liebesertrag verkürzte Flaminia erfährt Anins.
143 2015 735 2079 ne „Arbeit“ als Kundschafter,
1780 2031 2836 2095 erfährt Andrea, die glückliche und der unglückliche
724 2042 1773 2092 Tage. Nach dem Schema seiner Geschichten, die er
166 2062 721 2131 Magier, Philosoph, Salon¬
740 2078 2821 2150 selbst ja auch nur über einem bequemen Faulenzer! Betrogene, den guten, den argen Zufall der Ver¬
148 2118 734 2187 Klopfsechter gebrauchen. Seine
727 2120 2832 2184 geschrieben hat, der aus fünf beiläufig erlebten die wechslung. Nun entbrennen die beiden Frauen in
142 2160 731 2239 ine seelische Ausrede für den
749 2184 1777 2245 Unterlage für fünfhundert mögliche, kombinierte und
1774 2181 2834 2249 einem wirklich lebhaften, wirklich komischen Streit um
148 2218 740 2283 esellschaft mit bestem Appetit
1781 2226 2824 2287 den Besitz dessen, der sie besessen hatte oder zu be¬
744 2225 1785 2300 erlogene bot, lassen sich beliebig viele alte=neue aus¬
147 2274 725 2343 ichkeit zur Schau getragenen
1781 2275 2820 2344 sitzen vermeinte: des Casanova. Beide wollen ihn nun
737 2280 1778 2346 denken, abwandeln. Besser ausdenken und erzählen
138 2320 733 2377 it fehlt es nicht an Anmut,
1782 2329 2839 2395 von Rechts wegen und in aller Ordnung, jede natürlich ganz
737 2327 1783 2396 übrigens, als dies der faule Schmarotzer Casanova
137 2376 721 2439 m hat sie mit den wahren
737 2381 1778 2444 vermochte, und mit einem gewissen, nicht gerade be¬
1785 2383 2836 2441 für sich allein, haben. Die bisherige Einbildung kann
145 2414 734 2479 s zu schaffen, mit Gemüt und
729 2431 1772 2512 sonders täuschenden papiernen Prospelt von Geist und
1777 2434 2833 2500 beiden durchaus nicht genügen. „Ich war's nicht, denn
161 2480 1789 2547 Sittlichkeit und bleibt, irdisch esemüt, wie es Artur Schnitzler, zugleich mit diesem
1787 2486 2830 2547 ich weiß, daß ich's nicht war“, klagt Flaminia. „Er
191 2527 1784 2616 irdisch begnügt — komisch, Kaustspiel auch in einer Novelle „Casanovas Heim¬
1773 2534 2809 2592 weiß nicht, daß ich's war, so war ich's nicht“ flöte#
139 2566 736 2654 haftlich. Wie überweltlich hebt
1774 2584 2822 2645 Anina. Nur der unfreiwillige Urheber der Verwirrung
734 2584 1104 2655 fahrt“, getan hat.
149 2614 735 2685 Juan und seines frevlerischen
1789 2636 2824 2704 kann den Streit entscheiden: Ankläger, Richter, Schul¬
779 2630 1788 2709 „Die Schwestern“ bieten mit treuherziger Lüsternheit
147 2676 726 2746 höbere Gläubigkeit voraussetzt,
1783 2675 2840 2763 diger und Zeuge in einem. Daß Casanova sein Urteil
730 2685 1774 2754 das offene Geheimnis der Komik des ausschließlich
145 2724 732 2801 geringfügige eines Casanova
1780 2734 2834 2790 nach dem als Novelle verkappten Bericht abgeben
735 2737 1776 2806 Kreatürlichen dar. Wenn ihre sexuelle Tanzmusik von
173 2766 722 2849 geistlichem Höllenfeuer um¬
735 2782 1781 2840 Situationen, Figuren und Worten gelegentlich gefühl¬
1778 2786 2821 2847 muß, den ihm abwechselnd die beiden Männer er¬
150 2832 726 2906 n Don Quichotte und letzter
1788 2834 2818 2903 statten, welche er betrogen hat, ist ein selbstverstänt¬
730 2848 1776 2906 voll oder philosophisch tut, droht der Spaß schal, der
142 2882 734 2962 o#a nach ihm ein drolliger
739 2898 2833 2954 „Geist“ anmaßend zu werden. Das niedrig begrenzte licher und üblicher Lustspielzug. Casanova, den es
731 2944 2860 3007 Lustspiel mag einem Publikum erziehungsfähiger schon nach den Freuden der Tafel leckert, die draußen
721 2970 2850 3079 Sancho Pansas immerhin eine hübsche Lektion in zum Fange frisch angekommener reicher Gimpel gedeckt
149 2985 453 3075 Fischer, Berlin
3211 4124 3306 4200 E
