3344 4384
2435 181 2906 289 box 33/5
269 207 2289 306 28. Die Schuestern-oderCasanowainSa
159 1318 2521 1459 n traurigen Schicksal tröstete“). war dort der Ritter Niccolo Veniertl), ui aussangeren
210 1413 1988 1489 die er aus Spa damals an [der Marquis Maruzzil'), die Bona¬
1996 1401 3050 1497 hinzu: „Ich werde niemals jemandem, und
157 1435 922 1520 onen sandte, scheinen nur „vr¬
942 1465 1987 1530 finité), der Baron Thugutl'), der Ge¬
1989 1469 3050 1543 wer eis auch sei, erzählen, welcher Art das
152 1497 944 1578 achen“ enthalten zu haben. Aber!
937 1508 1983 1585 sandte Venedigs Dolfinols) mit seinem
2004 1517 3044 1602 Gespräch der englischen Dame, gewesen ist,
167 1553 933 1623 agikomisch war das, was dem
935 1571 1983 1643 Sohn, und der Sänger Pachierottit# der
1992 1556 3052 1652 aber ein großes Ereignis könnte es Sie mit
162 1599 937 1667 uenjäger von einst nunmehr in
931 1604 1991 1679 ein öffentliches Konzert gab. Eine englische
1990 1631 3044 1715 der Zeit erraten lassen, sowie jeden anderen,
165 1651 927 1726 n sollte. Dort sollte er schon,
933 1658 1946 1732 Dame, die die Manie hatte, lateinisch zu
1993 1676 3047 1769 der über meine Verbindung mit ihr unter¬
181 1692 928 1767 im Buche des Schicksals, die
946 1715 1977 1790 reden, verpflichtete mich, sie bis nach Am¬
1991 1728 2609 1802 richtet worden sein wird.“
165 1734 934 1818 honderlichen Exemplaren kennen
934 1750 1988 1839 sterdam zu begleiten und es war die Frage,
163 1800 937 1865 dürfte ihn über diese Art „schwe¬
2064 1773 3060 1873 Diese verhängnisvolle Spa'er Damen¬
937 1807 1988 1880 daß ich mit ihr während vier Jahren reisen
170 1847 932 1916 kanntschaft ein gelindes Entsetzen
1999 1843 3045 1934 bekanntschaft, war es sie, die ihm sofort den
938 1864 1975 1926 sollte. — Montag, beim Speisen in Saardam,
192 1898 920 1980 so daß er sich mit Grausen zur
1994 1895 3058 1978 Gedanken eingab, nach — Madagaskar zu
941 1911 1983 1988 hielt sie mir unter vier Augen eine Rede,
1999 1948 3054 2023 fliehen? Und war diese verruchte Englän¬
945 1960 1987 2032 die mich meine Idee ändern ließ. Ich blieb
1985 1999 3042 2079 derin gleichfalls berufen, den Faustschlag der
933 2015 1981 2076 eine halbe Stunde in meinen Gedanken ver¬
167 2016 935 2108 us einem Briefe der Buschini¬
1986 2044 3037 2135 Merci, obschon sie mit ihr kaum „schwe¬
931 2065 1973 2115 sunken, ohne daß sie mich drängte, ihr zu
171 2082 934 2145 ember 1783 entnehmen wir, daß
1992 2095 3033 2172 sterlich“ in Beziehung zu bringen war, zu
936 2110 1982 2183 antworten. Zu mir gekommen, sagte ich ihr:
157 2131 928 2203 ka aufhielt „wegen einer Person“,
1991 2148 3042 2229 rächen? Dachte Casanova wohl noch an den
932 2153 1986 2238 „Gestatten Sie mir, gnädige Frau, daß ich,
163 2175 928 2236 m. Es war möglicherweise jene,
1993 2191 3044 2251 Vorfall und das Beispiel Darragons, der
930 2218 1978 2278 sobald ich in das Hotel zurückgekommen bin,
162 2227 919 2287 kine so equivoaue Lage bringen
1983 2235 3037 2321 eine ähnliche englische Liebhaberin gefunden
921 2263 1969 2348 sie verlasse, un. Sie niemals wiederzusehen,
165 2279 922 2342 er sie kaum anzudeuten wagte
1982 2288 3051 2369 hatte? Dieser englische, lateinisch sprechende
926 2324 1963 2398 und daß ich hingehe, wo es mir gefallen wird.“
157 2330 921 2394 wir, was er selbst am 6. Sep¬
1985 2343 3033 2420 Blaustrumpf, der der Kraft der Pfunde ver¬
924 2355 1970 2439 Diese merkwürdige Frau antwortete mir
161 2373 929 2461 us Antwerven an seinen Freund
1982 2385 3037 2466 traute, nicht um sich erobern zu lassen, son¬
925 2421 1974 2502 nichts anderes, als auf lateinisch mit den drei
156 2429 924 2494 #, der damals Präfekt im The¬
1987 2441 3040 2510 dern um sich den alten Frauenjäger auf vier
935 2471 1977 2544 Worten: „Sequere voluntatem tuam“; auf
161 2469 921 2542 Wien war, schreibt!s): „Ich ging
1979 2482 3048 2574 Jahre zu pachten, schlug sozusagen dem Faß
934 2517 1965 2589 der Stelle sandte sie mir einen Wechsel auf
156 2523 927 2599 en) nach Spa, wo, ich weiß nicht
1988 2538 3046 2613 den Boden aus. Casanova blieb sprachlos....
928 2561 1968 2656 ihren Bankier mit 25 Guineen und ließ mich
176 2572 915 2648 Uebereinkommen, sich einmal im
1980 2581 3040 2672 er fühlte die zugleich lächerliche und demü¬
168 2618 916 2692 Sommer, alle Nationen Europas
1984 2644 3038 2722 tigende Situation: Ein bezahlter Casanova!
992 2625 1542 2746 14) Riccold Venier, Diplomat.
160 2679 920 2741 in geben, um tausend Torheiten
1991 2698 3031 2772 Dies war das letzte, was ihm seine Bekannt¬
999 2695 1450 2772 15) Russischer Diplomat.
170 2718 924 2793 Ich machte auch die meinen und
1988 2743 3026 2817 schaft mit Frauen in Spa eintrug. In ge¬
996 2738 1723 2824 16) Emilia Bonafini, berühmte Sängerin.
173 2769 918 2845 halt dauerte einen Monat. Es
1977 2792 3028 2845 wisser Hinsicht schienen sie wirklich „schwe¬
1008 2789 1965 2889 17) Fr. M. Freih. v. Thugut (1737—1818) österreichisch.
936 2830 1172 2901 Staatsmann.
1978 2841 3035 2921 sterlich“ vereint, ihm nur Verlegenheiten zu
158 2838 444 2944 b. 276, 277 k.
996 2870 1892 2943 18) Daniele Andrea Dolfin, venetiarischer Diplomat.
1979 2893 3025 2965 bereiten. Also lieber nach Madagaskar, oder
171 2921 744 2997 #ovas Briefwechsel, 1918, 161 k.
986 2940 3051 3035 19) Gaspero Pachierotti (1744—1821, berühmter Sänger.1 doch wenigstens nach — Wien, wo er noch
