3392 4256
2363 158 2835 253 box 33/5
207 169 2231 265 28. Die Schvestern oder Casanova in spa
666 1037 3011 1170 Meinungsgegensätze und Reibungsflächen aus der Welt. Echo; er schwingt in der Bevölkerung nach. Auch eine
1846 1149 3010 1225 holung der Begebenheit in Novellen= und Problemform und
1854 1189 3006 1271 die Lösung fliegt ins Leere. Das Spiel ist aus, aber niemand
1377 1180 1748 1297 Musik.
756 1200 1380 1315 Theater und
1856 1225 3018 1332 merkt's, nicht einmal der Dichter. Bis er seinem Spiel
1851 1312 2190 1382 dann nachseufzt.
1929 1312 2966 1396 Wilke hat ein entzückendes Rokokozimmer dazu ge¬
1081 1317 1458 1415 Burgtheater.
1844 1362 3020 1453 schaffen. Heine sehr fein, wenn auch nach meinem Gesuhl
669 1386 1832 1482 (Arthur Schnitzler: Die Schwestern oder Casanova
1859 1411 3008 1490 noch immer nicht entschlossen genug stilisiert. Ganz Stil,
759 1441 1775 1507 in Spa. Ein Lustspiel in Versen. rei Alte in einem.)
1856 1442 3026 1539 Laune, Grazie und witzige Überlegenheit war Frau Retty
765 1481 1845 1580 In diesen Titelworten schon klirrt und flimmert es.
1910 1503 3022 1574 nur läßt sie im ersten Akt zu wenig von der Nacht der
676 1550 1835 1621 Und schielt ein wenig. Gemeint ist nämlich nicht das Erlebnis
1845 1543 3011 1612 Enttäuschung merken, aus der sie kommt. Rührend war
687 1595 1846 1645 zweier Schwestern oder die Abenteuer Casanovas in Spa,
1855 1584 3017 1664 mir Frau Aknay, die dem Publikum zum Teil gefiel. Sie
683 1618 1840 1703 sondern gedacht ist: Vor dem Prinzip des Männlichen oder
1859 1638 3008 1710 ist der Rolle durchans nicht gewachsen, hat eine Höllenangst
687 1676 1842 1753 in ihrer letzten Bereitschaft für die Empsängnis des andern
1852 1671 3014 1747 vor ihr, ist mit eisener Hand für sie gedrillt worden und !
683 1727 1845 1794 Geschlechtes sind alle Frauen in tiefster Seele Schwestern.
1849 1716 3019 1801 zittert vor Furcht, auch nur einen Finger anders zu halten,
688 1767 1838 1840 Schwestern, eines Blutes also; im Tiefsten engstverwandt
1848 1766 3010 1839 als ihr vorgeschrieben wurde. Gutmütg wie ich nun einmal bin,
1850 1808 3014 1882 habe ich Blut für sie geschwitzt. Gott sei Dank, es ging alles wie
684 1809 1848 1876 Jungfrau und Dirne, scheues Sorgenkind und freche Aben¬
685 1856 1840 1917 teuerin vor ihrem eigenen Traum vom Mann, vor dem Don
1848 1846 3019 1921 am Schnürchen. Dafür wurde mir Herr Schott, von dem
1851 1886 3010 1964 ich viel halte, eine arge Enttäuschung. Er war trocken, ungelenk,
686 1893 1845 1964 Juan=Typus. Nun ist Schnitzler aber seit einiger Zeit im
1854 1941 3007 2021 unfroh des Spiels und flackernd im Tempo. Seine Sprach¬
698 1940 1841 2012 Banne der Casanova=Legenden. Im „Weiten Land“ fordert
694 1988 1841 2057 der Alternde die Jugend noch vor die Pistole. Seitdem aber
1857 1984 2999 2058 technik verschlechtert sich, die Verse jagen und verwirren ihn.
697 2029 1850 2117 hat der Dichter sich gewandelt, sein Trotz ist geschwunden,
1857 2027 3012 2100 Sehr gut war diesmal Herr Danegger als Glücksritter
1862 2072 3011 2142 ohne Anmut, sehr nett in ihrem Röllchen Fräulein Marberg
687 2055 1855 2156 er senkt den Degen grüßend vor der Jugend, saßt sie zärtlich
698 2110 1851 2193 unterm Arm und will ihren Genuß genießen. Er renommiert
1862 2117 3012 2185 als Tänzerin, die sich ihren Casanova wieder holt. Für diesen
694 2157 1859 2219 für sie, sicht für sie mit den Gespenstern, die sie so oft im
1855 2155 3014 2236 selbst hatte sich Treßler eine famose Maske zurecht¬
694 2191 1847 2280 Liebesspiel erschrecken. Solch ein Gespenst ist die Treueforderung,
1860 2188 3013 2281 gemacht und war tadellos: elegant, von geschnörkelter Wurm¬
693 2244 1857 2306 diese Popanz, geflickt aus Besitzeswahn und Eitelkeit und
1861 2242 3022 2314 stichigkeit, ein drolliges Gemisch aus Riccaut und Cyrano.
1865 2289 3018 2356 Aber das Genialische fehlte, das Höllische, das Parsum der
702 2290 1855 2361 Selbstsucht. Seit jeher liegt Schnitzler mit ihr im Kampf
1865 2328 3009 2403 Verruchtheit, der Zauber der Persönlichkeit, der Traum
689 2326 1862 2399 und nie kommt er von ihr los. Immer will er, um ihr zu
1869 2378 3012 2442 Schnitzlers von Casanova, dem Großen, der das Leben aus
702 2362 1860 2452 entgehen, mit Don Jnan Bruderschaft trinken. Nun ist er
698 2414 1851 2496 dabei an Casanova geraten und wirbt um dessen Freundschaft.
1861 2416 3017 2488 dem Stegreif lebt, Leben aus allen Quellen und Pfützen
699 2472 1857 2544 Aber der Glücksritter, Falsch pieler und Gaukler, der Frauen
1866 2462 3010 2533 säuft, indem er es zu verachten scheint. Herr Treßler war
2725 2507 2974 2570 H. Leoster.
702 2519 1853 2590 gewinnt, einsetzt, verliert wie geborgte Goldstücke am Pharao¬
1855 2519 2336 2596 bloß Casanova in Spa.
699 2551 1863 2620 tisch, lockt unieren Dichter nur vom Weg ab, auf dem er sein!
706 2584 1861 2669 Ziel sucht. Die beiden Titel dieses Versspiels schielen an¬
2085 2588 2775 2675 Musikalische Aktnalitäten.
703 2633 1860 2714 einander vorbei. Die Weisheit von der tiefsten Verschwisterung
1945 2666 3020 2728 Ein frischer Zug weht durch die künstlerische Arbeit der
704 2657 1861 2745 aller Frauenhingabe wird eine „Lüge mit wahren Worten“.
1866 2697 3023 2778 Volksoper. Weingartner hat sie aus dem stagnierenden Sumpf
709 2710 1856 2793 wenn sie statt Don Juan Casanova seinem beschmutzten Aben¬
1868 2752 3018 2819 schläfriger Gewohnheitsmusiziererei wieder auf den festen
716 2764 1869 2834 teuer in Spa nachhinken läßt. Oder bin ich nur nicht reif
3028 2797 3097 2853 W
1872 2795 3028 2871 Boden ernsten Studiums gehoben und nun geht es wacker
713 2799 1869 2884 für die Einladung Casanovas in tiesster Seele sein Bruder
3018 2844 3100 2903 B
1877 2843 3021 2919 vorwärts. Eine wohlabgerundete Vorstellung von Lortzings
716 2839 1869 2937 zu sein? Ich glaube, auch Andrea Bassi läßt sich am Ende
3022 2881 3115 2938 ei
1871 2880 3026 2956 patriarchalisch=behaglichem „Wildschütz" unter Dr. Kaisers
716 2895 1863 2970 nur deshalb von ihm unter den Arm nehmen, damit das
1874 2920 3038 2995 klarer und anregender Leitung, ließ Liebe zum Detail und
718 2959 1165 3030 Stück aus wird.
1876 2965 3029 3046 ein für die Volksoper hohes Niveau erkennen. Auch das
801 2976 1867 3058 Ein Stück voll Leichtigkeit, Anmut und spielerischer
1881 3008 3106 3091 Regietalent des Herrn Lustig=Prean ist zu loben; mitP.
721 3037 1865 3099 Kraft, federnd. Und doch zuweilen schleppend, müde und
1879 3062 3038 3133 wachsendem Erfolg ist er strebend bemüht, heikle Insze¬
714 3079 1870 3156 stockend im Technischen. Eine wundervolle Lustspielszene ist
3031 3101 3124 3173 bi
1888 3107 3020 3172 nierungskünste geschmackvoll zu lösen. Stützpfeiler dieser Auf¬
721 3125 1880 3204 darin; wie die gefällige Flaminia erfährt, daß Casanova,
1875 3156 3022 3225 führung, Herr Bandler, den sich die Staatsoper in süffi¬
718 3168 1874 3232 den sie glühend erwartet, sich zur Nachbarin verirrt hatte.
1887 3168 3125 3268 santer Verblendung noch immer entgehen läßt. Auch die ap
723 3210 1879 3284 Hier meistert ein Künstler von kühnster Zierlichkeit ein edles
716 3230 3035 3351 Instrument. Aber bald darauf schleppt die dreimalige Wieder= interellante „Carmen“=Ankführung mit der Cabier unter
