3344 4320
255 162 2256 266 28. Die Schuesternoder Casanova in Sna
1144 299 1336 373 — — —
1312 364 2139 498 Theater und Kunst.
1477 480 1994 585 Jenseits von uns.
1222 536 2302 624 Weltfremdheit war immer das Vorrecht des Dichters;
1137 598 2299 680 Weltabgewandtheit sein gutes Recht; wofern er nur Leben
1143 651 2300 734 gab und Menschen gestaltete — da schlug unser Herz mit, weil
1142 709 2301 771 wir Menschen von heute letzten Endes sind, was die Menschen
1148 772 2305 822 vor tausend Jahren waren, erfüllt von der gleichen Sehnsucht,
1140 805 2311 870 vom gleichen Schmerz und der gleichen Lust. Der Zeit zum
1147 853 2309 934 Trotz, die ein Dichter dem Kunstwerk wählt, bleibt dieses zeit¬
1150 890 2316 971 los, also ewig zeitgemäß, weil ewig wahr. Jetzt erleiden wir
1148 945 2302 1014 es, daß Dichter, die einst an unsere Seelen rührten, den Weg
1135 1001 2314 1074 zu uns nicht mehr finden. Je lauter die Brandung des Lebens
1146 1058 2302 1117 an ihren Verstand schlägt desto matter wird das Echo in
1150 1099 2311 1155 ihrem Herzen; sie flüchten vor dem gewaltigen Rhythmus der
1147 1142 2309 1212 Wirklichkeit, halb ohnmächtig, halb eigensinnig, in das Reich
1145 1206 2309 1254 blutleerer Schatten. Aus dem Sakko ins Kostüm, aus dem
1143 1249 2304 1317 durchwühlten Schopf in die gepuderte Perücke. Sie sind jenseits
1149 1306 1362 1375 von uns.
1251 1331 2321 1402 Jenseits von uns schaffen heute so viele, die früher die
1154 1393 2313 1453 Literatur beherrschten. Zu ihnen gehörte Arthur Schnitzler;
1141 1440 2309 1504 frisierte er zwar seit je die Gestalten seiner Phastraste aulf
1157 1502 2313 1566 Ideale zu — die Kinder, sie hörten es gerne. Aus den Kindern
1149 1543 2308 1603 sind aber Menschen geworden, denen das Leben mit ganz
1145 1591 2317 1664 anderem Griffel „Konflikte“ in die Seele zeichnete. Wir reden
1146 1636 2315 1706 keineswegs einer „Tendenz“ das Wort, aber in ein Reich, das
1146 1689 2310 1774 so wenig mehr unser ist, kann die Entführung dem Dichter
1153 1751 1442 1822 nicht glücken.
1246 1766 2321 1850 Das Versspiel von Casanova, das gestern im Burg¬
1158 1832 2327 1912 thegter zur Uraufführung gelangte, deutet nichts Geringeres
1150 1894 2327 1971 als den Zusammenbruch jener bürgerlichen Bühnenliteratur
1155 1934 2321 2007 an, die überspitzte Problemchen mit zierlichen Wortgirlanden
1154 1975 2311 2044 erledigt und den Rätseln des Lebens mit tändelnden Mario¬
1151 2031 2314 2094 netten beikommen will. In verschwiegener heimlicher Stunde
1153 2072 2318 2159 genoß Casanova die Umarmung einer Frau, die er für eine
1162 2136 2316 2207 andere hielt, indes jene, die ihn ersehnte, leer ausging. Um
1154 2180 2318 2243 das Geheimnis dieser Liebesstunde, darum, wer wen betrog
1164 2223 2311 2294 und mer von wem betrogen ward, gehl der philosophisch=an¬
1168 2299 2317 2356 mutige Zank der Männer und Frauen zweieinhalb Stunden,
1167 2326 2329 2405 bis schließlich der heißbedrängte Casanova gescheit entscheidet,
1169 2375 2328 2440 daß er eigentlich keine von beiden besaß. Wir glauben, daß
1168 2422 2329 2495 Casanova — der wahre — von dem Schnitzler=Treßlerschen
1175 2476 2333 2537 Scheinlebemann ebenso weit entfernt war wie die Geistigkeit
1163 2524 2327 2602 dieser ungewollten Komödie der Worte von dem Ruf des
1171 2583 1762 2651 Lebens — damals wie heute.
1260 2595 2322 2680 Der Abstand kennzeichnet zugleich die Linie dieser wiene¬
2368 2670 2415 2725 2
1163 2672 2352 2751 rischen Begabung, die einstmals um tragische Schicksale erfolg¬
2364 2715 2416 2759 e
1166 2721 2332 2790 reich bemüht war, mochten deren Träger auch nur in einem
2342 2752 2413 2801 eit
1178 2769 2342 2856 Villenviertel zu Hause gewesen sein. Was davon blieb, reicht
1170 2798 2444 2900 gerade für treugebliebene Freunde aus: seine. kluge Verse, ha
1543 2966 1836 3063 ZIMN 1920
1580 3264 1909 3347 Der Abend
1425 3322 1564 3389 —
1156 3375 2317 3465 geistreiche und heiter=gewagte Scherze und die unerschöpfliche
1160 3444 2306 3510 Liebenswürdigkeit des Salongespräches wohlerzogener Leute
1171 3494 2317 3563 Mag dies im Kurs auch gefallen sein — eine Meisterschaft ist
1162 3537 2321 3630 es doch und soll dem Dichter des „Leutnant Gustl“ und des
1165 3585 1784 3657 „Anatol“ unbenommen bleiben.
1262 3623 2290 3702 Eine bezaubernde Augenweide war Frau Aknau, über
1161 3684 2295 3748 raschend gut in der Rede, noch trefflicher in Gesichts
1170 3729 2309 3794 spiel und Haltung; mit der übersprudelnden Frau Albach
1157 3785 2306 3848 Retty schuf sie Leben aus Lehm; die Herren, obgleich alle
1162 3826 2313 3898 ihr Bestes bietend, mühten sich um solche Wandlung vergeblich
1160 3877 2302 3944 Nach Schluß der pausenlos gespielten Komödie riß rücksichts¬
1157 3924 2316 3984 los=lauter Beifall den in seine süßen Träume eingesponnener
1159 3981 2036 4046 Dichter grausam ins Diesseits vor die Rampe.
2013 4005 2278 4100 Dr. M. M.
2329 908 2390 1007 3
2349 1036 2406 1093 n
2324 1083 2380 1148 m
2297 1215 2416 1306 n0
2332 1324 2416 1386 Kr.
2326 1375 2417 1457 91
2333 1451 2412 1511 sp.
2322 1531 2412 1585 lie
2334 1708 2417 1771 ½
2354 1793 2413 1855 st
2319 527 2391 626 8
2406 151 2871 247 box 3375
