3392 4256
311 140 2320 219 28. Die Schestern-oder Casanova in Spa
1032 1003 1707 1136 Theater und Musik.
1021 1111 1705 1191 Schnitzlers neues Bühnenwerk.
778 1161 1982 1225 Wien. Wieder einmal eise Schnfr#der-Urauführung im Burg¬
746 1215 1971 1272 theater, das er in der verflossenet Kaherzeit letztem Teile mit dem
534 1171 756 1294 214R 79
750 1250 1972 1312 Deutschen Volkstheater hatte vertauschen nüssen. Diesesmal kommt uns
755 1292 1979 1353 Schnitzler wieder historisch=romantisch. Aber die Vergangenheit, die
755 1334 1972 1374 er hier ins Leben zurückzaubert, liegt noch etwas weiter zurück als in
744 1365 1971 1413 keinem Jungen Medardus. Und sie älmet nicht dessen patriotischen
754 1410 1968 1457 Geist, sondern den der ihm wesensverwandten zynischen Dekadenz des
747 1450 1978 1492 ausgehenden Rokoko. Die Schwestern oder Casanova in
751 1489 1971 1550 Spa ist der Titel dieses neuen dreiaktigen Lustspiels, in dessen Mittel¬
752 1523 1971 1580 punkt Casanova steht, aber nicht der alternde, entsagende, wie in
751 1560 1976 1630 Schnitzlers jüngstem Roman, sondern der lebensprühende, hoch¬
749 1599 1966 1661 stapelnde, Weiberherzen entflammende Casanova. Das Casanova¬
755 1642 1971 1687 problem hat gewiß seine psychologischen Reize, und es ist fast ver¬
613 1680 699 1733 a
751 1683 1965 1735 wunderlich, daß es Schnitzler vorbehalten blieb, es sozusagen dichterisch
738 1718 1967 1763 zu entdecken. Ohne Frage liegt es ihm ausgezeichnet; besonders, was
746 1757 1963 1812 die erotisch=zynische Seite anbetrifft, aber auch der hochstapelnde, mit
743 1800 1969 1862 allen Salben geschmierte Blender des starken Geschlechts in Casanova
740 1828 1970 1887 findet in dem psychologischen Gestalter Schnitzler seinen Meister. Im
742 1875 1969 1916 Mittelpunkt der Handlung des Stückes, dessen spielerischer Charakter
749 1912 1966 1964 auch durch eine in fünffütigen Jamben dahintänzelnde Sprache beiont
747 1947 1959 1994 ist, stehen neben Casanova die „Schwestern“, das heißt Schwestern
619 1957 726 2032 85
747 1988 1966 2033 nur in Aphrodite, zwei abenteuernde, mehr oder weniger junge Damen,
749 2027 1968 2073 die in Spa mit Casanova zusammentreffen und seinem Zauber sofort
748 2060 1965 2113 erliegen. Nur treibt der Zufall dabei ein neckisches Spiel. Die ältere
749 2100 1966 2159 nömlich, die sich Casanova ehebrecherisch zur Nacht besteilt hat, kommt
750 2150 1972 2200 um ihr Schäferstündchen, weil der liebenswürdige Schwerenöter sich
744 2182 1963 2231 im Fenster irrt und zu der jüngern gerät, die sich ihm in dem später
738 2209 1969 2274 erkannten, aber nicht bereuten Wahne ergibt, daß sie ihr Verlobter
747 2258 1956 2309 umarme. Aus der falschen Vorstellung Casanovas, daß er bei der
744 2294 1963 2352 erstern gewesen sei und daher die Rache von deren Gatten zu fürchten
745 2342 1957 2381 habe, aus der Empörung des wirklich gehörnten Verlobten der andern
739 2381 1963 2418 und aus der Eisersucht der beiden „Schwestern“ entsteht ein Ratten¬
737 2407 1961 2461 könig von Verwicklungen, die schnitzlerisch verzwickt sind. Auf brief¬
743 2450 1972 2519 liches Geheiß der unschuldig Verführten, die er für die gewollt Ver¬
742 2492 1961 2549 führte hält, will Casanova aus Furcht vor der Rache des vermeintlich
732 2521 1968 2573 betrogenen Gatten fliehen, erschwindelt sich zur Flucht von dem wirklich
737 2569 1959 2622 Betrogenen, den er durch Schilderung seines Abenteuers selber über
742 2606 1942 2660 die erfahrene Unbill aufklärt, das nötige Reisegeld, wird aber von dem
731 2645 1943 2702 vermeintlich Betrogenen festgehalten und zurückgebracht und erhält nun
734 2689 1958 2739 zum Schluß das Schiedsrichteramt über die Streitfrage, für welche
731 2716 1967 2775 von den beiden Frauen der Einschleicher (dessen Namen man ihm ver¬
737 2752 1957 2814 schwiegen) das heißt er selber sich entschieden habe. Natürlich fällt er
731 2798 1963 2860 das salomonische Urteil, daß die Frage erst beantwortet werden könnte,
740 2837 1962 2893 wenn der Betreffende unter denselben Bedingungen auch die andre Frau
740 2875 1959 2935 genossen hätte. Dabei kommt nun auch er hinter den wahren Sach¬
737 2905 1961 2969 verhalt und — vor die Klinge des zornsprühenden Betrogenen, vor
728 2942 1962 3013 dessen heftigen Stößen ihn jedoch rechtzeitig als dea ex machina seine
736 2992 1938 3047 letzte Geliebte, die Tänzerin Thereje, rettet, die ihm nach Erledigung
732 3029 1693 3081 einer amoureusen Extratour wieder nachgereist ist.
1681 3032 1952 3086 Allzu kritisch
736 3068 1955 3107 darf man diese Vorgänge nicht betrachten. Obgleich es sich um einen
734 3095 1958 3150 abenteuernden Hochstapler handelt, sind sie doch so phantastisch, daß
737 3150 1954 3207 man sie eben nur als Lustspielaffären gelten lassen kann, die lediglich
733 3187 1957 3222 ersonnen sind, um zu unterhalten, nicht, um nachdenklich zu stimmen.
735 3220 1957 3261 Wenn sie recht flott gespielt werden, vermögen sie das auch. Dann
728 3256 1957 3302 übersieht man auch den technischen Mangel, daß die Verwechslungs¬
730 3292 1961 3365 geschichte zweimal vorgetragen wird. Das Burgtheater trifft ein solches
726 3317 1962 3401 flottes Spieliempo. Besonders der muntere Casanova des Herrn
726 3373 1960 3444 Treßler sorgt dafür, daß Leben und Farbe in die Aufführung kommt.
732 3406 1947 3468 Das Stück fand daher eine sehr freundliche Aufnahme, und der an¬
738 3449 1954 3517 wesende Dichter konnte für den Beifall durch mehrmaliges Erscheinen
735 3488 894 3550 banken.
1669 3499 1933 3557 Dr. Bungera.
2486 124 2911 208 box 33/5
2306 424 2538 508 SOPPR 199
2477 548 3044 645 Corriere della sera,
2621 612 2863 697 Milano
2461 644 2562 720 2
2350 754 3215 857 Gorriere viennese
2337 852 3304 935 Una prima:“ Le sorelle ovvero Ca-—
2366 915 2788 989 sanova in Spa,
2851 942 3316 1020 Vienna, aprile. tei
3211 997 3322 1049 d0
2516 993 3222 1057 Schinitzier: „lungo Nervoso volto, #1¬
2449 999 2524 1062 S.)
3223 1038 3323 1094 me
2344 1038 3233 1102 rato Comneazo da arista
2357 1079 3217 1130 e il cluffo di capelli bianchi che si sprigiona
3232 1081 3322 1131 Cür
2342 1111 3214 1169 su dallasfronte meditativa. E' uno degli serit¬
3242 1118 3325 1184 e
2342 1140 3218 1201 tori pedernj di lingua tedesca di maggter
3227 1168 3325 1227 im
2345 1180 3214 1233 famf. Non ho ideh se abbia mai ténute. In
3230 1206 3314 1261 005
2344 1212 3221 1280 Iia, Jcartélloni. Forse lo poteva. Ma anche
2342 1252 3218 1311 da ##brmai il gusto é gia deviato, e questo
2329 1286 3226 1354 Fecietlich elegante, esperto al gioco della scena
3230 1296 3324 1346 len.
2344 1323 3211 1375 e alfe Aassioni degli nomini. scrittore di Un¬
3222 1325 3312 1389 in
2345 1354 3226 1414 zuadsblscaltro e di sentimento sincero, tro¬
2360 1373 3326 1447 verehfe Mei disattenti. Pero, ditemi ch nonpa
3226 1428 3322 1480 00.
2338 1435 2548 1497 ne ###va.
2403 1447 3322 1522 TIrna Hfhri adesso con questo Casanoval#g
2342 1497 3228 1556 ehe schfo in questo anno flagellato di tri¬
2344 1498 3327 1580 stezze,e un po’ comie 1l suo  Divano ocel-Tnor
2339 1549 3322 1628 dentafe v, lo scampo della fantasia ’creatriceno.
3227 1594 3324 1648 ric
2340 1600 3231 1658 lontano dalla sconsolata fatica della realin.
2346 1639 3225 1690 Lo cerco nell'isola di Citera dei secoli ga¬
3229 1641 3283 1691 g1
2354 1664 3228 1735 lanti. Rotta dilettevole ma non nuova, nep¬
2354 1683 3327 1766 pure a lui stesso. II sei e il settecento sono s1a
3226 1724 3321 1783 110
2358 1731 3240 1806 per la cultura tedesca. dell'ultimo decennio
3232 1769 3321 1814 de
2355 1774 3227 1832 quello che l’antichità poteva essere per 1 neo¬
3240 1807 3314 1867 die
2353 1802 3222 1867 Classici, o la cavalleria per i romantici: quel¬
2345 1836 3230 1904 la terra promessa del gusto di eud ogni epoca
2347 1876 3236 1945 hin bisogno #iche direnta pei# l## zun ##n
3230 1897 3320 1948 fa
2346 1912 3230 1978 tipica di nostalgia intellettnale; la sua poda
2411 1949 3236 2009 perche la mnoda non eche una nostalgia.
2364 1987 3233 2037 Meta- dei suel elementi fantastiei e del suo
2355 2008 3241 2081 Ungnaggio decoralivo derivano di la. Dfede
3243 2025 3327 2086 #1
2345 2038 3245 2105 del resto trutti non effimeri: i & Cavallere
2349 2082 3249 2151 della rosa n per esempio o 1 disegni di Scheu¬
2967 2119 3239 2167 1 Berlin West,
2352 2130 2975 2191 rich. Diede anche — orrore! — 1
2352 2150 3237 2215 per cuf ogni pescecane di Wilmersdorff Sav¬
2363 2179 3245 2245 vezzo a stirare la pancia entro un letto dove
2351 2214 3249 2295 avrebbe potuto dormire i1 marchese d’Argens.
3234 2227 3321 2292 01
2391 2252 3244 2312 Bella era Spa, in quei calmi mesi d’estate
2357 2285 3257 2353 deet 1757! Casanova ci trova una sun vecchia
2349 2329 3253 2387 conoscenza, il barone Santis, un italiano, con
2353 2361 3249 2419 la ventiquattrenne moglie Flaminia, Benche
2353 2404 3252 2470 quello fosse il loro terzo imncontro, Casanova
2355 2410 3326 2488 von aveva niaj avnta la donna: ma ora l’a-ste
2367 2471 3328 2523 vra. Di notte lascia Santis e il resto della ge
3242 2496 3327 2554 21
2355 2505 3251 2551 brigata che gioca, s’arrampica pel muro del¬
3251 2539 3332 2589 di
2350 2536 3237 2610 Calbergo, fino al balcone dove una figura di
3253 2572 3335 2632 m
2351 2569 3248 2629 donna biancheggia nella notte estiva Come
3255 2607 3322 2654 1.
2354 2607 3246 2662 uha tenue fosforescenza, e la raccoglie nelle
2358 2645 3250 2698 braccia. Ma la donna non é Flaminia, 6 Ani¬
2365 2671 3247 2733 na, una giovinetta di Ferrara, luggita di ln
2354 2687 3326 2762 r#n suo giovane amante, Andrea Bassi, esche io
3256 2753 3326 2791 cil
2360 2739 3254 2807 abita lo stesso albergo dei Santis. Anche An¬
3262 2776 3339 2834 al
2358 2774 3247 2833 diea e via a glocare; la donna che da prinei¬
3260 2811 3334 2863 pü.
2364 2809 3255 2880 pie Predera quell’ombra il marito, riconosce
3253 2854 3321 2894 Aw
2359 2841 3258 2897 non riconosciuta Casanova; non sa dell’erro¬
2368 2878 3333 2952 re: pensa che l’uomo é venuto per lei; il re-gs
2367 2907 3321 2983 3to& chiaro. Cose che negli hötels modernl, cie
2362 2947 3343 3027 abneno, con la luce elettrica, non succedo-|30
2367 3001 2561 3052 no pill.
2405 3012 3342 3082 Ta mattina Anina scrine subito a Casanovaj ol
2365 3071 3331 3129 i biglietto; sege uomo d’onore non riflutl sie
2362 3092 3264 3147 alla donna che gli s! é donata il solo favors
2369 3125 3333 3179 Ch’ella gli chiede: ne dipende ia vita d’en-un
2374 3164 3333 3223 tramibl, fugga subito da Spa. Casanova, che#ne
3250 3197 3316 3243 d0
2364 3199 3258 3256 crede senpre d’swer davanti Flaminia, nol
2380 3228 3329 3291 pno vedere in quelle righe gli scongiurf di #e
2374 3266 3258 3323 ihranlma ancor casta. che vuole allontanatf
3260 3289 3334 3349 7
2377 3298 3262 3360 ##freita da se il ricordo del peccato e la ten¬
2850 3333 3263 3385 li interpreta secondo
2372 3350 2811 3399 tazione di Wpeterlo.
2373 3364 3267 3425 ragiene probabile, eme clie il barone ha sa
2369 3397 3263 3469 pulto tndee vuole vendicarsene. E ällora sic¬
2372 3438 3334 3495 Come nella notte ha perduto al miuoco finotecn
2380 3475 3302 3529 ##imme- durate, da Gritts un Alldrea, ehei
2370 3499 3331 3553 aveva vinto, e gli dice: & Caro amico, devoste
2375 3528 3339 3600 scappare da Spa: la ragione e questa e que- #
2381 3583 3297 3639 sta. Presttemi mille ducati. a# E gli da la let¬v
2373 3622 2512 3672 tera.
2405 3631 3322 3695 Ora tecco la perspezia) proprio nella sce-#r
2375 3695 3321 3736 ia precedente Anina avsva confessalo, adbe
2376 3717 3273 3771 Andrea, che intravvista la lettera nelle mani
2379 3754 3273 3801 del servo T’aveva Morzata à und spiegazione,
2371 3772 3265 3844 tntte guello ch’era succeduto la notte. Que¬
2394 3825 3270 3871 1a Anina hi piace; e viva, Spontähen, di¬
2375 3839 3286 3896 #lassettenne Le dobbiamno iI solo squarcio
2390 3867 3331 3942 gramente hrico di tntta la Comie la, Guan-S
2594 3924 3267 3967 sue pruno usehre da quella assür¬
2391 3936 2523 3973 410 U
2371 3947 3275 4001 tia nolte J’amore: Mi destai nel griglo
2369 3991 3258 4034 dell’alba. Ero sola, süpina, a occhi aperti:
2387 4002 3277 4070 apere tutto quello ch’era acchduto. Ancor
2398 4050 3267 4106 poche ere erima mf sarebbe parsa la piü
3265 4059 3350 4116 S
3174 4083 3257 4125 An¬
