3436 4320
815 123 1714 161 gerin nehmen ihre Fabel aus Casanovas
821 154 1708 216 Erinnerungen. Dieses Buch des buntesten
803 208 1711 264 Geschehens und der tiefen Tragik ist uner¬
801 257 1713 304 schöpflich für die Dichter. Keiner kann es
805 299 1708 363 lesen, ohne den Anreiz zu empfinden, aus
806 355 1708 409 dieser oder jener Periode des Weltlaufs
802 401 1704 462 dieses höchst menschlichen Menschen ein Werk
801 448 1706 507 zu formen, das fremdes Erleben mit eigenem
812 499 1691 564 Genuß, eigener Enttäuschung verschmilzt.
903 555 1707 618 Aber Casanovas Memoiren selbst
808 603 1706 664 sind eine Dichtung von stärkerer Wirkung,
813 655 1714 702 als alle Dramen und Novellen, die Teile
812 702 1712 756 seines Lebens in neue Formen gegossen
804 759 1703 815 haben. Seitdem erst in französischer und
811 802 1710 864 italienischer, dann in deutscher Sprache diese
804 849 1705 915 Selbstblographie des Abenteurers und Li¬
802 898 1700 950 teraten der Nachwelt zugänglich geworden
806 950 1708 1006 ist, ist sein Ruhm immer mehr gewachsen.
803 997 1705 1052 Niemand beginnt die Lektüre, der sie nicht
804 1048 1714 1102 bewegt, gerührt, vielleicht auch abgestoßen,
798 1098 1710 1156 aber immer gespannt fortsetzte bis zum Ende
812 1150 1711 1196 der neun starken Bände und dann nur des¬
812 1196 1704 1252 halb enttäuscht wäre, weil die Kraft ihres
808 1249 1714 1299 Verfassers nicht ausreichte, seinen Levens¬
805 1294 1702 1356 gang bis zum bitteren Ende des Exils im
800 1344 1702 1399 Waldsteinschen Schlosse in Dux zu erzählen.
876 1396 1701 1454 Eine Dichtung der Wirkung nach sind
806 1438 1707 1491 die Memoiren, sagte ich. Sind sie nur Dich¬
805 1483 1701 1553 lung? Sind sie Dichtung und Wahrheit
806 1547 1701 1597 vermischt? Hier ist die Aufgabe der Casa¬
792 1592 1705 1648 nova=Philologie gestellt. Was bedeuten die
798 1634 1708 1701 Erinnerungen als historisches Dokument?
803 1688 1711 1745 Wie weit darf man ihnen vertrauen? Sie
789 1751 1709 1801 bieten das lebendigste Bild des privaten Le¬
803 1785 1707 1846 dens des achtzehnten Jahrhunderts. Aber
799 1839 1713 1892 ###es ein richtiges Bild? Und nahm Casa¬
801 1890 1715 1958 nova wirklich die Stellung in diesem Leben
789 1934 1714 2001 ein, die er sich selbst zuweist? Oder ist die
795 1985 1701 2054 Erwähnung der eigenen Person in den
791 2034 1710 2083 Kreis der wechselnden Umgebung verfälscht
791 2099 1702 2151 durch das Versagen des Gedächtnisses,
794 2138 1696 2195 durch die Eitelkeit des glänzenden Betrü¬
800 2183 1705 2237 gers? Da der Glücksspieler, Verführer von
800 2236 1699 2300 Profession und Literat, gewiß nicht ohne
798 2270 1128 2344 Eitelkeit war.
868 2343 1705 2413 Einen Teil der höchst reizvollen Auf¬
788 2397 1705 2444 gabe, diese Fragen giltig zu beantworten,
804 2445 1710 2494 hat der bekannte Schweizer Publizist Pierre
799 2490 1713 2567 Grellet auf sich genommen; den Teil, der be¬
798 2538 1706 2591 grenzt ist in den Beziehungen Casanovas
786 2592 1712 2653 zu der Heimat Grellets. Was Casanova
788 2642 1705 2687 von Erlebnissen in der Schweiz und mit
798 2696 1693 2749 Schweizern in anderen Ländern ###
1554 2715 1702 2763 Groht.,
794 2738 1702 2804 #t hier an der Hand des reichen archivari¬
796 2785 1708 2844 schen Materials nachgeprüft, das jene Zeit
791 2838 1699 2891 der Memoiren und vor allem der mit Eifer
785 2884 1701 2940 und Liebe geführten Briefwechsel in großer
792 2936 1705 3000 Fülle hinterlassen hat. Man staunt über die
781 2976 1703 3049 gelehrte Akribie des Philologen Grellet, der
784 3036 1704 3081 alle Quellen kennt; noch mehr aber über die
787 3083 1705 3146 leichte Hand des Schriftstellers dessen Un¬
781 3126 1706 3186 tersuchungen nie schleppend werden; über
796 3186 1707 3244 das Talent des Kompilators, der aus so
793 3228 1697 3290 schwer sich fügenden Komponenten eine Ar¬
791 3274 1712 3338 heit voll Grazie und Charme zu bilden
793 3319 957 3390 wußte.
872 3390 1691 3452 Um den Effekt des Buches vorweg zu
780 3439 1696 3496 nehmen: was Casanova von der Schweiz
793 3487 1700 3557 und von Schweizern erzählt, findet Grellet
791 3533 1695 3593 im Wesentlichen richtig und von anderen
786 3584 1707 3652 Zeitgenossen bestätigt. Wo Ungenauigkeiten,
791 3636 1697 3699 Unstimmigkeiten in den Memoiren festzu¬
787 3675 1697 3751 stellen sind, werden sie fast immer genügend
795 3735 1695 3800 erklärt durch den großen Abstand der Zeit,
784 3787 1699 3840 in der Cgsanova schrieb, von der, in der er er¬
787 3836 1704 3890 lebte. Aber im ganzen empfängt man den
778 3876 1691 3939 Eindruck, daß der Schilderer glanzvoller wie
792 3920 1692 3982 beschämender Abenteuer kein Renommist,
787 3966 1702 4025 sicherlich kein Lügner war, sondern zu so viel
783 4025 1706 4098 anderen großen Eigenschaften auch die der
780 4065 1232 4139 Wahrhaftigkeit besaß.
1730 128 2628 164 lauf der großen Kokotte Charpillon vor und
1726 166 2624 215 nach ihrer Beziehung zu dem Verfasser der
1736 216 2625 270 Erinnerungen kennen, da sie wie man aus
1731 261 2636 306 einem Polize bericht erfährt, die uneheliche
1729 308 2637 363 Tochter der unehelichen Tochter der Tochter
1731 353 2640 407 des Pfarrers von Ableutschen im Kanton
1735 398 2637 451 Bern und also eine Schweizerin war. Die
1731 447 2630 514 Maske vom Gesicht der Madame de M. aus
1731 498 2636 552 Solothurn wird gelüstet und die der schönen
1736 547 2634 603 Patviz erstochter Sara aus Bern. Leider
1729 596 2623 644 verhindert die Dezenz den gelehrten Casa¬
1725 643 2637 702 nova=Forscher, uns Näheres von der klugen
1732 694 2632 748 und kühnen Theologin Hedwig und ihrer
1721 738 2625 794 naiven Cousine Helene in Genf zu ver¬
1721 788 2636 846 raten, die gemeinschaftlich von Casanova in
1732 839 2635 887 die Freuden der Liebe eingeweiht wurden.
1736 893 2625 940 Aber daß auch diese Figuren historisch sind,
1725 937 2632 1003 bewest Grellet, indem er den Namen des
1725 985 2630 1058 späteren Gatten der so bereitwillig ver¬
1729 1033 2233 1099 führten Hedwig nennt.
1793 1080 2623 1148 Dieses wissenschaftliche und liebens¬
1728 1133 2633 1201 würdige Buch ist nicht nur brennend inter¬
1722 1185 2625 1240 essant für alle, die Casanova lieben und
1717 1229 2629 1279 bewundern: es ist auch eine erlesene Freude
1725 1277 2623 1329 für den Bibliophilen. In den Lausannner
1732 1328 2631 1393 Editions Spes erschienen, ist es auf schön¬
1718 1376 2633 1441 stem, holzfreiem Papier gedruckt und ge¬
1722 1421 2628 1487 schmückt mit reizenden Grayüren nach Bil¬
1719 1463 2630 1540 dein und Stichen des achtzehnten Jahr¬
1724 1514 2630 1587 hunderts, die Städte, Gegenden und Per¬
1726 1571 2628 1639 sonen aus Casanovas Schweizer Berichten
1729 1621 2002 1686 wiedergeden.
2431 1619 2583 1695 R. O.
2312 1722 2481 1837 4
2115 1775 2291 1893 6
2343 1820 2417 1893 —
2308 1824 2343 1877 22
2281 1873 2512 1980 d
2199 1890 2303 2009 8
2074 1999 2218 2060 1
1900 2024 1973 2059 —
1805 2078 2055 2180 S
1766 2155 2045 2272 9
