3344 4320
2373 147 2855 251 box 33/5
217 165 2243 272 28. Die Schuestern oder Casanova in sna
647 1237 2595 1323 #: e  Temekaten und des Zenttuns, d #auchu
127 1242 561 1332 ungehrner sitsblerige
1731 1309 2911 1364 vorgegangen werden. Es sollen nicht mehr, wie dies
123 1308 1730 1384 en Zeit die unzuver= ihre Hauptwählermassen im selbständigen Bürger= und
1720 1355 2910 1410 bisher in Deutschland geschah, die Parteien die Minister
126 1360 1729 1432 Armee selbst zu zer= Bauerntum haben, müssen befürchten, bei ihnen mit den
122 1400 2891 1469 losen Haufen zu ver= so gefaßten Abmachungen schweren Anstoß zu erregen, präsentieren, sondern es soll dem zukünftigen Kabinetis¬
121 1505 542 1576 . die Erstaufführung
1720 1501 2904 1567 und was Sie, das Allermeiste jedenfalls, aus eigenem beige¬
540 1513 1724 1576 und=Drei bekommt man überdies nur die letzten drei zu
129 1552 542 1621 oder: Casanova
1729 1561 2902 1625 steuert. Bei einem Dichter ist dergleichen nebensächlich. Vor¬
542 1557 1718 1615 sehen, Donna Anna, Elvira, Zerlina, und auch von dieser
122 1601 542 1671 rer guten alten Zeit
550 1594 1730 1666 Dreieinigkeit wird bloß die arme Elvira wirklich das
1719 1607 2902 1662 allem danke ich Ihnen für die Bereicherung meiner Leporello¬
112 1648 539 1711 em Burgtheater an¬
540 1644 1724 1716 Opfer des überschätzten Herzensknickers. Mir dagegen hat
1722 1661 2909 1717 liste. Zu jenen dreihundert sind durch Ihr Stück zwei
119 1692 536 1760 vor Beginn der Vor¬
535 1696 1715 1766 man dreitausend Siege nachgesagt, die ich im ewigen Zwei¬
1713 1699 2904 1758 Nummern hinzugekommen: Flaminia und Anina, die erste
123 1737 536 1813 echtzeitig einzutreffen
537 1747 1531 1802 kampf der Geschlechter errungen haben soll. ...“
1712 1743 2909 1797 eine erfahrene Kokette, die andere ein blutjunges Ding, das
121 1793 547 1860 cht entgehen lassen
1726 1790 2910 1855 ein Signor Andrea entführt, ohne Priestersegen zu seiner
616 1795 978 1874 „Na, na ...“
130 1842 543 1900 n ich ja nicht ab¬
1713 1842 2900 1907 Frau macht und nun zu heiraten gedenkt. Doch auch diese
625 1845 1719 1917 „Sie zucken die Achsel. Sie haben recht, man kann eine
127 1875 533 1952 Vorhangs kam ich
1713 1899 2910 1957 Anina verfällt mir, allerdings nur dank einer wohlwollenden
524 1900 1715 1972 Null abschneiden von der erstaunlichen Ziffer, dann bleiben
107 1934 530 2006 ich wieder ganz un¬
1718 1940 2888 1998 Laune des Zufalls, der mir bloß deshalb seine Gunst zu¬
531 1955 1718 2014 aber immer noch dreihundert, und das ist eine Leistung,
121 1983 538 2050 owohl in kostbares
1719 1976 2903 2058 wenden kann, weil beide Damen in Spa denselben Gasthof
532 1979 1716 2062 per bacco, deren sich ein Ehrenmann — Sie nennen mich
123 2032 533 2096 hen oder wie zwei
1719 2033 2892 2092 bewohnen. Mit Flaminia war ein nächtliches Stelldichein ver¬
526 2045 1720 2100 sehr hübsch einen Ehrenmann auf Sicht — wohl rühmen
128 2070 525 2158 nsich sträflich, wo
1719 2082 2886 2147 abredet. Statt zu ihr gerate ich jedoch in das Zimmer
531 2095 1708 2155 darf. Ja, das habe ich dem Daponte gesagt, als ich ihn,
123 2120 455 2190 erhalten müßte“.
1708 2125 2888 2194 Aninas, die ihren am Spieltisch verspäteten Geliebten er¬
524 2136 1701 2201 den ich schon in Venedig kannte, hier in Wien wieder
1708 2171 2892 2246 wartet. Sie glaubt, ich sei Andrea, ich glaube, sie sei Flaminia,
125 2177 525 2259 sten eine Erfrischung
525 2187 1712 2252 antraf. Der Dilettantenarbeit seines Don Inan habe ich
1707 2204 2887 2282 und wenn sich auch das Mißverständnis ihrerseits zuletzt auf¬
530 2237 1707 2307 das Lebenswerk eines wirklichen Künstlers gegenübergestellt,
1706 2272 2893 2321 klärt, das Geschehene kann nicht ungeschehen gemacht werden.
529 2272 1716 2347 eines Großmeisters der ars amandi. Wenigstens in der
111 2267 524 2347 be dergleichen nicht
1712 2313 2886 2388 diese Nacht hatte ich doch im Paradies verbracht. Tags darauf
524 2321 1346 2405 Liebe habe ich immer bei Sicht bezahlt.“
128 2330 523 2399 heistiger Speise, wie
1711 2362 2892 2421 aber gibt es Eifersuchtsstürme zwischen Anina und Andrea.
117 2377 524 2451 Hie haben mich gut
602 2377 1696 2460 Der Dichter versuchte eine Bemerkung anzubringen,
1699 2411 2883 2469 Dieser wittert Unrat, erfährt aus dem wahrheitsliebenden
145 2422 531 2494 hwahrhaftig selber
514 2426 1116 2518 doch er fiel ihm ins Wort:
1704 2453 2891 2521 Munde Aninas das nächtliche Begebnis, greift sich an den
140 2466 529 2537 daß ich in dieser
630 2476 1700 2559 „Bitte, mich gütigst ausreden zu lassen. Was mich in
1699 2502 2882 2566 Kopf, den so unverhofft gekrönten, verwünscht die Geliebte,
130 2515 536 2587 wie mir die Wiener
519 2522 1696 2600 meier Transzendenz am schwersten drückt, ist das ewige
1694 2552 2892 2614 die unschuldig=schuldige, und es geschieht, was geschehen muß:
136 2563 522 2629 zum erstenmal in
521 2580 1694 2656 Schweigen, und so bin ich froh, wieder einmal die eigene.
1706 2599 2890 2665 das Liebespaar entzweit sich, Anina will Casanova nach¬
120 2609 513 2680 Bruder ansässig, der
514 2631 1079 2708 Stimme hören zu können.“
1703 2650 1834 2726 eilen.
115 2653 518 2726 er Brühl, während
595 2679 1074 2775 „Ich wollte nur ...“
1784 2672 2015 2761 „Ihnen.“
123 2711 516 2777 bfessor und Direktor
1783 2714 2884 2809 „Natürlich mur. Ich objektwviere mich nur, indem ich
603 2738 1697 2814 „Sie wollten mich darauf aufmerksam machen, daß ich
112 2752 515 2825 ed. Sie sehen, wir
1688 2784 2885 2847 dem Laufe Ihrer Handlung folge, und komme mir selbst
522 2790 1702 2859 bis jetzt weniger von Ihrem Lustspiel als von mir selbst ge¬
121 2799 514 2877 größte unter den
1696 2832 2883 2907 als ein Fremder vor, am fremdesten zum Schlusse, wo ich
510 2840 1694 2908 sprochen. Allein Ihr Werk, mein hochzuvenerierender Bruder
110 2837 523 2917 tier, wie die Ku..
1684 2886 2607 2969 gar zum Schiedsrichter aufgerufen werde....“
512 2889 1699 2955 in Apoll, denn ich war ja auch ein Dichter, Ihr Werk ist so
105 2892 519 2965 er Sprache — die
1776 2936 2200 3004 „Sie überspringen.“
519 2937 1703 2999 duftig, daß man fürchten muß, es könnte wie die Blume
116 2940 515 3006 en hat. Dieser viel¬
511 2981 1701 3046 durch Berührung, durch Besprechung zu Schaden kommen.
1778 2977 2883 3056 „Gzwiß überspringe ich allerhand, gelungene Ver¬
122 2993 515 3049 tre ist ein Stümper
1686 3017 2890 3100 wicklungen, hübsche Zwischenspiele, reizendes Beiwerk. Ich
119 3035 1698 3089 #te, der für Mozait] Dabei will ich weiler gar nicht untersuchen, was Sie an
110 3085 2897 3158 n diesen Tausend Siauren und Situationen etwa von mir übernehmen konnten.mill ia nur die notwendiasten Bausteine zusammenklauben
2871 4056 3250 4153 AARAR
