3344 4256
552 45 1028 119 Sner
197 107 1019 169 rsleute. Der Widerstand seiner Familie
204 162 1023 211 das arme Mädchen gibt ihm die Kraft
188 214 1029 261 ner Tat, so sehr das Abenteuer seiner
205 249 1027 309 zuwider ist, und er entführt die Erkorene
213 316 1027 360 redlichen Herzens. In Spa, dem Mode¬
189 350 1027 415 des Rokoko, begegnen wir den Liebenden
203 396 1021 460 Abenteurern und Glücksrittern. Sie
194 444 1033 506 n im Gasthof, Tür an Tür mit einem
187 501 1031 561 en Paare, dem angeblichen Baron Santis
198 555 1023 605 iner Frau Flaminia. Diese hat das gleiche
198 591 1027 657 al erfahren wie Anina. Vierzehn Jahre
194 650 1023 702 ealt, als sie Santis erblickte — was weiß
301 695 1032 743 er wurde ihr Gemahl. Seither weiß
188 739 1029 798 hr vom Laben, und aus dem Gemahl
213 787 1033 856 ein Reisebegleiter, gefällig dort, wo es
200 840 789 917 emahl nimmer sein dürfte:
533 880 994 942 Ach, wie war ich jung!
203 929 918 982 wenn ich denke, daß mich Santis liebte
194 970 998 1030 heut noch liebt, so könnt' es seltsam scheinen,
206 1016 993 1075 er mich werden ließ. Doch man gewöhnt's.
196 1058 998 1113 nichts ist lusi'ger, glauben Sie, mein Kind,
198 1114 1000 1166 Herz an Herz geschmiegt einander flüsternd
201 1158 765 1207 letzten Abenteuer zu vertrauen.
201 1200 993 1247 lachen wir! Denn, ach, die Welt ist dumm.
194 1238 572 1309 al die Männer —
191 1283 1034 1355 kan gewöhnt's. Erschrocken hört Anina
193 1341 1027 1419 d die kluge, welterfahrene Flaminia ahnt,
203 1394 1028 1454 ninas Geschick ihrem eigenen ähnlich wer¬
204 1442 295 1500 ird.
213 1470 801 1556 warum nicht? — Der Wirt
666 1529 973 1606 meinen Sie? —
204 1627 1033 1678 schwestern. Schwestern durch die De¬
196 1665 1030 1728 ungen des Lebens. Liebe schwindet hin:
207 1734 1035 1788 roße, selige und beseligende Gefühl ver¬
203 1753 1044 1831 Was bleibt, sind die kleinen Passionen
206 1823 431 1897 en Blutes.
1046 106 2004 164 Beutelsehneider wie dieser sogenannte Baron
1042 154 2002 212 Santis, sondern rechtschaffen und ein Ehren¬
1048 252 1993 312 doch. Es ist ja doch schon zu spät. Die Welt
1047 298 2000 361 in die sie mit ihrem jungen, keuschen Glück ge¬
1047 347 1997 402 flohen, sie hat sie schon in ihre Krallen gerissen.
1043 395 2000 443 Aninas Wangen sind bleich von der Nacht. Es
1047 442 1995 501 war die erste, daß Andrea nicht an ihrer Seite
1046 498 2004 549 ruhte, sondern am Spieltisch weilte. Allein
1047 536 2000 599 harrte Anina seiner. Da schwang sich über die
1046 586 1855 654 Fensterbrüstung ein Mann. Casanova?
1074 654 1750 724 Er war's. Und ch' die Lippen mir
1072 705 1850 754 Zu einem Schrei sich auftun, hat er über
1082 763 1964 811 Die Brüstung ins Gemach sich frech geschwungen,
1081 795 1110 829 □
1075 801 1789 857 Ist mir so nah, daß über meine Lider
1081 848 1878 904 Sein Atem weht, daß seiner Pulse Beben
1076 898 1939 945 Den meinen sich gesellt; — in seinem Hauch —
1087 933 1976 987 Der kühl und heiß zugleich — kein Kuß, viel eher
1085 978 1988 1035 Ein Flüstern ohne Wort, ein Fleh'n, ein Bann —
1079 1019 1933 1078 Doch endlich, ach, von meinem Mund ersehnt,
1084 1070 1959 1109 Zum Kusse wird — löst all mein Sein sich auf,
1103 1113 1906 1157 Und auf den Traumeswellen dieser Stunde,
1096 1156 1910 1202 Vergang'ner nicht, zukünft'ger nicht bewußt,
1083 1199 1910 1249 Treibt es, wie von sich selbst befreit, dahin. —
1079 1246 1855 1294 Als ich erwachte in des Morgens Grau'n
1085 1285 1876 1338 War ich allein und lag mit off'nen Augen
1084 1333 1897 1393 Und wußte wohl: was diese Nacht geschah; —
1078 1378 1971 1419 Nicht andern nur, mir selbst, Andrea, wär' es
1079 1420 1967 1481 Vor wenig Stunden noch wie schwerste Schuld —
1078 1468 1969 1520 Und nicht nur wider dich als Schuld erschienen.
1080 1516 1938 1568 Und doch — war meine Seele leicht und froh.
1077 1558 1964 1594 Dies aber ließ mich staunen mehr als schauern. —
1082 1592 1858 1642 So ganz in dir beschlossen gestern abend,
1073 1645 1860 1698 Daß der Gedanke nur, ein andrer Mann
1085 1687 1860 1742 Berührte meine Hand unlautern Sinns
1082 1720 1930 1792 Mit Eke' mich erfüllt — und morgens d'rauf
1080 1779 1865 1827 Aus eines Fremden wildester Umarmung
1077 1827 1867 1897 So reulos wie aus Kinderschlaf erwacht?!
2064 89 2832 142 Und deiner Zärtlichkeit so wert, Andrea,
2058 130 2944 179 Als müßte, was ich grausam dir an Schmerzen,
2064 178 2828 234 Was du an Zorn mir vielfach wiedergibst,
2054 223 2835 274 Vor dem geheimnisvollen Wort verwehn,
2051 268 2941 320 Das dir bekennt, was man verschweigen konnte.
2108 327 2989 380 In diesen klangschönen und ergreifenden
2025 387 2990 436 Versen steckt der Schlüssel, der den Konflikt auf¬
2036 423 2982 486 schließt. Aninas Geständnis trifft den
2030 472 2994 535 braven Bürger Andrea Bassi, wie es jeden
2017 528 2992 577 Mann seines Schlages treffen würde. Er kann
2026 574 2989 621 darüber nicht hinweg. Erst als es klar wird, daß
2023 626 2988 677 diese Liebesnacht ein Mißverständnis war, da
2032 666 2990 720 Casanova, von Flaminia zu einem Schäfer¬
2031 725 2985 775 stündchen geladen, diese in seinen Armen zu
2028 768 2998 830 halten glaubte, und somit zwar Anina besessen
2033 816 2992 885 hatte, aber ihrer Ehre nicht nahegetreten war,
2035 863 2983 919 schwingt sich, genau wie Noros Gatte, der
2026 914 2986 970 Rechtanwalt Helmer, Andrea Baßi zum Ver¬
2032 958 2994 1023 stehen und Vergessen auf, aber ebesso wie Nora
2031 1009 2991 1068 will auch Anina nun ihr eigenes Leben suchen.
2023 1057 2989 1111 Neu fängt ihr Leben an, und keiner ist darin,
2022 1107 2997 1164 nicht Bassi und nicht Casanova. Obzwar, diesen
2038 1155 2896 1235 liebt sie jetzt, und jetzt erst wird es Glück
2101 1238 2989 1294 Bis hierher ist Anina, von der ihre
2023 1281 2989 1336 Kontrastfigur, die animalische Sizilianerin
2032 1335 2994 1393 Flaminia, sagt, daß sie fast eine Deutsche ist,
2031 1383 2994 1433 von durchaus nordischen Empfindungen be¬
2031 1426 2995 1477 wegt und getragen, bis hierher kämpft sie um
2029 1472 2998 1530 das Recht und den Wert ihrer Persönlichkeit.
2025 1529 2997 1582 Aber von dieser Stelle an biegt der Dichter ihre
2035 1585 2991 1636 Gestalt ins Südliche um, wendet sie in die
2027 1626 2992 1677 heiteren, von Konflikten nicht so sehr als von
2038 1671 2986 1727 Intrigen aufgerührten Bezirke Boccaccios. Wir
2025 1721 2992 1778 sehen plötzlich eine andere Anina, die einem
2039 1775 2985 1828 Schäferspiel gehört, uns fremd wird und uns
2021 1817 2225 1877 kühl läkt.
2219 1819 3012 1895 Die Kaitalt, fällt, wird Figurine, und
2215 1921 3197 2006 das reizvolle, geistsprühende Schäferspiel be¬
2217 1992 3088 2054 herrscht von nun an völlig das Interesse.
2311 2024 3187 2090 Andrea Bassi wirft die Frage auf, welche
2217 2077 3195 2144 von den Frauen, ob Anina oder Flaminia, bei
2217 2124 3186 2185 dem Abenteuer eigentlich betrogen wurde. Da
2223 2175 3198 2242 keine Einigung erzielt werden kann, wird Santis
2226 2219 3195 2292 als Schiedsrichter angerufen. Um hen wahren
2226 2253 3194 2325 Charakter der Dinge zu verhüllen, Reidet Bassi
2228 2318 3188 2382 den Konflikt geschickt in die Form einer Novelle,
2228 2367 3189 2441 zu der ihm bloß die Pointe fehle. Aber auch dem
2229 2430 3185 2487 ahnungslosen Baron wird der Fall nicht klar,
2225 2467 3197 2529 und so wird — wer wäre berufener in Liebes¬
2219 2534 3193 2580 dingen mitzusprechen? — Casanova zur Lösung
2224 2565 3194 2627 der Streitfrage bemüht. Man trägt ihm den
2229 2619 3200 2681 Fall vor, er errät, worum es sich handelt und
2230 2676 3194 2734 daß er in dieser Nacht einen Sieg errungen, der
2230 2713 3193 2780 keiner war. Und somit entscheidet er: nicht die
2224 2766 3196 2826 Frauen sind betrogen, betrogen ist der Mann.
2227 2811 3198 2889 Denn die Frau, die ihn erwartete, besaß er nicht,
2230 2862 3197 2933 und die andere, die er besaß, war doch nicht die
2227 2913 3193 2990 seine, da er sie erkannte, ohne sie zu erkennen.
2229 2963 3201 3013 Er steht allein, und es erfüllt ihn ein Gefühl wie
2226 3013 3201 3086 Neid, da er die Frauen sieht, die ihren Streit
2232 3058 3192 3136 um ihn vergessen haben, Arm in Arm wandeln
2227 3120 2710 3185 und Schwestern sind.
2321 3150 3197 3220 Schnitzlers neue Dichtung leidet an dem er¬
2236 3208 3205 3271 wähnten Mangel in ihrer inneren Struktur. Aber¬
2226 3256 3206 3313 ihr äußerer Aufbau ist meisterhaft geglückt und
2237 3312 3208 3369 rühmenswert. Wie da die Fäden ineinander ge¬
2230 3356 3202 3414 schlungen sind, wie jedes Motiv ausgenützt wird,
2233 3400 3205 3479 wie die Retardationen geschickt angebracht sind,
2232 3451 3212 3520 das ist das entzückende Spiel einer leichtblütigen
2234 3502 3213 3570 und glücklichen dichterischen Lanne. Man gibt
2229 3552 3200 3607 sich willig dem verwirrenden Reiz der Intrige
2235 3600 3201 3654 hin, freut sich der plastisch herausgearbeiteten
2234 3649 3203 3704 Charaktere und ist nahe daran, sich von den an¬
2228 3703 3205 3756 mutig hinfließenden, an sinnlichem Wohlklang
2234 3755 3204 3807 überreichen Versen die kritischen Bedenken ab¬
2233 3808 3206 3859 schmeicheln zu lassen. Dem Dichter, dessen Ver¬
2235 3838 3202 3911 liebtheit in das Werk man aus jeder Zeile spürt,
2231 3882 3185 3966 mag es ebenso ergangen sein. Leo Prerovsky.
