3344 4320
793 41 2137 122 neder dr den Hander mit all seinen Wirrnissen und Fährlich¬
794 111 999 171 nach dem
1018 116 2146 179 keiten gleichsam als unparteiischer Fachmann schlichten soll. Er
784 158 997 218 elplatz
1014 160 2153 228 nun erklärt den Helden für betrogen, da er die eine für die
771 202 1003 269 el, der ein
1008 213 2149 260 andere nahm, in Wahrheit also keine ganz besaß. Diese kecke
1017 257 2153 330 Wendung befreit Casanova nicht, vielmehr wird er selber von
771 294 994 360 gie dem
1010 316 2140 362 einer dritten Frau befreit, von der Tänzerin Theresa, die
781 350 995 410 inmaligen
1013 350 2150 412 ihm nachgereist ist, um ihn wieder mit sich zu nehmen
795 400 993 459 daß das
1035 405 2148 453 — wer weiß, wie lange? Schließlich sind um des
775 446 994 507 ehmigte er
1010 448 2147 496 einen Casanova willen alle Frauen „Schwestern", ver¬
782 493 994 556 emüse¬
1008 498 2153 548 bunden durch das Verlangen der Sinne, das zu be¬
809 540 992 613 Setzlinge
1006 545 2153 617 friedigen Sinn und Vorrecht der Jugend ist. — Gerade dieses
1005 601 2144 657 Thema hat Arthur Schnitzler vor nicht langer Zeit in
1020 641 2152 693 einer schönen Novelle „Casanovas letztes Abenteuer“ behandelt,
1012 693 2145 740 vom Standpunkt des alternden Mannes, über den die Jugend
1017 739 2150 792 hinweggeht. Der innerlich verlöschende, noch einmal aufflackernde
1021 787 2152 832 Casanova war von dem Dichter, dem die Jahre zu
778 790 990 882 rwoche.
1015 832 2156 900 seinem sanft skeptischen Verstehen noch die Milde des Ver¬
774 870 988 929 folge der
1008 885 2138 943 zeihens und Verzichtens hinzugefügt haben, erschaut und
780 914 993 981 nördlichen
1004 932 2149 982 gestaltet. Der junge Casanova aber, um den wie
778 962 990 1032 glich, der
1000 985 2145 1045 in dieser neuen Komödie „Die Schwestern" oder
772 1011 992 1072 ere Menge
1010 1013 2142 1093 „Casanova in Spa“ die Frauen sich noch mühen,
762 1058 992 1124 Laufe des
1008 1078 2149 1127 dem ist die sozusagen mehr gedankliche Erotik nicht
767 1109 989 1166 e ein und
1010 1123 2148 1175 angemessen. Hier glüht's nicht von Liebesenergie, hier glitzert
808 1152 989 1214 eine für
1009 1167 2151 1237 nur die Rede von witzigen Wendungen, geistreichen Bemerkungen
765 1204 987 1264 ugewiesen.
1023 1217 2143 1268 — ein Problema der Dialektik ums andere kann nicht die
781 1253 984 1311 der Mehl¬
999 1266 2146 1313 Kraft der Sinnlichkeit, und wär's auch nur Sinnlichkeit des
779 1301 990 1381 igen auf
996 1318 2148 1367 dramatischen Vorganges, ersetzen. Ueber die Längen des zweiten
1007 1364 2145 1407 und dritten Aktes helfen die hübschen Einfälle des Dichters
769 1371 984 1461 onen aus¬
1002 1408 2147 1468 hinweg — ein schwächerer Schnitzler bleibt immerhin noch ein
775 1443 982 1511 zögerung
1008 1453 2138 1509 Schnitzler —, vor allem aber auch die Darstellung. Frau
768 1494 979 1569 des Ver¬
1009 1504 2132 1560 Aknay insbesondere hat die Rolle der einen Frau mit einer
766 1549 889 1602 en.
996 1567 2141 1622 Intensität angepackt, mit einer brennenden Energie durch¬
1008 1592 2145 1671 geführt, die nicht unbelohnt bleiben konnte. Nur vor einem
776 1613 980 1691 Zeit für
1002 1658 2137 1721 Ueberspannen ihrer Stimmkraft mag die Künstlerin sich hüten
778 1675 984 1729 auf den
1000 1702 2141 1748 Mit dieser ganz vortrefflichen Annina hat Frau Aknay sich das
777 1708 983 1776 1 Winter.
997 1751 2140 1822 Recht auf manch andere Rolle erspielt. Vorzüglich auch Frau
771 1761 990 1821 tner und
1000 1801 2144 1845 Albach=Retty, die freilich das erfahrene Weib ein
770 1808 985 1868 isen und
997 1851 2137 1896 bißchen höher in die Jahre transponiert, als der Dichter
776 1849 990 1914 Mengen
765 1897 987 1954 and das
1001 1898 2149 1948 vorschreibt. Sehr gut in der kleinen, aber schwierigen Rolle
778 1937 990 2000 r Aepfel
1000 1950 2134 2010 der Tänzerin Frau Marberg. Den Casanova gibt Herr
775 1982 995 2040 während
1005 1996 2133 2056 Treßler sehr überlegen, sehr gewandt, voll Laune, nur ein
775 2027 990 2090 n Menge
1002 2040 2147 2090 bißchen gelegentlich als Abenteurer zu wenig großer Herr,
794 2070 986 2129 übrigen
995 2078 2137 2152 mehr Beutelschneider. Casanova war das eine wie das andere,
775 2114 988 2170 aut groß,
1005 2138 2140 2194 doch alles nur in der einen Maske des bezaubernden
827 2155 984 2214 fehlen,
1006 2182 2132 2227 Eroberers. Die Liebhaber werden von den Herren Schott
778 2188 978 2256 er Groß¬
997 2233 2139 2285 und Dannegger dargestellt, dieser der rechte Zuhälter,
762 2239 974 2297 ornedbeef
993 2286 2130 2345 jener der unreife junge Mensch, der eher noch
767 2286 983 2342 gte noch
992 2326 2144 2389 in der Philosophie als in Liebesangelegenheiten
1001 2367 2141 2434 zurecht kommt, das Leben tragisch nimmit, statt es zu genießen.
771 2372 972 2426 die Höchst¬
773 2410 976 2468 onig und
993 2418 2133 2481 Beide sehr gut. Herr Dannegger gewinnt seiner Rolle alle
804 2453 981 2508 nachdem
999 2460 2142 2510 Möglichkeiten ab, Herr Schott überwindet die undankbaren
789 2475 981 2539 hat. Den
995 2511 2139 2573 Schwierigkeiten der seinen auf die beste Art. Den altgewordenen
773 2531 979 2580 dies nur
992 2560 2132 2613 Liebeshelden, der nur noch die jüngeren Casanovas beschützt,
769 2569 970 2621 iebe knapp
768 2608 970 2661 10 Prozent
991 2613 2135 2673 um den Abglanz der genossenen Jugend nicht zu verlieren,
773 2644 977 2697 ichert, es
994 2660 2137 2716 gibt Herr Heine mit der erforderlichen lächelnden Ironie.
776 2679 978 2741 gung des
993 2705 2134 2757 Prächtig wiederum der junge Thimig als pfiffiger Junge.
803 2726 974 2776 als auch
1004 2756 2134 2806 Aber dieser Art Rollen scheint er nun doch entwachsen; seit
786 2761 979 2815 rbesondere
769 2800 987 2851 nindestens
1005 2797 2135 2853 seinem „Tyrannen“ ist in diese Lustigkeit ein Tropfen innerer
770 2845 978 2894 n Zuckers
996 2848 2129 2901 Trauer gefallen, der die Piccolo=Scherze für ihn unerträglich
778 2883 983 2940 erwenden.
1005 2893 2133 2943 macht. Die Darsteller alle hätten es verdient, mit dem Dichter
777 2922 977 2980 nstag ge¬
984 2935 1810 2997 zu erscheinen, der wiederholt gerufen wurde.
1947 2943 2099 3018 D. B.
783 2968 976 3021 es Rauch¬
782 3002 978 3057 lauf. Ein
1104 3004 2129 3069 Deutsches Volkstheater. Ludwig Andersen vom
782 3044 978 3095 Vor dem
1003 3046 2125 3116 Grazer Stadttheater spielte den Georg von Hartwig in
786 3082 977 3140 wicht von
1004 3098 2124 3151 Sudermanns „Johannisfeuer“. Ein sympathischer und
849 3123 980 3173 d also
994 3150 2132 3191 tüchtiger Schauspieler, der sich trotz Sudermann von jedem
864 3163 972 3215 nittel“
988 3197 2131 3247 falschen Tone freizuhalten weiß. Man könnte sich den Hartwig
990 3247 2128 3293 härter und leidenschaftlicher wünschen, aber vielleicht würde der
791 3230 975 3301 gsbeschä¬
787 3288 973 3337 sse Nr. 5,
996 3292 2132 3337 Ausbruch elementarer Leidenschaft das unechte Material der
774 3328 977 3382 kauf, das
993 3341 2128 3383 Sudermannschen Architektur zerbrechen. Ein junger Schau¬
772 3357 980 3414 der Otts¬
1002 3389 2137 3438 spieler, der sich einem fremben Publikum vorstellt, sollte nicht
772 3403 978 3453 ittelaktion
994 3449 2062 3499 genötigt sein, mit der Unwahrheit seiner Rolle zu kämpfen.
772 3443 978 3496 je, Zwirn
768 3481 910 3550 onen.
1944 3481 2095 3564 A. G.
1100 3513 2122 3586 Arbeitervorstellung im Burgtheater. Heute wird
1011 3577 2136 3626 „Macbeth“ wiederholt. Beginn ½5 Uhr. Während des
1007 3627 1653 3682 Spielens kein Einlaß!
778 3652 980 3725 ation der
1113 3662 1991 3717 Volksoper. Morgen Sonntag Smeta
778 3708 975 3777 politischer
995 3711 2140 3783 „Verkaufte Braut“ mit Hans Ziegler von Operntheater
1004 3748 1181 3798 ald Gast.
769 3754 980 3819 sung des
779 3803 989 3866 aritätische
779 3849 989 3910 und die
1242 3831 1874 3954 Gerichtssaal.
772 3901 986 3971 ngszulage
768 3946 982 4008 brochenen
1099 3962 2043 4047 Wie es in der alten Armee aussah.
772 3995 987 4058 Arbeits¬
1001 4034 2139 4116 Die Bewacher des Kaisers bekamen kein Obdach und
781 4047 980 4105 enommen
1389 4078 1732 4145 keine Nahrung.
771 4094 993 4152 ingswesen
1555 4136 1623 4168 Wee
2690 4057 2993 4150 —
