3392 4320
2358 111 2819 209 box 3375
201 123 2216 218 28. Die SchuesternoderCasanovainSna
700 1110 1851 1217 knstand, fernee die altgemeine Gemütsdepression, die
1877 1142 3015 1240 für Zeutralenropa wichtigen Frage befaßt und unter
3025 1158 3278 1239 Reihe von
693 1185 1856 1268 den Juden besonders drohenden Gefahren, so jene der
1862 1212 3022 1293 anderem beschlossen, den Weltverband vom Roten Kreuz
3026 1222 3280 1285 eingeleitete
691 1229 1853 1317 Ausweijung, die Notwendigkeit politischer Abwehr¬
1864 1252 3011 1340 einzulaben, sich in den Dienst dieser Bekämpfungs¬
3033 1274 3290 1345 keiten beim
688 1279 1858 1379 kämpfe, die Geldentwertung, welche jede Anstrengung
1855 1309 3005 1389 aktion zu stellen. Der britische Zweigverein vom Roten
3018 1308 3303 1398 die Erstatt
694 1329 1849 1416 für den Vollsschatz hierzulande als wenig praktisch er¬
1859 1358 3009 1435 Kreuz hat denn auch zu diesem Zwecke eine eigene Ab¬
3021 1371 3295 1435 häubler Ha
1951 1461 3009 1528 Nach diesem heldenmütigen Geständnis schickt sich das
3025 1466 3279 1533 Theater eilt.
698 1468 1846 1579 Schnitzlers „Die Schwestern“.
1865 1500 3010 1560 Luftspiel an, mit cherber Gebärde ins Tragische zu schreiten.
3010 1512 3287 1596 ein wenig m
1865 1550 3012 1626 Andrea derstößt die edle Anina schmachvoll und sie erkennt,
874 1551 1666 1646 (Ausgeführt im Burg'heater am 26. März.)
1856 1597 3009 1674 daß er ihrer Liebe nie wert war. Nun erfährt aber der
789 1606 1842 1709 Und es geschah, daß Jasanova im 32. Jahre seines be¬
1856 1660 3013 1723 empörte Andrea, daß Casanova sich tatsächlich bei Flamima
688 1679 1816 1754 wegten Lebens — es war zu Spa in einer Sommernacht —
1854 1697 3012 1780 wähnte und nicht ahnt, Anina in die Arme geschlossen zu
691 1729 1843 1804 zn ein unrichtiges Fenster stieg. Der leuchtende Leib der
1842 1738 3007 1821 haben. Uaberglücklich bietet Andrea seiner Geliebten die Hand
689 1778 1844 1846 feinen Unina, die sehnsüchtig ihrem Geliebien entgegenseufzt
3019 1767 3101 1845 jun
1852 1800 3002 1866 zur Versöhmung. Sie aber weist ihn mit dem Ausruf zurück:
688 1823 1846 1889 (er betweilt Unverzeihlich lang am Spieltisch). hatte ihm den
3013 1840 3099 1894 sein
1862 1854 3004 1907 „Jetzt lieb ich ihn und nun erst wird es Glück!“ Die Situa¬
671 1866 1846 1953 Weg gewiesen. Der Vielbeweibte wähnt sich bei der leichten
3009 1884 3098 1945 läch
1850 1886 2999 1957 tion wird noch banger, da Flaminia — aus dem Munde
687 1913 1843 1995 Flaminia im Bett, die ihn für diese Nacht bestellt hatte und
3012 1927 3094 1996 den
1854 1946 2996 2016 Andrea's — kund wird, wer sie um die Freuden der jüngsten
672 1987 1842 2054 im Gasthofe das Nachbarzimmer bewohnt. Anina, der folches
3005 1980 3084 2049 ern
1854 1992 2994 2062 Nacht gebracht hat. In heißer Eifersucht will sie der Neben¬
677 2016 1834 2105 widekfuhr, keilt das Erkehnts am nächster Nor#n ihrem
3004 2039 3088 2093 pre
1853 2032 3002 2114 buhlerin mit einem Haarpfeil die Augen durchbohren („da die
676 2071 1051 2139 Andrea also mit:
1863 2090 3003 2169 finkt're Nacht dir hald gesinnt, sei ewig sie um dich"), in
891 2118 1415 2204 Und eh die Lippen mir
1856 2144 3003 2208 Amna regt sich immer lecker die ewig weibliche Luft des
3006 2190 3076 2236 —
772 2148 1628 2232 Iin einem Schrei sich auftun, hat er über
1852 2181 2997 2267 Kampfes mit der Nebenbuhlerin um den Mann, sie tritt reisig
784 2217 1728 2290 Die Brüftung ins Gemach sich frech geschmungen,
3012 2224 3070 2286 tic
1838 2239 2996 2317 in den Weltbewerb um den Einzigen — — da erscheint auf
786 2266 1608 2326 #st mit so nah, daß übet meine Lippen
3013 2281 3072 2334 al
1844 2288 3001 2362 der Bildfläche die Tänzerin Theresa und nun wird's wirklich
785 2305 1607 2364 Sein Ntem weht, duß jeiner Pulse Beben
2997 2326 3062 2398 ri
798 2333 1679 2408 den metnen sich gesellt:  in seinem Hauch —
1847 2344 2994 2406 ein Lustspiel. Unter allen Frauen, die Casanodas Wege
3011 2381 3068 2437 ge
790 2360 1722 2450 Der fühl und heiß zugleich — kein Klß, viel eher
1842 2389 2992 2460 treuzten, ist sie just die Papagena, die zu diesem Pap igeno
782 2417 1728 2481 Ein Müstern ohne Wort, ein Flehn, ein Bann
3003 2430 3092 2488 Ra
1848 2434 2998 2508 gehörk. Siebenswürdig=untreu, aller Lusi ergeben, und doch
781 2450 1673 2521 Dech endlich, ach, von meittein Mund ersehnt,
2998 2476 3109 2535 Men
1852 2487 2984 2559 seine geliebteste Gefährtin, weil, wie Casanova so schön sagt,
780 2494 1614 2547 um Kusse wird — löst all mein Sein auf.
3001 2519 3297 2586 uns jener 1##
1849 2536 2994 2608 sie aus fremben Armen zu ihm zurückkehrt und es nur eine
776 2532 1633 2606 Und auf den Traumeswellen dieser Stunde,
770 2574 1619 2632 Bergang ner nicht, zukünft'ger nicht bewußt,
2998 2563 3288 2657 Besitz zu eig
1834 2580 2977 2669 Ttene gibt: „Die Wiederkehr, von wo es immer sei.“
773 2610 1609 2704 Treibs #) wie von sich selbst befreit, dahint.
1918 2646 2916 2722 Ich frage Sie, mein Freund, gibt's beff're Treue,
995 2671 1095 2735 —
3083 2669 3285 2750 Die Frei
1905 2686 2831 2768 Gibi's, frag' ich klarer noch, gibt's eine and're
3017 2727 3298 2795 Schnitzlers ist
760 2701 1709 2798 Richt andern nur, mir selbst, Andrea, wäre ei
1915 2746 2843 2822 Auf Erden zwischen Mann und Weib, Andrea,
770 2769 1666 2833 Vor wenig Stundon noch die schwerste Schuld
1911 2784 2606 2842 Als die Theresa eben mir erwies?
3008 2782 3294 2837 man sollte es
773 2808 1711 2881 Und nicht nur wider dich als Schuld erschienen
1902 2810 2897 2893 Sie lehrte mir zukück. Nur das ist Treite,
3014 2830 3288 2897 für möglich he
760 2851 1669 2926 Und doch — war meine Seele leicht und froh.
1899 2859 2701 2931 Die einz'ge, die mit Fug so hrißen darf.“
3002 2878 3290 2941 Handlung, wir
994 2895 1179 2949 — —
1569 2896 1774 2978 — — —
1916 2902 2978 2988 Theresa überblickt mit anmutiges Fröhlichkeit und
2996 2931 3286 2993 immer breitsp
753 2928 1567 3010 So #culos wir aus Kindesschlaf erwacht!?
1834 2945 2984 3047 Kenneränge, was geschehen ist, sänftigt die Wogen, bringt die
2995 2980 3286 3047 der Schnitzlerf
768 2988 1547 3051 Unfaßhaf gestern noch und heut erlebt!!
1843 3015 2978 3089 zwei feindlichen Frauen schwesterlich zusammen und läßt
766 3028 1541 3095 Und fühle mich die alriche, die ich war,
2994 3026 3273 3090 er sich selten
792 3066 1447 3127 unvermaupelt und so ullverwiert
1827 3062 2990 3128 versöhnte, lachende Menschen zurück, während sie mit ihrem
2994 3070 3293 3139 die den heiter
757 3073 909 3161 T
1006 3092 1645 3182 L#l##lei is #r Mudroa
1832 3118 3286 3220 Casanova in sausender Karosse nach Wien aus kaiserliche Auch muß i
