3392 4352
541 177 908 263 Prodiem, wie solgt:
173 206 522 259 läßt sich Ca anova
176 246 519 298 seinen betrogenen
864 244 1497 305 „Die eine die versprochne Gunst
167 286 515 341 n. Er glaubt noch
608 292 1491 348 Wies immer kam — dem Jüngling vorenthielt,
163 330 520 385 bekannten Baronin
560 325 1365 387 Die ndre, die ihm höchste Huld gewährt
183 357 529 426 o nicht, daß es
552 374 1449 440 Doch wie chs auch gefügt, nicht als sie selbst.
188 412 527 466 des sonst so ge¬
550 419 1305 481 Und o erscheint in diesem Zu alls.piel
188 443 523 513 hocherfreut und
556 449 1411 529 Die eine nicht und nicht die andere, sondern
186 490 525 553 Bei piel dran!)
559 499 1324 576 Der gute Jüngling als zumeist betrogen.
242 537 521 593 aber erklärt
558 534 1288 599 Und rühmt er etwa seines Sieges sich,
253 575 522 638 ihres Ver¬
552 573 1409 645 Als Lügner müßten beide Fraun ihn schelten,
176 609 528 681 das nächtlicher
553 620 1437 705 Denn wenn mans recht erwagt besaß er keine.“
165 661 513 732 bedetermaßen der
618 672 1523 760 Man wird nicht mit Unrecht einwenden, daß
170 709 498 767 na erst recht böse.
508 717 1513 802 wir dermalen andere Sorgen haben, als uns für
173 751 501 813 rgessen, sie packt
511 767 1513 840 solche Minnegerichtsfragen zu interessieren, aber
163 796 503 854 hen. Im rechten
507 814 1513 889 Schnitzler wird dagegen behaupten, daß die von ihm
162 839 498 900 , die das uner¬
514 863 1513 932 geschilderte Sippe des achtzehnten Jahrhunderts eben
177 879 503 943 iben veranlassen
509 897 1511 978 keine andere Sorgen hatte. Da kann man nichts
169 923 498 989 alt erfährt. Sie
513 943 1510 1000 machen. Und wie endet das Lustipiel? Mit einem
173 964 493 1033 geliebten süßen,
502 980 1515 1049 neuen Mißverständnis. Der Dichterjüngling zückt den
168 1015 493 1074 nge gedarbt; sie
511 1024 1519 1110 Degen gegen Casanova, aber die Baronin sucht das
189 1059 492 1120 Verruchte, Ver¬
509 1067 1510 1156 Duell mit dem Aufschrei: „Mein Casanova!“ zu
202 1103 491 1156 was erwidert
505 1115 1521 1187 verhindern, worauf wieder der Baron vom Leder
223 1145 490 1205 beide Frauen
506 1156 1501 1241 zieht, weil er glaubt, seine Frau sei das
182 1185 491 1256 tscheidung treffe,
498 1195 1508 1274 Opfer der Verwechslung gewesen. Das Problem
178 1231 495 1292 ihn habe. „Ge¬
497 1242 1504 1327 bleibt ungelöst, aber der Lustspielknoten wird von
187 1278 486 1334 sagt sie. „Das
504 1294 1517 1372 einer alten Liebe Casanovas, der Tänzerin Teresa,
201 1321 485 1380 die brünstige
490 1337 1502 1397 entzweigehauen, die nach einer längeren Pause der
168 1357 480 1424 k Nacht geschentt,
493 1381 1512 1454 Treulosigkeit reuig zurückkehrte und ihn nach Wien
163 1397 1500 1495 arf er wählen.“ entführt, wo sie in der damais noch forestlosen Zeit
177 1454 1500 1524 zurückkellen und ein Engagement an der kaiserlichen Oper mit einer
177 1497 1493 1591 ch behalten. Sie Jahresgage von 6000 Gulden annahm. Casanova
183 1550 1500 1631 g zum Liebes= folgt ihr, gibt aber vorher dem betrogenen Poeten
177 1578 672 1653 rin ihre Perlen den Ra¬
672 1601 1491 1685 sich mit seiner Anina auszusohnen.Unn
671 1669 1676 1756 dazu belehrt er ihn, daß es keine andere, keine bessere
668 1740 1673 1814 Treue gebe auf Erden, als die Teresa eben ihm
665 1777 850 1845 bewies:
804 1795 1678 1885 „Sie kehrte mir zurück. Nur das ist Treue,
789 1868 1610 1928 Die einz'ge, die mit Recht so heißen darf.“
782 1908 1685 1980 Ob wohl Schiller an eine solche Wieder ehr
659 1941 1672 2018 dachte, als er den Satz niederschrieb: „Und die Treue.
674 2009 1678 2069 sie ist doch kein leerer Wahn!" Zum Schlusse gehen die
669 2035 1689 2126 drei Frauen, „in tiefster Seele Schwestern“ (1) Hand in
670 2091 1680 2133 Hand in den Garten. Anina ruft zärtlich ihren Verlobten
672 2135 1673 2192 und die drei Männer setzen sich versöhnt zu Tisch.
671 2185 1677 2239 So endet das Lustspiel, in welchem überdies ein alter
669 2225 1681 2264 holländischer Offizier als abgeklärter Ex=Casanova
659 2264 1677 2308 philosophiert und ein 15jähriger Kellner als zutünf¬
658 2317 1675 2369 tiger Casanova brünstelt, vorausgesetzt, daß er auch
667 2354 1677 2401 Talent zum Schriftsteller hat. Sehr geschickt sind viele
660 2388 1692 2458 Charakterzüge aus dem Leben des Herzensstapters in
658 2432 1682 2505 den Dialog verflochten. Und wie aus den Memoiren.
663 2480 1682 2545 läßt sich auch aus der Komödie schwer erkennen, was
670 2530 1682 2598 an ihm wahr, was falsch ist. Darüber könnten viel¬
661 2579 1676 2642 leicht die vielen-tausend Briefe an Casanova Aufschluß
665 2625 1673 2674 geben, die sich noch immer im Schlosse zu Dux
656 2660 1476 2716 feinem letzten Zufluchtsorte, befinden sollen.
782 2705 1675 2763 Otto Treßler spielte den Abenteurer. Er
667 2747 1683 2803 brachte selbstverständlich den dazu erforderlichen
660 2787 1682 2838 Humor auf. Ob er das Betörende, Bezaubernde,
666 2840 1671 2879 Berückende des großen Fraueneroberers besitzt, das
656 2884 1668 2935 zu beurteilen sei der holden Weiblichkeit überlassen.
662 2926 1678 2967 Frau Aknay war die kleine Anina. Recht nett in
655 2977 1675 3028 der stillen Erinnerung an die vor allen anderen
654 3018 1682 3089 Nächten ausgezeichnete Nacht, aber zu heroinenhaft
660 3056 1672 3119 in den Ausbrüchen der Entrüstung. Herrn Schott,
664 3103 1679 3141 dem Jüngling mit den illegitimen Hörnern, wuchsen
656 3139 1681 3203 auch noch die Jamben über den Kopf. Er sollte sich
663 3182 1684 3253 eine stattliche Anzahl davon streichen lassen,
652 3217 1678 3290 besonders in der fingierten Novelle. Sehr wirksam
659 3261 1681 3330 Frau Albach=Retty als Baronin, nur zu wenig
661 3330 1684 3392 Losgängerin. Mit mehr Leben müßte auch Fräulein
660 3364 1673 3410 Marberg als Tänzerin die Bühne füllen. Im
661 3406 1681 3443 Buch hat die Figur mehr Blut, als auf dem Theater.
665 3442 1674 3506 Das soll nicht sein! Direktor Heinegab den Vergnüg¬
652 3492 1672 3553 ling der Vergangenheit zum Schlusse viel besser, als
654 3542 1674 3596 za Anfang. Da war er leider zu undeutlich. Um so
665 3581 1680 3631 klarer und deutlicher sprach Herr Danegger den
661 3629 1675 3684 Baron. Der junge Thimig als Casanoverl zog
668 3665 1675 3732 sich vorschriftsmäßig ohne Anstand aus der Affäre.
656 3709 1681 3787 Das Publikum watete vergnügt in einem Meer von
658 3751 1662 3805 Erotik und jubelte zum Schlusse den Dichter unzählige
657 3794 1677 3854 Male vor die Rampe. Besonders heftig applaudierten
652 3843 1672 3877 viele junge Damen in den Logen und im Parkett — es
653 3887 1667 3933 gibt wirklich keine Komtessen mehr! Wann wird
655 3927 1674 4009 Schnitzler zu dem Einen Punkt, aus dem der Weider
666 3966 1676 4048 ewig Weh und Ach zu kurieren ist, den Schlußpunkt
650 4009 1121 4084 setzen? Ich glaube, nie!
2263 447 2946 561 #iter Zeitung, Wien
2094 657 2531 751 27. März 1920
2745 667 2984 752 Nr. 88
2475 724 2539 789 —
2156 780 2815 896 Kunst und Wissen.
2005 881 3037 954 Burgtheater. Casanova, von einer Schönen erwartet,
1896 946 3041 988 steigt irrtümlich zur anderen ins Bett. Er wird des Irrtums
1899 992 3050 1046 nicht gewahr, wohl aber die Frauen, dann deren mehr oder
1904 1039 3048 1081 minder gesetzliche Liebhaber, ganz zum Schluß erst Casanova
1909 1076 3046 1129 selber, der den Handel mit all seinen Wirrnissen und Fährlich¬
1904 1132 3053 1181 keiten gleichsam als unparteiischer Fachmann schlichten soll. Er
1898 1189 3049 1240 nun erklärt den Helden für betrogen, da er die eine für die
1908 1225 3050 1289 andere nahm, in Wahrheit also keine ganz besaß. Diese kecke
1898 1276 3051 1325 Wendung befreit Casanova nicht, vielmehr wird er selber von
1901 1315 3046 1373 einer dritten Frau befreit, von der Tänzerin Theresa, die
1897 1369 3042 1422 ihm nachgereist ist, um ihn wieder mit sich zu nehmen
1933 1429 1973 1463 —
1966 1427 3046 1478 wer weiß, wie lange? Schließlich sind um des
1900 1464 3043 1507 einen Casanova willen alle Frauen „Schwestern“ ver¬
1898 1517 3042 1578 bunden durch das Verlangen der Sinne, das zu be¬
1909 1564 3035 1620 friedigen Sinn und Vorrecht der Jugend ist. — Gerade dieses
1896 1605 3040 1655 Thema hat Arthur Schnitzler vor nicht langer Zeit in
1906 1661 3048 1701 einer schönen Novelle „Casanovas letztes Abenteuer“ behandelt,
1904 1712 3036 1759 vom Standpunkt des alternden Mannes, über den die Jugend
1903 1754 3042 1828 hinweggeht. Der innerlich verlöschende, noch einmal aufflackernde
1908 1803 3044 1871 Casanova war von dem Dichter, dem die Jahre zu
1904 1846 3043 1903 seinem sanft skeptischen Verstehen noch die Milde des Ver¬
1901 1903 3030 1958 zeihens und Verzichtens hinzugefügt haben, erschaut und
1906 1952 3040 1995 gestaltet. Der junge Casanova aber, um den wie
1905 1995 3029 2055 in dieser neuen Komödie „Die Schwestern" oder
1910 2050 3038 2096 „Casanova in Spa“ die Frauen sich noch mühen,
1908 2097 3043 2139 dem ist die sozusagen mehr gedankliche Erotik nicht
1897 2142 3034 2198 angemessen. Hier glüht's nicht von Liebesenergie, hier glitzert
1895 2191 3034 2254 nur die Rede von witzigen Wendungen, geistreichen Bemerlungen
1910 2241 3039 2280 — ein Problema der Dialektik ums andere kann nicht die
1894 2271 3026 2330 Kraft der Sinnlichkeit, und wär's auch nur Sinnlichkeit des
1890 2342 3032 2397 dramatischen Vorganges, ersetzen. Ueber die Längen des zweiten
1895 2381 3031 2444 und dritten Aktes helsen die hübschen Einfälle des Dichters
1905 2427 3039 2488 hinweg — ein schwächerer Schnitzler bleibt immerhin noch ein
1896 2480 3028 2524 Schnitzler —, vor allem aber auch die Darstellung. Frau
1892 2530 3024 2569 Aknay insbesondere hat die Rolle der einen Frau mit einer
1899 2570 3031 2640 Intensität angepackt, mit einer brennenden Energie durch¬
1893 2628 3030 2670 geführt, die nicht unbelohnt bleiben konnte. Nur vor einem
1891 2678 3021 2729 Ueberspannen ihrer Stimmkraft mag die Künstlerin sich hüten.
1892 2719 3034 2782 Mit dieser ganz vortrefflichen Annina hat Frau Aknay sich das
1904 2768 3028 2825 Recht auf manch andere Rolle erspielt. Vorzüglich auch Frau
1890 2820 3025 2873 Albach=Retty, die freilich das erfahrene Weib ein
1892 2865 3031 2911 bißchen höher in die Jahre transponiert, als der Dichter
1893 2916 3035 2968 vorschreibt. Sehr gut in der kleinen, aber schwierigen Rolle
1890 2962 3024 3015 der Tänzerin Frau Marberg. Den Casanova gibt Herr
1896 3009 3023 3069 Treßler sehr überlegen, sehr gewandt, voll Laune, nur ein
1890 3060 3032 3106 bißchen gelegentlich als Abenteurer zu wenig großer Herr,
1887 3106 3032 3158 mehr Beutelschneider. Casanova war das eine wie das andere,
1879 3159 3030 3215 doch alles nur in der einen Maske des bezaubernden
1885 3202 3027 3253 Eroberers. Die Liebhaber werden von den Herren Schott
1890 3252 3035 3306 und Dannegger dargestellt, dieser der rechte Zuhälter,
1887 3291 3033 3355 jener der unreife junge Mensch, der eher noch
1890 3344 3035 3412 in der Philosophie als in Liebesangelegenheiten
1886 3405 3030 3453 zurecht kommt, das Leben tragisch nimmt, statt es zu genießen.
1888 3436 3027 3488 Beide sehr gut. Herr Dannegger gewinnt seiner Rolle alle
1893 3486 3031 3539 Möglichkeiten ab, Herr Schott überwindet die undankbaren
1889 3541 3031 3582 Schwierigkeiten der seinen auf die beste Art. Den altgewordenen
1880 3584 3027 3639 Liebeshelden, der nur noch die jüngeren Casanovas beschützt,
1892 3634 3037 3694 um den Abglanz der genossenen Jugend nicht zu verlieren,
1890 3681 3028 3731 gibt Herr Heine mit der erforderlichen lächelnden Ironie.
1891 3731 3025 3778 Prächtig wiederum der junge Thimig als pfissiger Junge.
1883 3773 3027 3832 Aber dieser Art Rollen scheint er nun doch entwachsen; seit
1893 3815 3022 3876 seinem „Tyrannen“ ist in diese Lustigkeit ein Tropfen innerer
1881 3865 3025 3927 Trauer gefallen, der die Piccolo=Scherze für ihn unerträglich
1882 3918 3017 3962 macht. Die Darsteller alle hätten es verdient, mit dem Dichter
1868 3959 2683 4018 zu erscheinen, der wiederholt gerufen wurde.
2841 3962 3005 4035 D. B.
