3344 4384
1412 1010 1594 1115 WU
656 1010 1440 1124 Theater= und Kunstnachrichten.
551 1080 1634 1165 [Burgtheater.] Artur Schnitzlers neues Lustspiel
476 1141 1636 1220 „Die Schwestern“, oder: „Casanovä in Spä über das wir im
467 1184 1637 1261 Feuilleton unseres Blattes berichten, ist heute im Burgtheater
476 1225 1631 1302 untek Heines Regie zur ungemein erfolgreichen Uraufführung
473 1274 1625 1341 gekommen. Heine hob das Schnitzlersche auch dieses Stückes, das
466 1304 1634 1385 Geistreiche, Glitzernde, Farbenschillernde darin feinfühlig hervor.
469 1342 1635 1420 Die Aufführung war wie das Lustspiel selbst auf die Gedanken
463 1384 1630 1473 und Wortnuancen, die Faceiten des Dialogs geschliffen. Regie
472 1438 1638 1532 und Darstellung schienen vor allem bemüht, den eigentlichsten, den
470 1470 1619 1554 sprachlichen Reiz des Lustspiels zu entfalten, die Schönheit des
453 1506 1624 1582 Verses, der sich hier blühenderdals irgendwo sonst bei Schnitzler
459 1571 1619 1634 ausbreitet. Herrn Treßler als Casanova und Herrn
453 1598 1618 1662 Danegger, der den Poeten Baron Somlis mit
454 1632 1612 1729 dem Schimmer eines weltgeng#dten Kavaliers umgab,
456 1685 1612 1752 war diese Sprachkunst, die betonte Freude an dem schön
461 1734 1615 1805 geformten Wort besonders #edigen. Treßler gab einen leicht ange¬
446 1771 1617 1844 grauten Casanova über Re Mitte des Lebens, wo es sich bereits
447 1816 1626 1906 leicht abwärts neigteden Prahler, den Spieler, den Raufbold,
447 1854 1612 1921 den Projektemach den man aus seinen Memoiren kennt,
442 1898 1618 1978 zeichnete er ## necken, farbigen Strichen. Die Atmosphäre
443 1948 1605 2019 des Liebesabenteurers, dessen Nähe bereits den Frauen
438 1974 1614 2060 gefährlich wird und verbotene Wünsche und Leidenschaften weckt,
447 2027 1610 2113 ging in den Szenen mit den Frauen nicht in gleicher Weise von
437 2069 1612 2142 Herrn Treßler aus. „Die Schwestern“ waren Frau Aknay und
434 2109 1613 2185 Frau Albach=Retty anvertraut. Frau Aknay war von
439 2150 1615 2229 kühler, zuweilen allzu kühler Grazie, die stilisierte Lustspielmuse;
439 2190 1598 2263 Frau Retty, die einen ihrer charmantesten Abende hatte, das Lust¬
445 2242 1600 2309 spiel selbst. In einer mit echter Lustspiellaune geführten Szene
433 2280 1598 2344 schälte sie aus der schillernden Wortverbrämung den echten Lust¬
438 2321 1597 2378 spielkern der Komödie hervor. Hier lächelte man nicht bloß wie
429 2367 1596 2441 häufig an diesem Abend, man lachte laut. Herr Schott blieb
422 2404 1603 2468 nach der Eifersuchtsszene, die ihm lebendig gelang, ein etwas
429 2449 1595 2524 trockener, „wohlhabender junger Mann aus Ferrara“. Herr
432 2496 1588 2557 Heine sprach als holländischer Offizier die Exposition des Casa¬
421 2541 1600 2597 nova mit klarer Pointierung. Fräulein Marberg war wieder
422 2571 1602 2650 eine bewährte Sünderin, die diesmal aus Neapel angetanzt kam,
432 2618 1597 2666 Herr Thimig ein niedlicher Kellner=Cherubim. Herr
431 2651 1608 2731 Wilke hat das Bühnenbi“ „das schöne, beinahe prächtige
429 2696 1587 2775 Fremdenzimmer“ eines Gasthofes des achtzehnten Jahrhunderts,
424 2749 1593 2811 mit abwägendem Geschmack entworsen. Die drei Akte des
423 2780 1587 2852 Schnitzlerschen Lustspiels werden in einer Folge gespielt. So konnte
421 2826 1621 2911 der Dichter erst zum Schluß vielmals für den herzlichen Bzifall
423 2860 597 2942 danken.
2504 230 2918 292 vierteljährlich K 81.—
2049 261 2779 331 Einzelne Nummern in Wien:
2448 313 2944 365 Morgenausgabe 80 Heller
2452 357 2947 409 Abendausgabe 20 Heller
2058 398 2932 468 Die Administration „Der Neue Tag“
2436 473 2928 545 Wien, I., Schulerstraße 14
2054 539 2938 596 SSSss
2444 628 2550 704 25
2214 690 2930 858 2Thealerik
2272 808 2836 876 1
2211 899 2772 999 „Die Schwestern.
2088 965 2969 1064 Artur SchnitzlersLustspiel im1
2325 1031 2695 1114 rrüler
2110 1083 3004 1150 „Oder Casanova Spa#“ An einers
2054 1152 3000 1232 Stütte leichter Levenskust sicht man Ge¬
2056 1192 2993 1256 stalten aus verschiedenen Sphären: eino
2051 1249 2994 1318 bürgerlich verliebtes Paar uld ein aben¬
2053 1296 3008 1360 teuerlich verheiratetes. Das ist ein junger
2060 1346 2995 1391 Ehemann und Dichter, ein keusch liebendes#
2058 1390 2989 1447 Weib, dort eine galante Schöne, ohnen
3034 1445 3124 1482 —
2052 1449 2973 1509 Strenge beschützt von dem Gatten, der
2053 1491 2566 1557 Gimpeln Geld gewinnt.
2945 1471 3123 1577 4
2199 1535 3000 1612 Es tr.tt, wie ein frivoler Zauberer 8
2059 1593 2965 1647 aus einem französischen Rokokomärchen, der
2054 1638 2963 1695 berühmte Chevalier Casanova herein, mit
2062 1687 2957 1751 seinem frechen und magnetischen Lächeln;
2050 1731 2959 1792 und siehe, jetzt sind nur noch Männer und
2058 1786 2955 1840 Frauen da, die Frauen alle gleich, die
2055 1835 2965 1890 Männer einander gleich; die stolze und
2055 1891 2961 1949 reine Anina, umschlungen von jener Fli¬
2059 1933 2963 1984 minia, ja von der Dirne Teresa, geht, wäh¬
2058 1976 2959 2034 rend die Geigen klingen, über die Wiese
2054 2038 2967 2093 zum Bacchanal; Schwestern sind sie, nichts
2051 2078 2961 2133 als Schwestern. Und dem jungen, edlen
2052 2123 2959 2183 Dichter Andrea klopft Casanova auf die
2902 2173 2959 2211 *
2057 2174 2929 2243 Schulter. „Komm, Bruder meiner Wahl!
2056 2226 2966 2291 Er hat alle Kompl kationen des Lebens und
2047 2271 2951 2329 der Liebe durch ein zynisches Lächeln ge¬
2052 2324 2971 2375 löst, war sehr geistvoll und sehr schamlos,
2063 2372 2896 2439 für ihn hat die Menschheit keine Rätsel.
2467 2431 2528 2486 *
2109 2479 2959 2542 Kein Rätsel für Casanova, warum die
2063 2542 2972 2600 edel geartete Frau, zu der er nur irrtümlich
2056 2585 2983 2645 durchs Zimmerfenster stieg, ihm sich sofort
2060 2642 2966 2693 ergab. Keine Komplikation für ihn, ihr
2060 2676 2962 2736 Streit mit der wenig zweideutigen Huldin,
2054 2727 2958 2792 die auf ihn vergeblich gewartet hatte und
2058 2792 2974 2841 enttäuscht ward. Eins, zwei, Casanova
2068 2829 2962 2887 wird das alles in Ordnung haben. Er macht
2066 2879 2960 2936 halt eine kecke Bemerkung, und alles fügt
2065 2929 2435 3005 sich gern ins Lot.
2119 2971 2971 3042 Diese fast mystische Hexerei, die von
2059 3020 2971 3070 Casanova ausgehend gedacht ist, erklärt
2058 3073 2966 3129 enen fast schreienden Widerspruch im Stück.
2066 3121 2964 3171 Dieser Andrea, diese Anina sind ja bessere
2058 3172 2962 3236 Menschen; anfangs sehen wir sie mit Ernst
2060 3226 2968 3283 einen tragischen Seelenkonflikt ausagen
2107 3268 2967 3324 nachdem Casanova nur über die Bühne
2066 3323 2968 3374 gegangen, ist dieser Dichter Andrea bereit,
2072 3374 2966 3426 sein intimstes Leid, ja das Geheimnis der
2067 3413 2968 3465 Geliebten, als fast scherzhafte Anekdote dem
2070 3475 2970 3521 Hochstapler Santis vorzutragen, dann gar
2060 3513 2963 3575 Casanovas Entscheidung zu unterbreiten,
2067 3556 2963 3615 und dies edle Mädchen findet gar nichts da¬
2066 3604 2967 3660 bei, hört seelenruhig zu, hat sich schon vor¬
2068 3653 2968 3720 her sehr merkwürdig für Casanova ent¬
2069 3711 2958 3764 schieden. Das Casanova=Wort: „Schwe¬
2085 3758 2163 3793 torn
2059 3751 2967 3822 stern, das eine Ania der Halbdirne Fla¬
2070 3813 2963 3860 minia, der (unangenehm derben) Ganzdirne
2067 3846 2963 3905 Teresa gleichstellt, soll diesen Widerspruch
2053 3903 2966 3957 lösen. Löst ihn auch, aber nur, wenn nan
2071 3941 2966 4002 alle Personen des Stückes von Casanova
2055 3999 2964 4052 behext glaubt oder sie mit seinen Augen
1996 4041 2981 4123 I sieht. Wer diese Faszination durch Casa¬
