3392 4256
1219 72 2402 126 e re eseste e en e  e  ee
1233 135 2467 188 „so jung er ist, von allen Lastern bleich“, sich zu Casanova schlich,
1220 167 2472 221 und die Ahnung durchzuckt ihn, daß er eine Botschaft Aninas
1218 206 2475 257 überbrachte. Aber er irrt, wenn er an eine harmlose Leicht¬
1220 253 2477 326 fertigkeit glaubte. Die Geliebte enthüllt ihm die Wahrheit. Sie
1216 288 2476 366 hat Casanova, indes der Freund in der letzten Nacht am Spiel¬
1216 348 2476 409 tisch war, angehört. Sie hatte einen Männerschritt auf dem Kies
1217 416 2477 463 vernommen, war, ihrer Nacktheit nicht achtend, aus Fenster ge¬
1224 454 2480 510 eilt, weil sie Andrea endlich nahen glaubte. Aber es war
1218 494 2481 560 Casanova, der sich über die Brüstung schwang. „Halb Rausch,
1609 543 2483 608 und doch fühlt Anina jetzt keine Reue, keinen
1220 540 1537 613 halb Ueberfall“
1230 589 2483 674 Ekel, keine Schuld. Die aufspritzende Wut Andrcas entzweit die
1224 648 1555 717 beiden vollends.
1517 688 2176 755 .Daß aus dieser finstern Stunde nie
1438 729 2196 798 Gemeinsam uns ein Weg ins Helle führt,
1426 773 2273 838 Das, glaub' mir, fühl' ich tiefer noch als du.“
1345 823 2497 907 Anina will von dem Geliebten fort —. „Du bist ein
1220 888 1851 949 fremder Mann für mich wie er
1335 920 2503 989 Aber es ist ein Lustspiel. Indes die beiden streiten, wird
1223 955 2496 1046 Casanova gemeidet. Anina geht ins Zimmer Flaminias. Andrea
1214 1032 2479 1089 empfängt ihn. Casanova braucht wieder einmal Geld. Andrea hat
1218 1077 2480 1142 in der letzten Nacht Glück im Spiel gehabt. Casanova bittet, ihm
1219 1120 2494 1179 den Gewinst zu leihen, denn er müsse Spa auf der Stelle
1220 1170 2483 1229 verlassen und habe nichts. Andrea ist bereit, ihm
1559 1210 2485 1277 mit Gold gefüllten Beutel auf Wechsel
1231 1229 1544 1291 die schweren,
1228 1265 2495 1336 anzuvertrauen, aber nur unter einer Bedingung. Eist
1222 1311 2488 1385 muß er erfahren, warum Casanova so plötzliche Eile hat. Da
1229 1363 2484 1433 gesteht dieser. Er habe einen Brief erhalten, in dem eine un¬
1229 1384 2491 1469 bekannte Schreiberin von ihm „als Dank“ verlangt, daß er
1233 1436 2499 1531 fliche. „Als Dank“ — zweifellos kommt der Brief von Flaminia,
1228 1504 2483 1564 der aber dieser Dank, nach dem, was nachts vorgefallen,
1227 1542 2491 1623 gebührt. Casanova erzählt sein jüngstes Abenteuer. Und da
1236 1620 2483 1666 erkennt Andrea den fürchterlichen, den grotesken Irrtum
1231 1650 2497 1720 Casanova hatte sich im Fenster versehen. Er glaubte mit gutem
1229 1681 2494 1758 Recht, daß ihn die Baronin Santis erwarte. Da gibt ihm
1239 1758 2499 1810 Andrea, froh der Aufklärung, sein ganzes Gold, denn er fühlt
1246 1787 2489 1865 sich nicht betrogen. Anina ist rein. Aber das Mädchen, das
1239 1848 2493 1917 nun, da Casanova sort ist, eintritt, ist nicht so leicht zufrieden.
1420 1902 2273 1954 „Nimmt er nicht die Erinn'rung jener Stunde,
1411 1953 2301 2004 Den Duft von meinem Leib, von meinen Küssen
1409 1994 2212 2037 Den Nachgeschmack, der Seufzer Wonnehauch
1408 2029 1790 2090 Für ewig mit —?“
1412 2090 2251 2147 Jetzt lieb ich ihn und nun erst wird es Glück.“
1351 2145 2509 2207 In diesen neuentfachten Streit kommt Flaminia. Andrea
1230 2184 2501 2254 erzählt ihr in seiner Raserei alles, seine Vorwürfe, die Absichten
1238 2222 2500 2306 Aninas, den Irrtum Casanovas. Flaminia ist in ihrer Eitelkeit,
1248 2306 2502 2358 in ihrer Liebe gereizt. Sie will Casanova besitzen, sie will, daß
1244 2332 2501 2406 das harmlose Kind ihn nicht stehle, für den sie selbst brennt.
1247 2395 2496 2446 Sie droht, beschwört, tritt auf Anina mit der Dolchnadel zu, da
1248 2424 2496 2500 stört sie der Gatte — Santis. Andrea beschließt, daß er der
1245 2476 2500 2545 Richter sei, und er trägt den Streit der beiden Frauen um
1249 2519 2498 2590 Casanova dem Baron als literarisches Problem vor. Aber Santis
1247 2584 2498 2638 ist leicht betrunken, er hat vornehme Gäste zu sich geladen, er
1253 2623 2497 2685 übergibt das Richteramt Casanova selbst, denn Casanova ist nicht
1256 2670 2503 2738 weit gereist. Er wurde vom Baron auf dem Wege getroffen und
1254 2719 2516 2796 zurückgebracht. Er ist da, hat das geliehene Geld nach seinem
1258 2774 2096 2834 Sinne verwertet und titt unter die Gäste.
1365 2807 2485 2875 Dritter Akt. Nicht die beiden Frauen seien getäuscht, so
1257 2864 2506 2935 urteilt Casanova, sondern der Liebende, der eine Frau beglückt,
1254 2915 2513 2975 die ihn nicht liebte, und eine Frau warten gelassen hat, die seiner
1261 2965 2513 3035 hartte. Im übrigen ist er zerstreut. Die Gäste sind ungeduldig,
1262 3010 2500 3088 die Speisen werden kalt Da wird aus dem Spiel Ernst. Die
1255 3043 2515 3121 Männer ziehen die Degen, und Casanova erlebt das Erlebte
1261 3102 2515 3171 hinter der Fabel Aber da stürzt Teresa, die berühmte Sängerin
1265 3154 2519 3222 Teresa, herein die Casanova eist vor drei Tagen in Brüssel
1256 3202 2531 3282 üten Galasen h###he#### h. Mama#und Slaminis 5e-
1746 3392 1985 3480 W2NT 1940
1625 3582 2107 3649 Neues Wiener Journal
1224 3655 2531 3730 Isiegt zurück. Bald wandeln sie, drei einträchtige Freundinnen, im
1285 3711 2525 3763 Gaiten. Casanova ist noch Friedensstister zwischen Andrea und
1297 3753 2533 3842 seiner Geliebten. Und dann geht alles zu Tische. Musik. Man
1286 3812 2011 3875 spielt, man liebt in zärtlichem Flusse.
1398 3846 2537 3916 Dies ist das Lustspiel. Ein Spiel, vielleicht zu spurlos für
1282 3889 2542 3969 den Ernst unserer Tage. Wie es sich auf der Bühne bewähren
1270 3946 2546 4013 wird mit seinen vielverschlungenen Feinheiten, werden die Theater¬
2330 3994 2499 4062 p. k.
1275 3998 2050 4091 besucher noch in diesem Jahre eifahsen.
1784 4009 2314 4118 A
