3344 4256
2327 167 2792 268 box 3375
724 204 797 262 W0
166 184 2172 277 28. Die SchsesternoderCasanovain sna
1096 479 1576 584 (Gelang Un¬
855 519 1321 724 Deutdun
765 624 846 731 7
526 708 727 767 Shnnamm
548 688 2564 790 Seeluuu uuruunhue
563 778 617 819 81
519 786 569 831 2
706 842 2373 954 Die Frau in der modernen Literatur
1170 944 1944 1038 Don Karl Georg Wendriner
2476 955 2551 1025 18
2479 1008 2563 1067 125
538 1051 2567 1127 —
536 1085 2572 1173 Siliiiiihinmmmmmmwmmmmmmmmmmmmmmnmmmnmminmmmnmmmmnmmerennnmmmmmmmmnentr enmnnereerseunnmnninr-Snmnminmmunmmmmmmmmmmminnmnnmmunge
531 1142 2574 1234 Albrecht Schaeffer: „Elli oder Sieben Treppen“ (Insel=Verlag, Leipzig). — Victor Fleischer: „Frau
529 1234 2576 1292 Monica und ihre Töchter“ (Verlag Fr. Wilh. Grunow, Leipzig) — Agnes Henningsen: „Die große Liebe“
537 1229 2583 1338 (Verlag Axel Juncker, Berlin W 15). — Werner Schendell: „Dienerin“ (Verlag S. Fischer, Berlin). — Ernst
541 1297 2578 1378 Zahn: „Lotte Eßlingers Wille und Weg“ (Deutsche Verlagsanstalt, Stungart). — Arthur Schnitzler: „Die
536 1332 2568 1405 Schwestern, oder Casanova in Spa“ (Verlag S. Fischer, Berlin). — Dietzenschmidt: „Kleine Sklavin“
542 1381 2583 1482 (Verlag Oesterheld & Co., Berlin W 15). — Otto Buchmann: „Marias Lied“, „Ich trage meine Minne“
1270 1437 1849 1512 (Tischbeins Verlag, Hannover).
1567 1497 2587 1581 all den Männern, die mehr oder minder entscheidend
653 1519 1558 1593 In Albrecht Schaeffers Roman „Elli oder
1562 1562 2589 1642 ihren Weg kreuzen, er verfolgt ihren Abstieg von Stufe
627 1587 1557 1656 Sieben Treppen“ wird in einer Gesellschaft von
1567 1603 2595 1671 zu Stufe, bis sie als Straßendirne endet und freiwillig
547 1599 619 1680 (
647 1622 1567 1684 XKünstlern über die Frauen gesprochen. Man fordert
1570 1650 2591 1719 in den Tod geht. Man müßte dieses Buch, das an
544 1670 1555 1723 Josef von Montfort, den Knaben, mit der Gebärde des
1558 1690 2590 1762 künstlerischem Wert fast alle Neuerscheinungen des letzten
547 1702 1566 1776 fertigen Weltmannes und mit dem Auge des Abenteurers
1564 1739 2587 1803 Jahres übertrifft, allen Müttern in die Hand legen,
543 1760 1559 1825 auf, zum Abschied eine seiner berühmten Reden über
1567 1775 2583 1853 um ihnen zu zeigen, daß neben ihnen eine Generation
546 1804 1564 1862 die Frauen zu halten. Aber er lehnt ab: der Gegenstand
1572 1823 2593 1887 von Töchtern aufwächst, ihnen innerlich fremd und neuen
542 1845 1556 1914 scheine ihm erlesen, sei jedoch erschöpft infolge der mangeln¬
1567 1874 2590 1926 Gesetzen gehorchend. Dieses Buch, diese Beschreibung
548 1885 1557 1950 den Rätselhaftigkeit der Frauen. Man muß an diese
1564 1914 2586 1979 eines weiblichen Lebens ist mit letztem Kunstverstand
550 1929 1559 2008 Unterhaltung denken, wenn man den Roman liest, dieses
2136 1956 2597 2014 aufgebaut, immer steht
549 1981 992 2043 ausgezeichnete Buch des
2143 2001 2591 2059 Elli im Mittelpunktaller
550 2019 998 2090 Lyrikers Albrecht Schaef¬
2141 2044 2589 2099 Geschehnisse, während
552 2071 1008 2133 fer, der die Geschichte
2146 2089 2589 2140 von ihren Freunden nur
548 2110 1011 2173 der jungen Studentin
2137 2133 2593 2184 die beiden ersten, der Ge¬
548 2151 996 2220 Elli geschrieben hat, die.
2141 2176 2590 2232 lehrte mit seiner lauten
552 2205 1006 2261 losgelöst vom Eltern¬
2150 2216 2600 2274 Bewunderung Stefan
560 2245 1018 2308 haus, ihren eigenen Weg
2153 2251 2601 2322 Georges und der junge
560 2289 1007 2346 sucht und zugrunde geht.
2141 2301 2591 2365 genialische Maler in
553 2338 1011 2396 Dies Buch scheint mir
2150 2344 2602 2405 seinem Pariser Atelier
557 2378 997 2438 von symbolischer Be¬
2147 2401 2602 2447 in unserem Gedächtnis
553 2413 1006 2479 deutung. Durch das Stu¬
2152 2437 2597 2497 bleiben. Nach diesen bei¬
549 2458 1015 2519 dium der Frauen, durch
2153 2479 2600 2542 den Männern, die jeder
563 2514 1009 2567 die Trennung desjungen
2156 2528 2599 2578 in Ellis Leben eine ent¬
559 2548 1012 2607 Mädchens vom Eltern¬
2149 2568 2600 2621 scheidende Stufe bedeu¬
565 2586 1008 2658 hause ist ein neuer Typus
2152 2612 2608 2671 #ten, verschwimmen die
564 2638 1015 2701 Frau entstanden, der
2161 2655 2597 2717 Männergestalten mehr
568 2681 1022 2749 nach eigenen Gesetzen zu
2158 2698 2602 2759 und mehr, um zuletzt
565 2726 1021 2788 leben versucht und der,
2156 2741 2611 2804 zum Typus: der Mann
569 2767 1019 2835 bewußt oder unbewußt.
2159 2787 2612 2847 zu verblassen. Man legt
566 2812 1017 2875 alte, scheinbar ewige,
2157 2832 2604 2888 dieses Buch aus der
570 2857 1016 2918 im Wesen der Frau be¬
2164 2861 2615 2932 Hand, nachdentlich über
571 2897 1019 2959 gründete sittliche Gesetze
2158 2914 2603 2980 unabwendbare Entwick¬
565 2953 1016 3010 verletzt und mit Füßen
2160 2951 2613 3021 lungen unserer Zeit und
563 2993 1011 3055 tritt. Elli war achtzehn¬
2171 3005 2611 3063 voll Bewunderung für
575 3026 1025 3094 undeinhalb Jahr, als
2166 3037 2611 3112 den jungen Dichter, der
574 3076 1027 3137 sie, wenige Wochen nach
2157 3087 2612 3149 uns diese wundervolle
577 3122 1012 3183 dem Tode ihres Valers,
2157 3134 2610 3191 Geschichte geschenkt hat.
574 3165 1025 3218 in Berlin ankam, um
2225 3177 2622 3238 Es bleibt kulturell
581 3204 1011 3265 das Studium der fran¬
2163 3219 2616 3280 bemerkenswert, daß auch
572 3249 1020 3309 zösischen und deutschen
2163 3265 2606 3324 in dem Roman „Frau
572 3296 1020 3355 Sprache zu beginnen. Es
2167 3306 2604 3364 Monica und ihre Töch¬
573 3343 1021 3399 ist erstaunlich, mit wel¬
2170 3353 2613 3416 ter“ von Victor Flei¬
578 3384 1016 3441 chem Realismus Schaef¬
2171 3394 2609 3458 scher, dieser Darstel¬
579 3426 1027 3484 fer das Leben dieser Frau
2172 3434 2622 3506 lung aus der biedersten
1504 3440 1724 3541 ME
579 3470 1014 3531 dargestellt hat und uns
2161 3483 2616 3544 Wiener Bürgergesell¬
574 3507 1024 3574 trotz einer fast natura¬
2172 3533 2607 3588 schaft, die schöne Toch¬
573 3554 1029 3613 listischen Schilderung im
2174 3571 2614 3632 ter Christiane trotz des
577 3603 1027 3654 einzelnen das unabwend
2175 3613 2612 3679 Schutzes des Mutter¬
573 3644 1031 3707 bar Schicksalsmäßige im
2172 3659 2625 3720 hauses mehrere Stufen
588 3690 1026 3751 Untergang seiner Hel¬
2169 3708 2627 3762 auf ihrer Lebenstreppe
579 3729 1037 3789 din empfinden läßt. Er
1976 3718 2133 3794 rine e ai
2171 3746 2624 3817 hinabfällt, ehe sie in
580 3771 1030 3839 stellt ihr Leben dar in
1038 3781 2629 3869 Der Abendmantel. Nach einer Radierung von Otto Götze. Au Ginsungungse dem Hafen einer Ehe
1294 3822 1921 3877 Kunstverlagsgesellschaft Wehlgemuth & Lißner, Berlin.
577 3821 1028 3903 ihren Begegnungen mit
