3392 4320
791 208 959 270 IIVE
250 194 2276 280 28. Die Scstern oder Casanova in Spa
1213 1082 2237 1263 Schnihleks Casanchtstück im Burg¬
1598 1232 1861 1327 theater.
1223 1303 2244 1370 („Die Schwestern“, ein Lustspiel in Versen
1226 1353 2239 1436 Drei Akte in einem von Artur Schnitzler.)
1308 1403 2232 1479 Andrea Bassi, ein wohlhabender junger
1219 1452 2233 1525 Mann aus Ferrara, hat Anina, ein junges
1209 1502 2233 1562 Mädchen aus der gleichen Stadt, entführt und ist
1209 1546 2246 1620 mit ihr in Spa, in dem schönen, beinahe prächtigen
1219 1594 2235 1679 Fremdenzimmer eines vornehmens Gasthofes, ab¬
1214 1636 2235 1718 gestiegen. Während Andrea die Nacht am Karten¬
1220 1691 2229 1760 tisch verbringt, und ihm das Gold nur so zu¬
1218 1731 2231 1815 strömt, begeben sich im Hotel merkwürdige Dinge.
1218 1780 2223 1853 Anina erwartet ungeduldig ihren Geliebten, als
1217 1828 2239 1895 sich ein junger Mann, der sich später als Casanoca
1209 1893 2237 1948 entpuppt, über die Brüstung ins Gemach schwingt
1200 1923 2228 2007 und ohne Widerstand Aninas die Stelle Andreas
1203 1968 2219 2042 einnimmt. Anina gesteht dem heimkehrenden Ge¬
1210 2014 2232 2097 liebten die Verwechslung freimütig ein, auch sagt
1214 2063 2235 2143 sie ihm offenherzig, daß sie Casanova in einem
1212 2113 1876 2183 Billett zur Flucht geraten habe.
1303 2150 2222 2237 Casanova befolgt aber diesen Rat nicht; im
1206 2207 2230 2293 Gegenteil, er tritt ganz unbefangen vor Andrea
1212 2264 2224 2318 und — pumpt ihn an. Seine Kühnheit wird ent¬
1208 2302 2227 2386 schuldbar, wenn man in Erwägung zieht, daß
1209 2350 2228 2426 Casanova sich nur im Zimmer irrte, da er eigentlich
1207 2398 2228 2459 Flaminia, eine leichtfertige Baronin, zu verführen
1206 2449 2220 2532 gedachte. Das Dilemma löst Teresa, eine be¬
1209 2490 2226 2585 rühmte Tänzerin aus Neapel, die Casanova nach¬
1203 2546 2100 2615 gereist ist, um ihn nach Wien zu entführen.
1308 2586 2225 2676 Diese reizende Handlung wird in fein¬
1213 2625 2228 2726 geschliffenen Versen geschildert; die anmutige Art,
1202 2693 2213 2775 wie der Dichter Schnitzler derartige Probleme zu
1218 2737 2002 2816 behandeln pflegt, ist genügend bekannt.
1293 2797 2216 2868 Das Lustspiel — es hieß ursprünglich
1208 2828 2222 2918 „Casanova in Spa“ — hätte am Deutschen
1197 2870 2212 2960 Volkstheater zur Aufführung gelangen sollen; es
1204 2935 2215 3008 ergaben sich aber große Besetzungsschwierigkeiten.
1211 2979 2223 3062 Insbesondere die Rolle der Anina bereitete große
1203 3025 2212 3102 Verlegenheiten, da keine Dame sich entschließen
1206 3071 2210 3148 wollte, sie zu spielen. Im Burgtheater fand
1198 3111 2230 3195 sich in Frau Wohlgemuth eine geeigneten
1198 3171 2219 3261 Darstellerin, auch Herr Treßler hat sich mit
1195 3208 1883 3292 dem Casanova innig befreunden“.
1833 3278 1881 3322 —
2413 183 2877 284 box 33/5
