3344 4320
223 161 2225 258 28. Die Schuestern-oder-Casanova in Sna
1888 540 2056 721 □
1434 747 1856 839 27. März 1920
2089 751 2321 844 Nr. 86
1230 816 1401 880 —
2004 800 2125 890 ——
1008 868 1249 945 orden sind,
1000 925 1240 993 Sonnen¬
1475 884 2149 987 Kunst und Wissen.
990 957 1226 1042 ongasse
1348 980 2378 1038 Burgtheater. Casanova, von einer Schönen erwartet,
997 1022 1228 1083 rngasse
1242 1022 2389 1089 steigt irrtümlich zur anderen ins Bett. Er wird des Irrtums
998 1068 1224 1130 Winter¬
1229 1080 2381 1139 nicht gewahr, wohl aber die Frauen, dann deren mehr oder
991 1106 1224 1175 er Winter¬
1242 1131 2388 1185 minder gesetzliche Liebhaber, ganz zum Schluß erst Casanova
990 1160 1227 1226 ße gleichen
1235 1166 2391 1238 selber, der den Handel mit all seinen Wirrnissen und Fährlich¬
1008 1218 1228 1275 nach dem
1228 1212 2385 1281 keiten gleichsam als unparteiischer Fachmann schlichten soll. Er
1013 1262 1225 1324 elplatz
1236 1272 2385 1333 nun erklärt den Helden für betrogen, da er die eine für die
1233 1314 2385 1364 andere nahm, in Wahrheit also keine ganz besaß. Diese kecke
1223 1347 2389 1431 Wendung befreit Casanova nicht, vielmehr wird er selber von
1117 1399 1224 1467 dem
1228 1418 2381 1478 einer dritten Frau befreit, von der Tänzerin Theresa, die
1238 1456 2392 1513 ihm nachgereist ist, um ihn wieder mit sich zu nehmen
1033 1506 1227 1567 daß das
1271 1506 2390 1570 — wer weiß, wie lange? Schließlich sind um des
1009 1553 1224 1615 ehmigte er
1231 1553 2389 1623 einen Casanova willen alle Frauen „Schwestern", ver¬
1009 1602 1224 1661 emüse¬
1237 1606 2381 1657 bunden durch das Verlangen der Sinne, das zu be¬
1028 1643 1223 1717 Setzlinge
1232 1655 2380 1704 friedigen Sinn und Vorrecht der Jugend ist. — Gerabe dieses
1233 1703 2379 1771 Thema hat Arthur Schnitzler vor nicht langer Zeit in
1231 1745 2380 1802 einer schönen Novelle „Casanovas letztes Abenteuer“ behandelt,
1230 1801 2379 1869 vom Standpunkt des alternden Mannes, über den die Jugend
1226 1850 2377 1916 hinweggeht. Der innerlich verlöschende, noch einmal aufflackernde
1236 1897 2385 1961 Casanova war von dem Dichter, dem die Jahre zu
999 1901 1220 1995 rwoche.
1242 1939 2381 2008 seinem sanft skeptischen Verstehen noch die Milde des Ver¬
1013 1980 1223 2042 folge der
1225 1979 2389 2047 zeihens und Verzichtens hinzugefügt haben, erschaut und
1009 2025 1213 2096 nördlichen
1232 2049 2384 2113 gestaltet. Der junge Casanova aber, um den wie
1000 2075 1220 2139 glich, der
1227 2090 2379 2161 in dieser neuen Komödie „Die Schwestern" oder
1002 2120 1225 2186 ere Menge
1239 2138 2387 2196 „Casanova in Spa“ die Frauen sich noch mühen,
989 2172 1219 2242 Laufe des
1242 2186 2388 2249 dem ist die sozusagen mehr gedankliche Erotik nicht
1008 2221 1214 2288 #e ein und
1239 2225 2375 2287 angemessen. Hier glüht's nicht von Liebesenergie, hier glitzert
1039 2267 1225 2334 eine für
1223 2285 2382 2346 nur die Rede von witzigen Wendungen, geistreichen Bemerkungen
1004 2310 1233 2377 ugewiesen.
1285 2345 2375 2395 ein Problema der Dialektik ums andere kann nicht die
1002 2363 1224 2428 der Mehl¬
1234 2378 2378 2438 Kraft der Sinnlichkeit, und wär's auch nur Sinnlichkeit des
1007 2414 1215 2494 igen auf
1226 2419 2392 2486 dramatischen Vorganges, ersetzen. Ueber die Längen des zweiten
1230 2482 2386 2538 und dritten Aktes helfen die hübschen Einfälle des Dichters
993 2481 1218 2574 onen aus¬
1224 2517 2382 2591 hinweg — ein schwächerer Schnitzler bleibt immerhin noch ein
1008 2554 1222 2625 zögerung
1229 2572 2383 2626 Schnitzler —, vor allem aber auch die Darstellung. Frau
997 2606 1224 2681 des Ver¬
1226 2620 2385 2684 Aknay insbesondere hat die Rolle der einen Frau mit einer
999 2657 1126 2733 en.
1221 2672 2377 2723 Intensität angepackt, mit einer brennenden Energie durch¬
1227 2719 2378 2787 geführt, die nicht unbelohnt bleiben konnte. Nur vor einem
1006 2722 1216 2804 Zeit für
1230 2769 2382 2830 Ueberspannen ihrer Stimmkraft mag die Künstlerin sich hüten.
1000 2776 1214 2851 auf den
1230 2813 2379 2866 Mit dieser ganz vortrefflichen Annina hat Frau Aknay sich das
1004 2828 1222 2897 n Winter.
1223 2867 2375 2928 Recht auf manch andere Rolle erspielt. Vorzüglich auch Frau
1004 2878 1221 2931 tner und
1229 2900 2380 2978 Albach=Retty, die freilich das erfahrene Weib ein
992 2923 1223 2982 isen und
1238 2954 2374 3020 bißchen höher in die Jahre transponiert, als der Dichter
997 2954 1226 3030 1Mengen
1229 3005 2390 3062 vorschreibt. Sehr gut in der kleinen, aber schwierigen Rolle
990 3005 1226 3068 and das
1061 3047 1220 3108 Aepfel
1229 3055 2372 3112 der Tänzerin Frau Marberg. Den Casanova gibt Herr
1022 3091 1221 3149 während
1220 3112 2374 3164 Treßler sehr überlegen, sehr gewandt, voll Laune, nur ein
1006 3140 1224 3205 n Menge
1226 3151 2374 3206 bißchen gelegentlich als Abenteurer zu wenig großer Herr,
1048 3183 1225 3240 übrigen
1224 3192 2378 3264 mehr Beutelschneider. Casanova war das eine wie das andere,
1014 3221 1223 3292 aut groß,
1231 3250 2378 3307 doch alles nur in der einen Maske des bezaubernden
1061 3270 1224 3326 fehlen,
1228 3294 2374 3341 Eroberers. Die Liebhaber, werden von den Herren Schott
1020 3306 1221 3369 er Groß¬
1227 3344 2381 3398 und Dannegger dargestellt, dieser der rechte Zuhälter,
1020 3354 1221 3413 ornedbeef
1234 3392 2378 3454 jener der unreife junge Mensch, der eher noch
1006 3399 1225 3457 gte noch
1223 3424 2388 3507 in der Philosophie als in Liebesangelegenheiten
1007 3445 1141 3504 ichs.
1224 3465 2382 3542 zurecht kommt, das Leben tragisch nimmt, statt es zu genießen.
1008 3488 1222 3550 die Höchst¬
1017 3529 1212 3592 #onig und
1230 3525 2378 3578 Beide sehr gut. Herr Dannegger gewinnt seiner Rolle alle
1002 3564 1220 3621 nachdem
1231 3566 2382 3621 Möglichkeiten ab, Herr Schott überwindet die undankbaren
995 3602 1224 3655 (hat. Den
1224 3621 2378 3678 Schwierigkeiten der seinen auf die beste Art. Den altgewordenen
1000 3644 1221 3694 dies nur
1231 3673 2375 3735 Liebeshelden, der nur noch die jüngeren Casanovas beschützt,
998 3680 1223 3732 iebe knapp
1226 3722 2380 3772 um den Abglanz der genossenen Jugend nicht zu verlieren,
1010 3722 1221 3786 10 Prozent
1000 3759 1221 3809 ichert, es
1225 3767 2381 3825 gibt Herr Heine mit der erforderlichen lächelnden Ironie.
1003 3796 1224 3857 gung des
1226 3811 2377 3863 Prächtig wiederum der junge Thimig als pfiffiger Junge.
1029 3837 1216 3886 als auch
1241 3862 2380 3919 Aber dieser Art Rollen scheint er nun doch entwachsen; seit
1008 3863 1223 3924 ebesondere
1239 3904 2375 3959 seinem „Tyrannen“ ist in diese Lustigkeit ein Tropfen innerer
1006 3911 1223 3966 nindestens
1011 3945 1223 4005 n Zuckers
1225 3957 2383 4015 Trauer gefallen, der die Piccolo=Scherze für ihn unerträglich
1013 3992 1221 4046 erwenden.
1224 4001 2379 4058 macht. Die Darsteller alle hätten es verdient, mit dem Dichter
1003 4029 1224 4087 nstag ge¬
1230 4043 2039 4111 zu erscheinen, der wiederholt gerufen wurde.
2185 4039 2343 4114 D. B.
1009 4075 1223 4130 es Rauch¬
1348 4093 2376 4152 Deutsches Volkstheater. Ludwig Andersen vom
1003 4114 1224 4163 auf. Ein
2375 148 2843 248 box 3375
3131 2435 3181 2487 5200
2949 2918 3009 2992 80
2859 4059 3302 4158 rsa
