3344 4256
2333 215 2795 311 box 3375
166 224 2189 318 28. Die Schuesternoder Casanova in Sna
612 1442 1688 1510 künstlerischer Vollendung schon seit vielen Jahren weder
1693 1445 2795 1525 spielten „Kinder der Freude“ von Felix Salten, dann das
76 1435 531 1529 theater droht.
607 1486 1677 1552 im Burgtheater noch auf irgend einer anderen deutschen
1691 1491 2778 1558 erotisch verkünstelte Casanova=Spiel „Die Schwestern“ von
86 1511 596 1586 Das war die große Frage,
606 1524 1685 1588 Bühne zu sehen war. Man spekuliert dabei auf ein sehr
1694 1533 2778 1586 Artur Schnitzler und das nicht viel taktvollere Schau¬
77 1576 602 1635 zen Wiener morgens und
603 1574 1687 1640 kurzes Gedächtnis der Burgtheaterbesucher. Waren die
1705 1580 2772 1645 spiel „Frai Giens Sühne“ von Siegfried Trebitsch zur
78 1611 592 1680 und Tratschblättern durch
614 1626 1688 1690 Aufführungen von Schönherrs „Frau Suitner" von
1693 1629 2774 1672 Aufführung, durchwegs Stücke. die Millenkovich mit gutem
76 1658 600 1719 den sind. Noch läßt die
600 1652 1687 1714 Rittners „Garten der Jugend“ oder von Lilienferns
1695 1666 2772 1723 Grunbe nicht angenommen hatte. Außerdem beglückte
80 1698 606 1755 ttlichen Mitteilung der Er¬
614 1706 1683 1764 „Hildebrand“ minder vollendet? An dem Gelingen der
1696 1710 2780 1772 Heine die Besucher des Burgtheaters mit dem von
71 1743 596 1825 in die Eingeweihten wissen,
610 1751 1672 1807 beiden letztgenannten Vorstellungen aber hatte Max
1690 1755 2775 1823 zionistischen Tendenzen bis zur jüdischen Seibstüberhebung
89 1792 604 1846 Dekret seiner definitiven
603 1797 1679 1862 Millenkovich persönlichsten Anteil, und es bleibt die
1690 1805 2779 1855 geschwellten Versdrama „Jaakobs Traum“ von Beer¬
73 1839 593 1897 # Burgtheaters bereits auf
603 1834 1680 1899 Frage offen, ob Heine mit seiner Neigung zur
1694 1846 2776 1907 Hofmann, sowie mit der gegen das deutsche Bürgertum
74 1870 602 1937 Vetter soll das Kunststück
615 1889 1674 1944 Groteske der bessere Spielleiter ist und ob ihm außer
1684 1904 2764 1951 gerichteten Komödie „Die Kassette“ von Karl Sternheim,
65 1908 595 1985 ktionsmüden Gönner von
614 1925 1686 2003 den „Troerinnen“, die Herterich in Szene gesetzt hat,
1689 1934 2775 2003 und die „Troerinnen“ des Euripides wurden wohl kaum
73 1963 598 2024 Itersloh (lies: Kühtreiber)
608 1952 1355 2044 gleich gute Vorstellungen gelungen find.
1687 1982 2769 2016 Heines Gnaden gefunden haben, hätte sie ein anderer
79 2005 604 2075 imzustimmen“, und um
684 1993 1681 2071 Und nun zur Hauptsache: zu den Stücken. Sie
1683 2012 2768 2087 als Franz Werfel neu bearbeitet. Die Musik zum „Bauer
80 2045 600 2118 gebührend herauszustrei¬
1686 2069 2773 2128 als Millionär“ bestellte Millenkovich bei Josel Rteiter,
604 2066 1676 2117 werden auf dem nun einmal eingeschlagenen Wege des
95 2092 589 2150 von der künstlerischen
606 2103 1670 2160 Vergleiches erst mit voller Deutlichkeit zeigen, wohin das
1687 2107 2767 2169 während Heine die zu Shakespeares „Viel Lärm um
92 2139 588 2212 Jahren der provisorischen
606 2156 1670 2206 Burgtheater unter dem Kurse Heines letzten Endes steuert.
1683 2155 2773 2220 nichts“ von Erich Wolfgang Korngold besorgen ließ.
85 2188 550 2255 rgtheater geleistet wurde.
620 2196 1679 2255 zur Aufführung angenommen hatte Millenkovich: „Unserer
1693 2195 2778 2261 Millenkovichs Dramaturg war Hans Sittenberg und der
80 2233 585 2295 iderdinge einmal näher an
1694 2237 2327 2292 seines Nachfolgers Stephan Hock.
607 2224 1671 2292 Kinder Land“ von Ferd. Bronner, „Struensee“ von
82 2278 587 2340 ind von ruhigen, leiden¬
607 2283 1678 2343 Otto Erlerr, „Schloß Zeitvorbei“ von Max Halbe,
1767 2272 2757 2355 So sehen wir überall, wo Millenlovich versuchte, den
85 2325 594 2375 n künstlerischen Ergebnissen
610 2328 1674 2385 „Winterballade“ von Gerh. Hauptmann, „Der gläserne
1692 2325 2761 2406 deutschen Charakter des Burgtheaters zu wahren, art¬
84 2368 596 2425 das Tatsächliche zurück. Um
611 2372 1675 2439 Berg“ von Mirko Jelusich, drei Einakter aus den „Sieben
1686 2377 2766 2436 fremde Elemente die Vorherrschaft antreten. Bisher war
78 2413 590 2472 ichen, braucht man gar nicht
614 2411 1665 2468 Todsünden“ von Fr. Kranewitter, „Wieland der Schmied“
1677 2404 2759 2474 das Burgtheater unter allen Wiener Bühnen verhältnis¬
74 2457 594 2517 abe zurückzugreifen. Selbst
612 2454 1669 2509 von Fr. Lienhardt, „Das Fenster“ von Jos. Aug.
1682 2466 2767 2528 mäßig am wenigsten abhängig von jenem Geist, den
80 2498 589 2549 sem vielverlästerten Inter¬
609 2499 1675 2549 Lux und Schönherrs neue Bearbeitung seines Märchen¬
1684 2502 2763 2562 Richar Wagner einmal als den „plastischen Dämon des
74 2538 596 2602 mügt zur Erkenntnis der
608 2547 1667 2594 spieles „Das Königreich“. Wiewohl diese neun Stücke
1685 2546 2765 2614 Verfalles bezeichnete. Gleichwohl denkt heute niemand
78 2586 596 2650 ingen Albert Heines wider
604 2573 1685 2650 bereits förmlich angenommen waren, wurden sie
1684 2580 2758 2645 daran, aus dem Burgtheater elwa ein antisemitisches
90 2623 592 2684 das nun zinmal an be¬
599 2630 813 2693 binterher
801 2632 951 2681 von
965 2633 1670 2688 Heine dennoch zurückgewiesen.
1683 2634 2761 2701 Patteitheater machen zu wollen. Was aber Heine tut, ist
72 2664 594 2738 uden ist und seine schönste
605 2669 1667 2730 Für die Zurückweisung von drei dieser Stücke mußte,
1687 2687 2770 2760 viel schlimmer als das, und sieht genan so aus, als wollte
78 2716 590 2780 im Wogenwirrwarr einer
603 2719 1669 2779 Entschädigung geleistet werden, und über das Schicksal
1687 2726 2762 2784 er unsere vornehmste Stätte deutscher Schauspielkunst der
90 2759 595 2820 stärkender Born zu sein,
612 2767 1666 2813 von zwei anderen sind noch Prozesse anhängig. Und
1682 2766 2762 2835 vollständigen Verjudung ausliefern. Da heißt es, „bevor
89 2804 596 2857 Des, wie Heine es wieder¬
612 2810 1676 2855 warum? Offenbar, weil diese neun Stücke im Verdachte
1680 2809 2769 2884 es zu spät ist, warnend die Stimme zu erheben: „Bis
71 2841 591 2909 glatz literarischer Modetor¬
611 2848 1665 2900 des „christlich-germanischen Schönheitsideales“ standen,
1683 2856 2755 2920 hieher und nicht weiter!" und Präsident Dr. Vetter möge
77 2891 347 2959 #een machen.
603 2890 1600 2953 das Millenkovich wieder zur Geltung briagen wollte.
1686 2908 2768 2979 zuichen, wie er die Geister, die er rief, wieder los wird.
673 2931 1668 2996 Was hat nun Heine als Ersatz dafür geboten? Zu¬
80 2915 590 3001 mit den „Troerinnen“ eine
2610 2955 2751 3038 4
2251 2958 2471 3065 A . K
82 2961 1780 3052 zu haben, wie sie in gleicher nächst brachte er die im Deutschen Vollstheater abge=1.
2817 1683 2918 1792 2
