3344 4256
2349 113 2825 213 box 3375
204 158 2227 237 28. Die Schvestern oder Casanova in sna
741 1028 3000 1117 Annahme neuer Stücke. Der eklen Komödie „Diebe imin aller Form für das Burgtheater erworben hatte
127 1017 460 1111 in Be#.
743 1064 3006 1157 Hause“ folgten die vom Volkstheater abgelegten „Kinder abgelehnt, und für einige derselben mußte sogar noch ein
106 1102 3001 1197 hat, wird Herr Heine Direktor slder Freude“ von Felix Salten und Schnitzlers brünstig hohes Pönale gezahlt werden. Wer in der Gegenüber¬
118 1142 744 1212 Es soll den Ueberredungskünsten
743 1161 1869 1229 erotisches und dabei urfades Casanova=Stück „Die
1852 1178 3010 1251 steilung dieser Tatsachen nicht ein klar erkennbares System
107 1194 750 1255 Vetter, der für seine Argumente
752 1205 1864 1270 Schwesicen“ sowie das empörende Schauspiel „Frau Gittas
1851 1214 3002 1283 erblickt, der muß mit Blindheit geschlagen sein: Herr Heine
99 1251 753 1306 Felle Zugeständnisse zugunsten des
748 1247 1863 1315 Sühne“ von Siegfried Trebitsch und den Schluß machte
1858 1253 3002 1327 und sein Adlatus Hock fühlen sich offenbar als die Voll¬
112 1288 748 1349 n führen konnte, gelungen sein,
739 1283 1854 1354 Sternheims „Kassette“, die selbst dem modernen Burg¬
1858 1305 3013 1372 strecker jener teils mit verschwommenen kommunistischen
101 1338 748 1385 uen und die Clique jubelt muin,
752 1335 1853 1408 theaterpublikum über den Strich ging und zu den bekannten
1862 1346 3002 1418 Schlagworten jonglierenden und diese moderne Strömung
114 1362 751 1433 chmann, der emsig fleißige Ar¬
748 1379 1863 1445 Sturmszenen führte, denen verdientermaßen schon jedes
1850 1397 3002 1479 bewußt geschäftlich ausnützenden, teils unbewußt, durch
128 1409 747 1480 Regisfeur und wie dergleichen
748 1426 1853 1488 der genannten früheren Stücke hätte zum Opfer fallen
1847 1438 2984 1499 ihre unserem Volke völlig fremde Wesensart dazu ge¬
97 1458 740 1537 dem Burgtheater erhalten bleiben
749 1466 1854 1539 sollen. Daß bei einem Teile, diesen Stücke sich eine sehr
1850 1484 3005 1557 trieben, unsere nationalen Gefühle und sittlichen An¬
103 1512 746 1564 n im alsgemeinen nicht an den
749 1510 1858 1579 prägnante kommunistische Tendenz bemerkbar machte, sei
1853 1528 2993 1590 schauungen beleidigenden Clique, die in den Privat¬
746 1553 1261 1617 nur so nebenbei erwähnt.
129 1555 751 1615 Herrn Heine hinsichtlich der
1845 1571 2989 1632 theatern leider wehrlos ihnen ausgelieferte Objekte erblickt
133 1591 752 1660 engagierten Schauspieler und
779 1600 1851 1665 Jedenfalls deutet die Annahme gerade dieser Novitäten,
1853 1620 2997 1701 und der nun auch das Burgtheater zur Exploitierung über¬
105 1633 744 1699 Stücken, die natürlich selbstver¬
735 1633 1854 1715 zu denen noch einige Werke französischen Ursprunges
1853 1661 2235 1725 geben werden soll.
108 1677 758 1743 Für jeden sein müssen, dem man
737 1692 1859 1756 kamen, nicht an, daß das Burgtbeater des Herrn Heine
1887 1689 2989 1772 Will Präsident Vetter dazu seine Hand bieten? Soll etwa
111 1733 754 1794 ers anvertraut. Aber wir können
744 1742 1852 1802 sich, wie wir es von ihm fordern müssen, verpflichtet
1846 1736 2994 1810 dazu eine so gewaltige Machtfülle in einer einzigen Person
97 1769 747 1837 tnis nicht verschließen, daß unter
738 1786 1849 1850 fühlt, ein getreues Spiegelbild des literarischen Schaffens
1857 1800 2990 1849 vereinigt werden? Sollen die Nachrichten, daß sich aus den
107 1822 736 1885 lich der Rollenbesetzung einzelne
745 1829 1849 1893 des bodenständigen deutschösterreichischen Schrifttums, das,
1856 1840 2985 1890 Bankkreisen Mäcene gefunden haben, die das Defizit des
116 1866 737 1916 wurden, indem einige jüngere
741 1871 1856 1928 um nur einige Namen zu nennen, die bisher ganz aus¬
1845 1885 2979 1957 Burgtheaters decken wollen, etwa dahin verstanden werden,
120 1908 745 1962 über Gebühr und zum Schaden
735 1911 1857 1970 geschlossen waren, unter anderen durch Kralik, Do¬
1847 1929 2984 2003 daß dieses Geld, das ob seiner Provenienz sicher sehr ver¬
103 1953 754 2006 urden, beispielsweise Herr Schott,
737 1962 1845 2024 manigg, Kranewitter und Madjera, vertreten
1851 1962 2988 2040 dächtig erscheint, volksfremden Cliquen und Tendenzen zur
96 2001 743 2059 Belden, die man ihm anvertraut,
746 2001 1858 2072 wird, im Spielplane zu bieten, und das Publikum gleich¬
1857 2000 2984 2087 vollen Herrschaft im Burgtheater verhelfen soll? Auf alle
109 2045 1853 2108 t. Doch das ist nich der Haupt=zeitig mit den bedeutendsten Schöpfungen der lebenden,
1842 2058 2990 2127 diese Fragen wird Herr Vetter, so bald als möglich, klipp
115 2069 755 2141 weiteren Verbleiden des Herrn
732 2085 1858 2160 deutsch empfindenden reichsdeutschen Bühnenschriftsteller
1857 2088 2994 2156 und klar Antwort erteilen müssen, wenn er nicht will, daß
109 2124 745 2191 er Stellung nur mit schweren
736 2135 1855 2198 bekannt zu machen. Wie reich die zeitgenössische Pro¬
1842 2146 2979 2204 man von ihm annimmt, daß er das Exekutivorgan dieser
107 2173 746 2223 Poran wir uns stoßen, das ist
739 2178 1858 2244 duktion, die da diesseits und jenseits unserer Grenzen
1848 2189 2985 2258 volksfremden Cliquen sein wili. Klarheit in diesen Dingen ist
111 2212 747 2276 Stücke, die er uns brachte, und
740 2225 1845 2284 in Frage kommt, ist, beweist die Liste der vom Hofrate
1851 2240 2977 2306 aber auch deshalb geboten, weil Herr Heine sein Programm
133 2255 744 2319 überaus unglückliche Hand be¬
738 2262 1853 2328 Millenkovich angenommenen Stücke, die Herr Heine und
1848 2283 2992 2346 für die nächste Spielzeit bisher in mysteriöses Dunkel hüllte,
135 2293 746 2367 s wir vom Burgtheater fordern
738 2306 1853 2366 seine Helfershelfer, wie es fast scheint, nur deshalb, weil
1850 2318 2990 2379 während die Herrn Strauß und Schalk ihr Aktionsprogramm!
100 2341 743 2416 rossstem Widerspruche steht. Dies¬
730 2352 1853 2413 sie von Herrn Millenkovich angenommen worden und
1846 2366 2983 2423 für den konmenden Winter urdi m ### bereits offen dar¬
105 2392 742 2451 nder Grundsatz der zu sein, nur
738 2397 1846 2463 nach dessen Ansicht dem christlichgermanischen Geiste ent¬
1846 2414 2986 2482 gelegt haben. Von diesem Arbeitsprogramme des neu# instal¬
116 2441 745 2495 irgendwie dem christlichgermani¬
740 2441 1845 2505 sprungen waren, ablehnten und ihren Verfassern zurück¬
1838 2453 2979 2525 lierten Herrn Direktors und seines Protektors wird es
105 2482 735 2539 pricht, das sein Vorgänger ver¬
731 2488 1846 2543 stellten. Es sind das: „Unserer Kinder Land“ von Ferdinand
1842 2494 2986 2556 abhängen, wie wir uns als die Verireter der bodenständigen
122 2527 744 2588 ität, daß am Burgtheater wohl
741 2522 1849 2598 Bronner, „Struensee“ von Otto Erler, „Schloß Zeitvorbei“
1844 2545 2981 2607 deutschen Bevölkerung Wiens zu den beiden Herren verhalten
117 2563 746 2627 zur Aufführung gelangen, wie
737 2581 1838 2636 von Max Halbe, „Winterballade“ von Gerhart Hauptmann,
1835 2595 2983 2661 werden, und wir wissen, daß unsere diesbezüglichen Sorgen
115 2606 745 2685 in dem die Weltherrschaftsmission
745 2622 1854 2682 „Der gläserne Berg“ von Mirko Jelusich, drei Einakter
1840 2644 2974 2700 und Befürchtungen, aber auch unser fester Wille, mit aller
131 2660 735 2725 wird, während kein der Ver¬
732 2661 1854 2721 aus den „Sieben Todsünden“ von Fr. Kranewitter, „Wieland
1847 2678 2984 2745 Entschiedenheit gegen die Fortsetzung des bisherigen Kurses
116 2699 1850 2771 Volkes dienendes Stück unter der Schmied“ von Fr. Lienhardt. „Das Fenster“ von Joset
1846 2725 2986 2798 im Burgtheater anzulämpfen, von vielen der besten unserer
103 2745 1844 2810 ngte, sprachen wir schon jüngst. August Lu# und Schönheirs neue Bearheitung sem:
1836 2768 2973 2847 Mitbürger geteilt werden. Auch darüber wird in kürzester
108 2800 2574 2862 ch dufelle volbsstemde, unser Marchenspalte „Da Königleich : Um diese Stücke wurden, Zeit volle Klarheit geschafsen werden.
102 2838 1886 2919 edigende Eimeitigkeit bei der wie gesagt, von Herrn Heine, obwohl sie sein Vorgänger!
2472 2849 2970 2942 Haus Buchsesn
