3344 4320
2398 172 2859 281 box 3375
232 188 2266 293 28. Die Schuestern-oder-Casanoua in Sna
2521 820 3140 918 ###0 oze Eahlen für dte
164 889 3140 949 Denn fül Spotigeratefaber die Mannes= mit der Frauenseele vergleichen, so stellt der Frauenseele. Die Politik hat uns den Mann verdorben, würde
107 927 3147 990 te. Die Fußballverbände Mann gewöhnlich den auhig überlegenden Verstand dar, der sie nicht auf die Frau viel eher noch verderblich wirken mit
635 1060 3145 1101 aus der gleichen Stadt von Andrea entführi. Preimal sind hier  steupelloser Schwindter. Ein pfiffiger Menschenkenyer; ein Fra n¬
121 1054 397 1168 kton.
615 1068 3140 1164 dramatische Fäden angeknüpft, dreimal könnte sich die Lebens= genießer; der Erotiker schlechtweg; einer, dem schon der Ruf der
604 1128 3133 1204 und Liebeskomödie theatralisch auswirken, doch kaum ist der ge= Unwiderstehlichkeit alle Frauenherzen aus Neugierde zufliegen läßt,
122 1156 248 1252 kr.
618 1177 3147 1259 wisse „Knoten“ da, wird er gleich wieder aufgelöst und vor Schnitzler gibt ihm keine neue, eigene Farbe. Er läßt ihn auch
136 1226 636 1292 oder „Casanova in
634 1240 3137 1309 lauter Motiven kommt es zu keiner Handlung, wird das, was nur von außen her in die Handlung eingreifen, sozusagen Ursache
126 1257 636 1357 te in einem, von Artur
626 1279 3148 1360 als dramatischer Auftakt zu gelten scheint, durch einen falschen des Spiels sein.“ Und hier ist ein drittes Motiv vertan: den
609 1323 3146 1395 Tastengriff auf eine andere Melodie übertragen. Grundton ist: Helden Casanova im eigenen Spiegel zu zeigen, nicht wie er sich
615 1369 3152 1450 ein junges Mädchen entflieht mit einem jungen Mann aus dem vor den andern spiegelt. (Freilich: es gibt, als Vorläufer dieses
133 1386 280 1485 son.
617 1415 3142 1484 Elternhaus. Gestern noch ganz Liebesleidenschaft für den Einen, Stückes, eine der schönsten und duftigsten Novellen Schnitzlers
130 1474 3147 1546 asanova. Gestern war er wird sie über Nacht eine wie viele (wie alle Frauen, sagt indirekt „Casanovas Heimkehr", worin das letzte Abenteuer des Ge¬
121 1524 3146 1580 traßenbummler, heute ist der Dichter). Sie stand, des Liebsten harrend, in der Nacht alterten geschildert ist und die letzten Masken zu fallen scheinen.).
130 1570 1875 1631 n Held verruchter Liebes- nackt im Fenster, da schwingt sich einer, Herr Casanova nämlich,
1869 1563 3142 1641 Und noch ein viertes Handlungsmotiv ist da: Flaminia, jene andere
132 1621 1877 1685 ilosoph, Hochstapler. In zu ihr ins Zimmer, und eh sie sich noch besinnen kann, nimmt
1865 1607 3145 1685 Frau, die auf Casanova in der Nacht gewartet hat und nun
120 1651 1880 1734 sagen mit latenter Genuß= er sie. Nach der Gier dieser Stunde weiß sie wohl, was geschehen,
1873 1661 3145 1743 efährt, daß der Ersehnte wohl zu ihr gewollt hat, doch irrtümlich
126 1701 1871 1773 erwandter, nur im Blut dennoch erscheint es ihr nicht als Schuld. „Es“ hat sie getrieben,
1867 1713 3147 1776 zu einer anderen ging. Sie ist bestohlen und doch nicht bestohlen.
132 1739 643 1827 nitzler heute nun zu dem
625 1762 3143 1822 überwältigt, jenes „Es“, das schon Herr Beer=Hofmann im Grasen Sie hat Casanova besessen, ohne daß er bei ihr war, denn¬
140 1809 3149 1869 steht er wohl auch schon von Charolais als das geheimnisvoll-räiselhafte Weibmysterium schließlich glaubte er ja, daß sie es gewesen. Es ist noch ein
136 1854 3142 1921 achtungsart, aber zugleich literarisch abgestempelt hat. Anina findet sich noch genau viertes, ein fünftes Motiv da; es ist überhaupt alles zu einem
153 1885 631 1969 darob ein bißchen, ist
625 1894 2576 1964 so dieselbe, die sie vorher war; indem sie ihrem Bräutigam das Lustspiel vorhanden, vorgesehen —
2561 1916 3140 1969 und wieder fallen gelassen,
121 1955 3142 2016 cht die Einseitigkeit eines nächtliche Erlebnis freiwillig eingesteht, fühlt sie sich zugleich dem Dichter aus der Hand geglitten. Man merkt es endlich auch
132 2001 3141 2060 denselben Punkt kreist, entsühnt und seiner genau so wert wie früher. (Das ist das eine der den Figuren, will sagen: den Rollen an. Sie sind plastisch um¬
134 2049 1876 2124 nen, daß hier nur eine Motive, nicht ganz lustspielmäßig zwar, aber dem Lustspiel schon nahe.)
1860 2049 3143 2107 rissen aber nicht ausgefüllt. Eben noch in Aktion, werden sie
133 2090 628 2152 : immer mit Worten und
728 2098 1869 2164 Das zweite Motiv: der junge Mann hört diese Veichte, ist
1863 2099 3139 2159 schließlich nur Rede. Und des Rätsels Sinn ist wiederum nur
128 2147 3145 2203 he Relativitätstheorie auf-entsetzt, verletzt, zürnt zerreißt das Band zwischen sich und der ein Spiel mit Worten: Casanooa selbst wird aufgefordert, zu
142 2189 622 2258 es bloß auf den Stand¬
616 2197 3141 2247 Geliebten. Da kommt Casanova zur Tür herein und pumpt ihn entscheiden, welche von den beiden Frauen eigentlich die Betrogene
134 2241 637 2312 on unten, von oben, von
620 2243 3138 2300 an. Er will die Stadt verlassen, denn ein eisersüchtiger Ehemann, war: jene, die ihn erwartete und zu der er nicht kam, oder
124 2289 3145 2338 ckwärts besehen, sich aus= zu dessen Frau er heute nacht sich schlich, lauerte ihm auf. Und jene, die er überfiel und doch eine andere in seinen Armen zu
143 2335 3134 2387 alles auf Worte hinaus. nun stellt sich heraus, daß Casonava gar nicht weiß, wen er be¬ halten wähnte. Casanova spricht: Keine von beiden ist betrogen.
130 2383 3148 2439 ue, Liebe gerade so wie sessen hat. Er, wollte zu Flaminia im Hotelzimmer nebenan, er Betrogen ist nur der Liebhaber, denn eigentlich besaß
129 2416 1874 2499 Nichts ist wirklich, alles irrte sich im Feuster und nahm ahnungslos Anina. Der junge,
1860 2430 3136 2495 er keine. Noch eine andere Entscheidung aber ist nötig: Wie soll
126 2473 1871 2537 schaftliche Angelegenheit, betrogene Bräutigam ist ein philosophischer Denker; er klärt Herrn
1861 2483 3122 2539 sich Andrea, der Bräutigam zu Anina stellen, die ihm doch
147 2530 3138 2575 eh wie je durchschritten; Casanova auf, pumpt ihm sogar das Geld und wünscht ihm viel schließlich die Treue brach. Treue? sagt Casanova. Wenn eine
136 2575 1858 2639 t, erwartet, wünscht man, Glück auf die Reise. Nun ist ja für den Bräutigam alles gut.
1854 2576 3134 2641 Frau zurückkehrt, dann ist es die wahre Treue. Nur die Wieder¬
109 2616 3145 2703 Dder ist zu dem Thema Niemand weiß, was zwischen Anina und Casanova geschehen, nur kehr, von wo es immer sei, ist der wahre Beweis. Das ist, man
119 2665 1872 2740 nwer vermißt sich zus er und seine Braut, kein Dritter ist eingeweiht, also kann man
1864 2662 3132 2730 mag zustimmen oder nicht, sehr geistvoll ausgedacht, aber doch
122 2713 617 2779 mmer neuen Erkenntnissen
603 2720 1867 2784 wohl vergessen, auch verzeihen. (Das ist das zweite Motiv. Es
1862 2713 3134 2774 immer nur Relativitätstheorie. Es ist ein Spiel an der Ober¬
116 2764 1865 2841 imm, wenn das Rad der ist, durch diese heitere Verwechslung, ganz im Lustspielmäßigen
1852 2776 3132 2843 fläche der Dinge, ein Arrangement hübscher Sentenzen, heitere
588 2805 3136 2884 verwurzelt, hat auch einen seelischen Einschlag und bleibt trotzdem Antithesen, melancholisch, skeptisch, fast müde. Statt eines
119 2832 627 2932 piels. Nicht doch: der
618 2868 1181 2951 da wie dort ganz ungenutzt.)
1832 2859 3120 2935 Theaterstückes ein novellistischer, verspielter Essay zu einem
120 2908 638 2986 der junger Mann aus
710 2924 3134 2968 Das dritte Motiv: das ist Herr Casanova selbst. Wer ist ewigen Thema. Wie sehr Artur Schnitzler am wesentlichen,
123 2954 3136 3055 ina, ein junges Mädchen er? Der Mann der Memoiren. Ein strahlender Edelmann und am dramatischen Einfall selbst vorbeiging und seine gewohnte
2869 4091 3185 4182 e
