3344 4352
2432 189 2904 286 box 3375
812 202 1013 271 hweS
274 194 2295 304 28. Die Schaestern-oderCasanova in Sna
2133 1216 2337 1310 K
877 1278 1907 1341 gegen ein Elementarereignis machen? Sie ist daher
1902 1298 2952 1359 Flaminia ein, hört, worum es sich handelt und gerät
162 1284 614 1394 Feuilleton.
879 1323 1905 1391 nach wie vor der Zärtlichkeit ihres Bräutigams
1913 1343 2956 1420 gleichfalls in flammende Entrüstung. Eine Diebin
863 1351 1909 1428 würdig. So räsoniert sie. Für diese erottsche Kasuistik
1908 1383 2948 1437 hat ihr also den Liebsten abgefangen! Und diese
878 1413 1914 1480 ist Andrea nicht empfänglich. Darüber kann kein!
1900 1422 2963 1494 Verruchte will den Mann, den ein blinder Zufall ihr
165 1415 628 1528 Burgtheater.
865 1461 1908 1532 Mann hinweg — das ist sein Standpunkt. Er braust
1900 1475 2947 1550 gegönnt, wieder an sich locken! Wer hat ein Recht
867 1506 1896 1571 denn auch auf und zieht den Degen. Wir stehen schon
157 1501 855 1597 al: „Die Schwestern ober
1902 1522 2949 1584 auf Casanova? Sie, Flaminia, der die Liebesnacht
851 1561 1901 1629 mit einem Fuß in einer Tragödie. Da erscheint
174 1558 853 1635 in Spa.“ Ein Lustspiel in
1895 1570 2955 1644 zugedacht war, oder Anina? Da jedoch keine von
853 1604 1893 1680 Casanova. Und nun verflüchtigen sich die finster
194 1598 862 1683 Aktein einem von Artur
1895 1611 2945 1684 beiden weichen will, unterbreitet Andrea dieses ver¬
862 1652 1898 1722 drohenden Wetterwolken der Tragödie, und der
198 1653 544 1728 Schnitzler.)
1901 1663 2937 1728 zwickte Problem in der Verschleierung einer Ge¬
868 1699 1836 1765 heitere Himmel des Lustspiels beginnt zu blauen.
1890 1702 2944 1789 schichte, die zwei Schwestern widerfahren, dem Baron
159 1685 874 1777 üle Sommernacht. Anina, eine
947 1742 1901 1810 Was will Casanova? Andrea anpumpen! Er
1900 1754 2937 1812 Santis zur Lösung und dann dem wieder auf¬
163 1761 871 1829 talienerin, blühend, glühend, starrt
875 1767 1894 1861 tut dies mit liebenswürdiger Unverfrorenheit. Er
1887 1794 2945 1875 getauchten Casanova selbst, der die Sache durchschaut.
165 1811 873 1878 er ihres Hotelzimmers in den Park.
870 1840 1900 1913 muß Knall und Fall Spa verlassen, benötigt dazu
1980 1848 2942 1926 Die entscheidende, fröhliche Lösung bringt indes
156 1859 861 1929 khnsuchtsvoll ihren Geliebten und
855 1876 1885 1954 tausend Dukaten, just jene Summe, die Andrea
1892 1892 2952 1984 die Tänzerin Teresa, die plötzlich hereinschneit. Teresa
172 1907 867 1974 jungen Edelmann Andrea Bassi,
858 1934 1898 1996 dem alten Lebemann Gudar abgewonnen. Was ihn
1892 1942 2936 2026 liebt Casanova und betrügt ihn. Er weiß es und
169 1953 875 2033 hat und mit dem sie in Spa, wo die
867 1985 1893 2044 zu diesem hastigen Verduften zwingt? Ein kleines
1891 1991 2948 2048 fügt sich lächelnd in sein Geschick. Weil Teresa ihm die
175 2000 859 2069 in eine Gesellschaft von Glücks¬
858 2023 1901 2088 Abenteuer, eine nächtliche Liebesstunde bei einer
1881 2037 2942 2111 Treue wahrt. Die Treue? Ja wohl! Denn sie kehrt
164 2039 873 2118 Da taucht ein Mann auf, schleicht
856 2068 1885 2130 reizenden jungen Frau, bei Andreas Zimmer¬
1898 2086 2941 2154 nach jedem erotischen Ausflug zu ihm zurück. Nach
168 2096 869 2165 ingt sich über die Brüstung des
864 2115 1897 2180 nachbarin Flaminia, in deren Gemach er durch das
1889 2130 2939 2192 jedem Betrug immer wiederkehren, das ist nämlich
161 2144 853 2212 unkles Gemach. Nicht ihr Geliebter,
862 2165 1884 2233 Fenster hineingeturnt. Ihr Gatte, der fragwürdige
1882 2175 2932 2258 der höchsie Beweis der Treue eines Weibes! Diese
166 2190 865 2261 kecke Eindringling ist der 32jährige
862 2213 1881 2280 Baron Santis, ein Kuppler, mitunter aber auch ein
1887 2224 2937 2286 Weisheit empfinden die drei Frauen instinktiv, und
167 2237 852 2301 erühmte und berüchtigte Frauen¬
865 2263 1894 2318 rasender Othello, hat Verdacht geschöpft und könnte
1884 2270 2937 2325 sie verschwistern sich im Handwenden. Dem Andrea
168 2286 853 2370 je vor wenigen Stunden am Spiel¬
858 2305 1873 2369 ihm mit einem tückischen Dolchstoß aufwarten. Darum
1881 2319 2941 2380 träufelt Casanova diese Philosophie mit glitzernder
157 2328 551 2391 l kennen gelernt.
852 2353 1882 2416 muß er fort. Casanova erhält das Geld und ver¬
1880 2367 2930 2423 Sophistik ins Gehör. Und sie leuchtet ihm ein. Sie
159 2360 850 2445 ungslos duldet sie seinen Kuß. Ein
857 2391 1887 2467 abschiedet sich mit den herzlichsten Wünschen für das
1880 2413 2927 2462 dringt ihm sogar ins Gemüt, denn er wandelt am
167 2418 862 2491 der sie durchschauert und ihren
861 2426 1514 2514 Wohlergehen des Liebespaares.
1874 2462 2931 2510 Schluß Arm in Arm mit dem neugewonnenen
170 2476 865 2552 dwird sie die Seine. Tags darauf
953 2485 1880 2558 Andrea atmet erlöst auf und ist bereit, das
1883 2494 2933 2578 Freunde Casanova zur Tafel in den Park, wo fröh¬
171 2514 846 2579 freiwillig, halb gezwungen, ihrem
862 2526 1881 2609 unselige Ereignis zu vergessen, seiner Braut zu ver¬
1881 2542 2931 2638 liches Lachen erklingt und heitere Musik. Das ist der
161 2559 857 2632 Erlebnis. Nicht als Sünderin, nicht
1889 2573 2406 2661 Grundriß der Handlung.
845 2586 1885 2652 zeihen. Anina ist über diesen jähen Umschwung
170 2608 852 2679 O nein! Als eine, die sich
856 2623 1882 2700 empört. Sie ist also makellos, keine Dirne mehr, bloß
1973 2641 2931 2718 Es war in den Sternen geschrieben, daß
169 2656 857 2728 Sie ist ja morgens aus der
858 2675 1878 2755 deshalb, weil Casanova die Verwechstung nicht ahnt!
1875 2684 2936 2765 Schnitzler den Schatten Casanovas heraufbeschwören
160 2694 858 2779 g des Fremden reuelos wie aus
860 2723 1873 2794 Jetzt will sie selbst hinausschreien, was sich zu¬
1879 2736 2926 2815 würde. Zwischen dem Rattenfänger Anatol und dem
164 2756 1880 2838 cht. Es war eben ein, allerdings getragen! Denn jetzt erst ist ihr klar geworden, daß
1881 2784 2928 2874 Liebeskünstler des 18. Jahrhunderts spinnen sich
165 2800 2931 2871 lementarereignis. Was läßt sich sie Casanova liebt. Sie will ihm nachreisen! Da tritt ja einige Fäden einer geheimen Seelenverwandt¬
