3392 4320
2415 133 2870 237 box 33/5
251 151 2264 240 28. Die Schuestern oder Casanova in Sna
1346 1017 3051 1089 milie: beide entzückend und aufreizend jung. stern“ Flaminia und Anina in dem einen
548 965 1328 1155 Theater und Kunst.
2204 1084 3052 1141 Punkte: Weib zu sein. Wenn sich die Männer
1355 1077 2190 1139 Das zweite Paar: er ein angeblicher Baron
2201 1130 3047 1187 so gut verstünden wie die Frauen, wär's
1363 1124 2190 1188 Santi, Flamina eine ebenso anständige Frau;
755 1140 1121 1245 Burgtheater.
2192 1176 3052 1236 leicht zu leben, sagt Casanova, da er die drei
1354 1171 2190 1234 eines von des andern Fischzügen lebend,
2202 1220 3052 1273 eng beisammen sieht. Soll man das als Er¬
1362 1217 2194 1279 von Spiel, Liebe und ähnlichen Geschäften,
496 1215 1356 1302 Arthur Schnitzler: „Die Schwestern“ oder
2201 1274 3046 1333 trag des Abends mit nach Hause nehmen?
1357 1272 2194 1348 zwischendurch eifersüchtige Eheleute, wenn's
719 1276 1182 1357 „Casanova in Spa“.
2265 1307 3061 1375 Kaum, daß vielleicht ein anderer Casa¬
1366 1310 2189 1371 ihnen paßt. Und dazu Casanova, „ein ehr¬
582 1318 1348 1398 In Schnitzlers Novelle „Casanovas
2202 1355 3083 1427 nova im letzten Akt stärker fesseln könnte als¬
1351 1367 2187 1430 licher Gauner“, ein Ehrenmann, dem man
507 1378 1352 1458 Heimfahrt“ geschieht es, daß die junge Mar¬
1351 1409 2197 1479 nicht vertrauen darf, blendend, weltgewandt,
2194 1414 3047 1464 Herr Treßler, der den Abenteurer, den
504 1435 1354 1504 colina im Dunkel der Nacht Casanova um¬
2196 1453 3053 1517 überlegenen, gewitzten, unbedingt über¬
1351 1459 2192 1520 jeder Situation gewachsen. Einen und einen
503 1484 1353 1551 fängt, des Glaubens, ihren Geliebten in den
1356 1508 2193 1562 halben Akt lang ist das die amüsanteste Ge¬
2189 1508 3047 1563 redenden „Kavalier“ spielt, aber doch nicht
500 1538 1349 1595 Armen zu halten. Morgens erkennt sie den
2189 1557 3040 1621 der blendende, hinreißende Casanova ist,
1359 1562 2181 1626 sellschaft, der man seit langem begegnet,
507 1586 1349 1654 Betrug mit Scham und Entsetzen. Denn
1347 1608 2195 1662 dann — fängt das Lustspiel an aufzuhören.
2199 1601 3054 1679 zauberkräftig wie sein Name; ein distin¬
505 1632 1375 1688 dieser Casanova war ein Mann mit einem
1427 1650 2185 1716 Das soundsovielte Abenteuer des Vene¬
2198 1643 3054 1721 guierter Hochstapler, der „aus dem Stegreif
505 1678 1346 1743 gelben Gesicht voll tiefgegrabener Falten,
1352 1697 2192 1749 tianers hätte den Titel „Flaminia“ tragen
2198 1696 3051 1763 lebt“, aber nicht der Erotiker, der aus dem
498 1732 1353 1807 schmalen Lippen, stechenden Augen, war ein
2190 1742 3045 1815 Stegreif liebt. Nebenbei stimmte es auch mit
507 1778 779 1852 alter Mann.
1356 1788 2188 1860 Hotelzimmerfenster, durch die man vom
2199 1794 3052 1854 den vorgeschriebenen zweiunddreißig Jahren
585 1825 1358 1895 Zweiunddreißig ist Casanova in Spa.
1359 1834 2189 1901 Garten her einsteigen kann: und das Ka¬
2198 1849 3044 1908 nicht ganz. Die Flaminia der Frau Retty
512 1863 1355 1952 Auf der Höhe seines „Ruhmes“, daß ihm
1361 1891 2184 1951 pitel heißt „Anina“. Wer ist nun be¬
2195 1898 3050 1963 zuerst von einer bezaubernden spielerischen
505 1935 1352 1988 keine Frau widerstehen könne, von den
1350 1942 2190 2005 trogen: die Frau, deren Beseligung einer
2198 1934 3046 2011 Ueberlegenheit der älteren Schwester, vir¬
518 1977 1351 2037 Gatten gefürchtet, schön und frech. Wenn
1360 1990 2185 2050 andern zugedacht war, die aber nun einmal
2194 1981 3052 2058 tuos in den Registern, dann des in seiner
506 2022 1343 2086 nun dem Casanova eine Novelle passiert,
1353 2037 2181 2098 beseligt ward; oder die andere, die ein Casa¬
2191 2037 3047 2103 Eitelkeit gekränkten, eifersüchtigen, unbe¬
504 2076 1354 2131 in der es sich um ein Quiproquo zur Schla¬
1346 2086 2173 2155 nova besessen zu haben glaubt, der jeboch
2185 2080 3045 2150 herrschten Weibes. Ihr anmutiges Wider¬
517 2123 1349 2177 fenszeit handelt, muß das Abenteuer natür¬
1698 2130 2182 2189 — wenn man so sagen
1358 2126 1701 2186 solche Ehre bloß
2184 2127 3040 2191 spiel Fräulein Aknay als Anina, am Er¬
501 2173 1346 2233 licherweise einen wesentlich anderen Aus¬
1358 2176 2185 2236 darf — platonisch zuteil geworden? Sind es
2188 2184 3040 2232 lebnis sich zusehends wandelnd, vom Mäd¬
502 2214 1347 2285 gang nehmen als Casanovas letzte Begeg¬
1347 2223 2182 2295 die Männer der beiden? Das ist ein Pro¬
2183 2225 3043 2285 chen zur Frau reifend in einem Lächeln,
505 2262 1350 2327 nung mit der Liebe. Dieser Ausgang: das
1349 2274 3047 2341 blem, gewiß; ein geistvoller Einfall auch, dessen Werden entzückend mitanzusehen. Von
501 2312 1342 2382 ist der Inhalt der „drei Akte in Einem“ wie
1357 2323 3042 2376 Casanova selber darüber entscheiden zu den Frauen die dritte Frau Marberg,
513 2344 1345 2421 Schnitzler sein Lustspiel technisch bezeichnet.
1355 2368 2178 2428 lassen; ausgezeichnet, daß Casanova sich
2179 2372 3037 2436 zu mehr als einem farbenfrischen äußeren
504 2409 1354 2479 Man darf ruhig sagen: ein Einakter in
1360 2412 2185 2472 selbst als den am meisten, als zwiefach Be¬
2190 2424 3045 2489 Eindruck nicht zugelassen. Herrn Schotts
512 2450 1339 2520 dreien. Und da wird schon die wesentliche
1358 2460 2184 2534 trogenen erkennt. Aber das hätte auch die
2191 2468 3034 2523 feurige, schlanke Jugendlichkeit, oft flinker als
511 2503 1351 2567 Schwäche des Stückes sichtbar: ein Stoff, für
1359 2509 2182 2576 Pointe, den Schluß des Lustspiels bilden
2180 2519 3031 2585 die Verse; Ferara liegt doch nicht ganz so
507 2551 1337 2616 einen Einakter zu übermäßig, für drei Akte
1357 2564 2173 2627 müssen. Statt dessen endet das Spiel endlos
2184 2563 3050 2630 südlich, und so etwas wie ein poetisches Ge¬
497 2605 1307 2659 zu schmächtig. Um ganze eineinhalb Akte.
1332 2592 2174 2672 in Reden, in schönen, feinen, echt Schnitzler¬
2180 2616 3035 2678 müt soll der Andrea immerhin auch sein.
587 2656 2180 2712 Verlockend war sie ja sicherlich, die Lust= schen Worten, die sich mit vielem Genuß
2183 2661 3028 2724 Dem Santi gab Herr Danegger eine
500 2687 1345 2753 spielwelt in dem vornehmen Gasthof zu
1344 2706 2182 2754 lesen, doch im Theater — es ist ein hartes
2179 2714 3037 2776 Freude an seiner frivolen Lebenskunst, die
498 2741 1341 2807 Spa, der mit allem Komfort für die raffi¬
1348 2756 2171 2810 Wort, leider das rechte — langweilen. Daß
2188 2752 3043 2810 der Figur gar nicht übel steht. In den
492 2790 1337 2854 niertesten Ansprüche ausgestattet ist. Da gibt
1353 2793 2175 2860 gegen Ende noch eine dritte Frau erscheint,
2186 2801 3034 2867 wenigen Worten eines alten Haudegens
504 2835 1344 2900 es ein Paar, bräutlich in die Welt geflohen,
1350 2851 2176 2909 die berühmte Tänzerin Teresa, das wird
2179 2849 3044 2921 spiegelte Herr Heine einen Casanova von
500 2890 1340 2951 mitten heraus aus der Wohlanständigkeit,
1360 2889 2170 2958 mehr als Verlegenheit des abendfüllenden
2175 2898 3043 2968 sechzig Jahren, der junge Thimig einen
496 2937 1351 2999 mitten hinein in die Dreiviertelwelt; Andrea
1354 2942 2174 3002 Dichters denn als Gelegenheit empfunden,
2182 2952 2985 3027 noch knabenhaften aus dem Kellnerstand.
490 2978 1335 3046 Bassi, ein wohlhabender, weltfremder,
1351 2992 2183 3038 noch einen Typus zu zeigen, die verwöhnte
2252 2994 3025 3056 Schade, daß die so köstliche Novelle ein
496 3028 2181 3101 schwärmerischer Jüngling, Anina, romantisch Künstlerin, allen gehörend und doch nur
2186 3035 3029 3125 Lustspiel werden mußte, das keines ge¬
478 3076 2429 3146 entführtes Bürgermädchen aus armer Fa= einem, Schwester den ungleichen „Schwe= worden ist!
2569 3087 3004 3192 Fred Hellex
700 3163 854 3271 L
2193 3252 2851 3376 Mateg, Wient un uhr
1899 3286 2217 3386 —
674 3290 929 3402 10A
