3392 4320
2419 115 2874 215 box 3375
807 133 925 195 1we
251 126 2271 226 28. Die Sch##sternoderGasanova in Sna
630 786 2657 882 von 9 bis 11 Uhr, gelb. von 3 bis 5 Uhr. blau.  Direktion der nädnschen Gaswere je zu etzen ist.
3054 844 3252 938 H
1645 934 3354 1011 und gerät in dae Schlafimmet del ihrem Andrea dafür an, und da auch dies nichts i
1651 997 3339 1038 entgegenschmachtenden Braut. In dieser Nacht erkennt dem Haarpteil ihr ins Auge
616 937 1646 1090 „Die Schwestern oder Casanova
1652 1022 3310 1083 Anina, so heitt das willige Opfer des Zu alls den wird daran gehinder: und
1646 1065 3351 1129 vielbegehrten Casanova. aber ei#selbst hat keine Ahrrung die Baioni ist angeblich verheiratet
981 1056 1274 1178 in Spa.
1641 1113 3347 1177 daß er statt der Baronin eine andere umarmte ob= ins Zimmer. Er handelt in Roß, ##
1645 1155 3354 1208 wohl vom Leib dieser anderen, wie sie selbst beha piel, gestein. pielt Tag und Nacht, führt
801 1143 1492 1239 Lustspiel von Arthur Schnitzler.
1651 1203 3353 1260 ein Leuchten fiel ins Dunkel. Wer gäbe nicht für so und nenntssich einen Ehrenmann. H
746 1210 1654 1284 Auf dem Zettel des Burgtheaters steht: „Drei
2643 1251 2972 1308 Schieber agen.
1650 1242 2582 1310 einen Wunderleib seine letzte Karb olampe her?!
640 1263 1662 1338 Akte in einem“ Nicht eiwa, weil Ca anova der Held ist,
2759 1262 3338 1350 Dem Zankouett der Frauen,
1755 1300 2660 1358 Am anderen Tage enthüllt Anina ihrem Ge¬
639 1302 1651 1375 sondern weil es keine Zwischenakte gibi in diesem Lust¬
2648 1322 3339 1387 Zynismen von treffsicherer Komik
1657 1325 2662 1396 liebten das Geheimnis der Nacht. Sie sei aus des
645 1355 1654 1402 piel. Der Vorhang fällt nach jedem Aufzug, um sich gleich
2659 1360 3356 1431 mer würdige Wendung. Der jung
1655 1391 2651 1445 Fremden wildester Umarmung reulos wie aus Kinder¬
637 1403 1653 1453 wieder zu heben. In der Comédie-Française werden
2652 1407 3346 1471 Poet dazu trägt dem Baron in Gege
1651 1440 2650 1487 schlaf erwacht und fühle sich die gleiche, die sie war.
646 1447 1651 1489 die Stücke Molières noch heute durchgespielt, wobei
2653 1451 3353 1516 Weiber eine Novelle vor, in der er ##
1648 1483 2647 1530 Sie ist höchlich erstaunt, daß ihr Inhaber die An¬
642 1482 1641 1543 der Vorhang vor dem Ende überhaupt nicht niedergeht.
2660 1508 3347 1561 Nachterjählt und die handelnden Perio
1647 1521 2652 1575 gelegenheit mit Erbitterung und Entrunung auffaßt.
643 1531 1651 1592 Die alle S#t#e paßt nicht für unser Theater. Drei
2656 1545 3353 1601 eines Bräutigam und zweier Sch##
1642 1559 2657 1618 zumal sie an Ca anova ein Billett oone Unterschrift
636 1568 1655 1635 Akte in einem, umal gesprächige, wirken ermüdend.
2661 1591 3348 1650 läßi Und nach Schluß der Geschich
1645 1611 2657 1667 gerichtet hatte, er solle aus Dankbarkeit für die glück¬
645 1611 1650 1666 Der Zuschauer brauch Ruhepunkte und Atempausen.
2649 1636 3350 1687 eine Art Minnehot, der über die
1655 1653 2663 1702 liche Nacht die Stadt verlassen. Der ledige Menelaus
638 1659 1653 1707 Ein getstreiches Wort Schnitzlers lautet: „Lang ist
2655 1672 3345 1733 soll welcher Schwester der Jüngling
1656 1698 2665 1745 tobt und die schöne Zu allshelena ist darüber so
645 1696 1650 1753 das Leben und kurz die Ewigkeit“, aber bei zwischen¬
2646 1707 3347 1787 Baron erklärt sich ür inkompetent. i
1648 1737 2653 1796 empört, daß sie iom von ihrem dunkelsten Fleck weg
634 1746 1653 1800 altio en Stücken muß man sagen: Kurz ist das Leben
2659 1768 3352 1818 fragen mitzusprechen. Das könne
1646 1788 2654 1851 erklärt, er sei von nun an ein fremder Manu für sie
631 1788 1274 1852 und ewig so ein Theaterabend!
2656 1805 3343 1869 Casanova. Der erscheint zur rechten
1646 1821 2598 1896 wie Casanova. So wird Helena zur Sexualnora!
746 1828 1651 1889 Der zwölfbändige Unband Casanova reizt
2649 1849 3048 1923 Problem, wie folgt:
630 1870 1652 1937 unsere Tramatiker. Hofmannsthal hat ihn zweimal
1738 1861 2660 1934 Im kritischesten Augenblicke läßt sich Ca anova
2992 1887 3354 1964 „Die eine, die ver
640 1916 1651 1979 auf die Bretierwelt gebracht und nun bemächtigte
1654 1924 2656 1974 melden. Er kommt und pumpt seinen betlogenen
2731 1929 3347 2016 Wies immer kam — dem Jüngi
635 1957 1650 2023 sich des frauenbezwingenden Abenteurers auch
1648 1964 2663 2021 Babebekannten um 1000 Dukaten an. Er glaubt noch
2684 1992 3354 2059 Die ndre. die ihm höchste Huld g#
633 2007 1651 2064 Schnitzer der ihm seine von allen scharfsichtigen
1656 2014 2662 2079 immer, bei der ihm sonst wohlbekannten Baronin
2687 2039 3350 2102 Doch wie chs auch gefügl, nicht#
639 2047 1648 2110 Anttern anerkannte Anmut verlieh. Wer Lust und
1652 2057 2664 2105 glücklich gewesen zu sein, weiß also nicht, daß es
2687 2086 3347 2144 Und o erscheint in diesem Zufalls
639 2103 1650 2157 Zeu hat, die Memoiren nachzulesen, wird vielleicht
1647 2092 2662 2156 Anina warl Neber diesen Irrtum des sonst so ge¬
2695 2127 3345 2177 Die eine nicht und nicht die ander
634 2144 1646 2195 auf eine Episode stoßen, die dem Dichter die An¬
1646 2139 2668 2207 wiegten Frauentenners ist Andrea hocherfreut und
2685 2170 3345 2224 Der gute Jüngling als zumeist bei
629 2182 1651 2234 regun zu der Handlung seines Lustspieles gab.
1656 2184 2668 2251 bewilligt (Amerika, nimm dir ein Weispiel dran!)
2683 2214 3343 2273 Und rühmt er elwa seines Sieges
633 2220 1652 2286 Wiebeicht auch nicht. Casanova ist da in ein Abenteuer
1642 2221 2664 2285 die erbetene Valutaanleihe. Dann aber erklärt
2683 2252 3346 2312 Als Lügner müßten beide Fraun i
630 2267 1642 2332 verwickert, welches eher von Boccaccio sein lönnte,
1643 2267 2661 2323 er der Braut, die auf Lösung ihres Ver¬
2691 2301 3352 2368 Denn wenn mans recht erwagt de
642 2315 1655 2382 wenn es nicht von Schnitzler wäre. Ein Geistbold geht
1652 2311 2664 2381 hältnisses besteht, daß Casanovas nächtlicher
643 2361 1648 2403 dain um, und der Frivoltätigkeit sind keine Schranken ge¬
2766 2343 3328 2403 Man wird nicht mit Unrecht
1645 2354 2667 2434 Besuch nicht ihr, sondern verabredetermaßen der
646 2398 1654 2462 sogen. Der Tichter des „Reigen“ lichert durch das Stück
1655 2401 2643 2455 Baronin gegolten habe. Nun ist Anina erst recht böse.
2650 2389 3347 2476 wir dermalen andere Sorger haben
642 2426 1651 2493 und schlägt amüsante Kapriolen, was ihn aber nicht
2658 2447 3291 2505 solche Minnegerichtsfragen zu
1651 2446 2660 2500 Sie kann weder verzeihen noch vergessen, sie packt
638 2480 1650 2546 hindert, gelegentlich Psychologie zu treiben oder den
2657 2492 3337 2546 Schnitzler wirh dagegen behaupten, d
1657 2490 2656 2544 ihre Koffer, um auf und davon zu gehen. Im rechten
635 2533 1653 2592 Scherz mit =feinen Ironien zu würzen. Und man ist
2653 2533 3346 2601 geschilderte Sippe des achtzehnten I#
1654 2536 2653 2587 Moment findet die Baronin sich ein, die das uner¬
634 2575 1649 2647 wieder einmal, wie schon so oft bei Schnitzler, ange¬
1655 2573 2660 2643 fahrene Mädchen gutmütig zum Bleiben veranlassen
2651 2572 3328 2635 keine andere Sorgen hatte. Da la
643 2618 961 2682 nehm entrüstet.
1643 2622 2658 2679 will, aber bald den ganzen Sachverhalt erfährt. Sie
2655 2616 3352 2675 machen. Und wie endet das Lustspik
751 2637 1652 2719 Wegschauen — es folgt eine kurze Inhalts¬
2647 2661 3351 2713 neuen Mißoerständnis. Der Dichters
1651 2657 2666 2724 schäumt vor Wut über den ihr weggeliebten süßen,
637 2697 1643 2761 angabe! Zeit: Mitte des achtzehnten Jahrhunderts,
2644 2700 3355 2764 Degen gegen Casanova, aber die Ba##
1653 2707 2655 2762 Bissen, nach welchem sie schon so lange gedarbt; sie
643 2743 1655 2818 Schauplatz: Elegantes Zimmer in einem vornehmen
2655 2744 3356 2803 Duell mit dem Aufschrei: „Mein
1658 2747 2656 2802 nennt Anina Diebin, Mörderin, Verruchte, Ver¬
637 2795 1652 2848 Gasthof des berühmten Badeortes Spa. Das Zimmer
2649 2796 3352 2866 verhindern, worauf wieder der B#
1645 2795 2651 2850 worfene und Schamvergessene! Und was erwidert
641 2836 1653 2897 wird von einem wohlhabenden jungen Mann, Andrea
2657 2835 3308 2893 zieht, weil er glaubt, seine
1652 2836 2657 2897 die Siebzehnjährige? Sie schlägt vor, beide Frauen
638 2876 1657 2943 Bassi und seiner „Braut“ bewohnt, einer holden
2653 2887 3343 2948 Opfer der Verwechslung gewesen.
1652 2887 2667 2933 sollen zu Casanova gehen, der die Entscheidung treffe,
644 2921 1656 2978 Siebzehnjährigkeit, die er entführt hatte, ohne auf
2646 2911 3349 2995 bleibt ungelöst, aber der Lustspie
1654 2924 2666 2988 wer von ihnen das beffre Recht an ihn habe. „Ge¬
638 2962 1657 3025 Widerstand zu stoßen. Er ist Student und Poet dazu
2650 2967 3337 3031 einer alten Liebe Casanovas, der
1641 2964 2656 3036 meinsam gehen wir, eine kehrt zurück.“ sagt sie. „Das
638 3010 1653 3061 und daher passiert ihm ein dramatischer Stoff. In
2661 3014 3345 3077 entzweigehauen, die nach einer läng
1652 3013 2658 3073 wär' ein ungleich Spiel,“ schreit die brünstige
639 3047 1648 3118 einer Nacht, die er zum ersten Male in Gesell¬
2649 3052 3313 3115 Treulosigkeit reuig zurückkehrte u
1657 3048 2655 3106 Baronin, „erst wenn auch ich ihm eine Nacht geschenkt,
633 3083 1655 3153 schaft von Abenteurern und Trieblerinnen am
2649 3095 3350 3157 entführt, wo sie in der damals noch
1659 3099 2661 3156 ward unser Anspruch gleich, dann barf er wählen.“
2662 3149 3326 3206 ein Engagement an der kaiserlichen
627 3128 2660 3199 Spieltisch verbringt, werden ihm von seinem Nach dieser einen Nacht will sie ihn zurückstellen und
633 3174 2660 3231 Liebchen ganz eigenartige Hörner aufgesetzt. In dieser dann mag ihn die andere ewig für sich behalten. Sie
2655 3190 3345 3241 Jahresgage von 6000 Gulden an
626 3231 2660 3285 Nacht wird Ca anova von einer hingebungsvollen fleht herzzerreißend um diesen Gang zum Liebes¬
2661 3235 3358 3282 folgt ihr, gibt aber vorher dem b#
631 3265 3342 3351 (Baronin erwartet, aber er verwechselt die Oertlichkeit turnier, sie bietet der Nebenbuhlerin ihre Perlen den Ra sich mit seiner Anina a
