3392 4256
1214 694 1306 768 —
1262 164 1343 211 *
1383 104 1425 178 2
1373 172 1465 232 12
1588 107 2191 175 Arthur Schnitzlen
1537 150 2548 232 So lautet der Titel der Buchafesgabe und er ist
1454 218 2552 283 wohl für das Stück viel bezeichnendet als der den der
1447 258 2543 319 Theaterzettel vom Freitag brachte. Ein echt Schnitzleri¬
1445 324 2535 389 sches Stück, „drei Akte in einem“, nicht ein „Lustspiel
1456 361 2546 437 in 3 Aufzügen“ Schnitzler hat dom Wesen unsd Le¬
1446 411 2540 487 ben des berühmten Abenteurers in zwei Werken, ir
1440 460 2536 539 einer Novelle und in diesem Stück nachgespürt und je
1437 517 2532 581 desmal diesen aus Leichtsinn, Herzlichkeit, Schlauheit
1446 567 2527 622 Kühle, Berechnung, Glut, Leidenschaft. Ritterl'chkef
1442 620 2519 682 uund Unverfrorenheit sonderbar gemischten Chareskte
1440 666 2530 718 zu gestalten gewußt. Casemova, Don Juan und Ahas
1440 715 2523 774 per zugleich, ist diesmal auf der Reise von Brüsse
1440 761 2530 832 nach — Paris, Wien, irgendwohln. In Spaa ergibt sid
1440 822 2536 882 für ihn ein Intermezso. Andrea Bassi ist mit seine:
1432 861 2527 925 Geliebten Anina aus Ferrara geflohen und gerät an¬
1437 901 2526 976 der Reise in die Gesellschaft des angeblichen Baron¬
1439 967 2538 1034 Semtis, der der durchtriehene Zuhälter seiner Frau
1434 1019 2536 1080 Flaminia ist. Dazu kommt, Herr von Gudar, ein abge¬
1438 1062 2532 1121 dankter holländischer Offizeer. Karten und rollendes
1428 1115 2523 1182 Gold Lebensdeirst und Leichtsinn besiegeln die Freund¬
1428 1169 2534 1225 schaft. Da trifst Casanova ein, sitzt zwischen den bei¬
1428 1213 2530 1261 den Frauen, der schlauen Flaminia und der unerfah¬
1422 1265 2534 1328 renen Anig. Man plandert, man spielt. Die Nacht
1423 1305 2539 1379 lockt Casanova in die Arme Fleinias. Im Nebenzim¬
1423 1367 2539 1416 mer wacht An'na und erwartetahren Andrea, sie lehnt
1427 1406 2530 1466 am Fenster und Casanova, mit der Oertlichkeit nicht
1423 1450 2538 1516 vertraut, hält sie für Flaminia und schwingt sich zum
1432 1505 2524 1582 Fenster herein ... Ueber das Glück Andregs und
1416 1562 2535 1607 Aninas fällt ein Schattem. Die Auseinanbersetzung
1415 1602 2525 1682 unterbricht Casanova, der den betrogenen Andrea an¬
1423 1652 2510 1711 zuborgen kommt, um der Bitte der Geliebten zu. will¬
1423 1708 2526 1759 fahren und Spaa zu verlassen. Andrea erkennt, daß
1412 1757 2514 1811 Casanova im Irrtum lebt, Flaminia habe ihm ange¬
1414 1815 2528 1885 hört und ihn fortgeschickt, er schöpft neue Hoffnung,
1414 1855 2524 1932 doch Anfna hält das Band zerrissen. Schließlich er¬
1409 1916 2527 1994 fährt Flaminia, daß sie betrogen wurde. Die beiden
1409 1954 2515 2033 Frauen kämpfen um den Geliebten. Da wird die Frage
1413 2017 2510 2082 aufgeworfen, zu welchem Ende die Situation führen
1406 2054 2513 2124 solle und man beginnt das Problem zu diskutieren.
1414 2109 2508 2178 Man einigt sich, daß Casanova, dem man die Sache als
1405 2160 2510 2229 Rovelle vortragen will, die Lösung finden solle. Schon
1404 2203 2505 2276 blitzen die Degen der betrogenen Männer, da erscheint
1413 2247 2510 2328 Casanovas frühere GeliebteTheresia und der verschkun¬
1404 2305 2517 2368 gene Faden entwirrt sich in lebensbejahender Fröh¬
1419 2350 2509 2426 lichkeit. — Die Eigentümlichkeit und Seltsamkeit die¬
1413 2404 2509 2461 ser Zeit, des Milieus und der Gestalten weiß keiner so
1411 2462 2506 2530 zu schildern wie Schnitzler. In leichter Causerse ant¬
1402 2491 2516 2589 hüllen sich die se##ischen Feinheiten der Personen,
1398 2543 1769 2610 wird das Intise
1923 2554 2507 2635 ##m, über das man plau¬
1401 2602 2506 2678 dert. Die sprache ist voll Grazie und Liebenswürdig¬
1393 2647 2511 2737 keit, es p##telt, hüpft und lacht in den Persen der
1401 2697 2499 2783 Leichtsinn per Lebewelt des 18. Jahrhunderts. Das
1399 2754 2503 2826 Stück hat soviel Zartheit, schelmische Launigkeit, daß
1394 2796 2492 2886 es ihm bei der Aufführung leicht ergehen kann wie
1390 2852 2490 2911 dem samtenen Schmetterling zwischen den Fingern
1389 2907 2478 2966 des Kindes. Das Werk buhlt nicht um Publikumser¬
1395 2941 2481 3027 folg. Es will gespielt werden und wie ein flüchtiger
1393 3002 2486 3060 Menuettwalzer votüberrollen und Erheiterung ver¬
1388 3047 2490 3125 breiten. — Die Aufführung war nicht auf voller Höhe.
1389 3089 2496 3185 Deklamierte Verse erschlagen alle Weichheit, allen
1542 3371 1627 3434 * □
1197 3423 2285 3527 Scherz und Humor. Der P# „Von verliert sich, wenn
1191 3493 2281 3572 nicht Rade und Gegenrede lhünig Schlag auf Schlag
1194 3549 2296 3622 folgt. Den richtigen Ton, die plandernde Munterkeit
1187 3601 2287 3666 traf am besten C. v. Herrmann=Stoym als Anfna.
1197 3642 2288 3721 Richter als Baron Sontis gelang besonders die No¬
1190 3694 2297 3764 vellenerzählung. Den Casanova gab Herr Heim. Die
1185 3756 2284 3822 weltmännische Gewandthaft und Leichtigkeit keimen gut
1183 3805 2282 3866 zum Ausdruck, nur schien es, als klinge ein wehmüti¬
1190 3855 2282 3923 ger Unterten oftmals mit. Die Spielleitung hatte sich
1199 3902 2285 3979 mit Glück gemüht, dem Spiel einen schönen Nahmen
1188 3945 1413 4007 zu geben.
2098 3957 2253 4014 —Dt.
1185 3989 2287 4082 EEEEITIOIIHN NU MRGMA
