3484 4320
2422 176 2894 276 box 3375
276 204 2277 298 28. Die Schuestern oder Casanova in Sna
2090 429 2965 543 Theater und Kunst.
465 435 1261 586 Aus dem Burgtheäter.
460 550 1307 648 Im Burgtbeater wuede die Premiere
2224 551 2866 662 Hinter den Kulissen.
399 583 1311 675 hon Werfels „Die T##erinnen“ ver¬
412 633 1299 714 schoben. Die nächste Premig## ist die Urauf¬
1907 620 3180 705 (Oesterreichische Autoren im Burgtheater. — Die Besetzung der
403 658 723 722 Führung von Sch
1833 643 1922 747 7
1897 677 3123 756 „Schwestern". — Theaterstreitigkeiten. — Die Teuerung der Duelle.
915 687 1303 756 „Die Schwestern“
394 681 1302 792 Wann soll S rang. Schanpiel „Die
2332 719 2787 795 Ein Scherz vom Tage.)
394 738 1307 826 Gitana“ folgen Die Gitänch Zchandelt be¬
384 771 672 840 kkanntlich das
2016 738 3183 835 Im Burgtheater drängen sich jetzt die Premieren. Und was
679 779 1304 864 Carmen“=Schicktel nach der
378 813 1297 910 Novelle Prosßer Merimées. Die Gitana spielt,
1902 797 3186 881 besonders vermerkt zu werden verdient, heuer kommen vornehmlich
386 859 1286 950 Frau Marberg. In Berlin wird Fray
1903 855 3183 936 österreichische Autoren zu Worte. Zuerst Thaddäus Rittner, nun
374 890 1122 981 Konstantin die Rolle darstellen.
1796 896 3183 1006 # folgt Artur Schnitzler, dann erscheint Sil Vara. Auf „Die
383 939 462 1040 72
1820 957 3199 1025 z Schwestern“, das Casanova=Stück des Dichters, freuen sie sich alle.
1785 995 3191 1096 2 Schnitzler erschien schon lange nicht mit einer Novität im Burg¬
1840 1054 3180 1138 ####theater, wo er sonst in jedem Jahr mit einem neuen Werk ver¬
1798 1105 3181 1199 E etreten war. Seiner Komödie „Professor Bernhardi“ blieben
1886 1142 3188 1222 aus Tendenz= und Zensurrücksichten die damals noch spröderen
1914 1194 3192 1263 Pforten des „Hoftheaters“ verschlossen. Jetzt öffnen sie
1812 1243 1890 1327 *
1930 1232 3200 1326 sich, selbst in solchen Fällen, leichter. Mit um so größerer Freude
1933 1282 3201 1376 wurde dann Heines Initiative in der Angelegenheit der Komödie
1937 1347 3200 1420 „Die Schwestern“ behauptet. Bekanntlich wendete sich das Burg¬
1935 1389 3190 1477 theater selbst an Artux Schnitzlerum Ueberlassung des Stückes
1931 1439 3207 1506 (Ein Schritt, den man früher einmal mit Rücksicht auf die be¬
1927 1461 3207 1561 rühmte „Tradition“ nie unternommen hätte.) Der Dichter sagte
1938 1509 3212 1606 „Ja“, da er im Volkstheater Besetzungsschwierigkeiten hatte. Im
1929 1579 3207 1647 Burgtheater, wo bereits eifrig an den Dekorationen gearbeitet
1937 1613 3209 1707 wiry, ist auch die kleinste Rolle mit ersten Kräften besetzt. Die
1950 1660 3210 1749 Pröben haben bereits begonnen, Schnitzler wohnt ihnen natürlich
2081 1725 3097 1802 er ist bekannt als der beste Regisseur seiner Stücke.
2056 1781 2704 1865 Hier die Besetzung der Komödie:
2649 1831 2934 1904 Herr Treßler
2176 1838 2415 1905 Casanova
2655 1862 2991 1944 Frau Wolgemnt
2169 1878 2439 1942 Flaminia
2667 1917 2920 1966 Frau Retty
2171 1926 2445 1989 Theresa
2627 1941 2996 2023 . Fräulein Aknay
2178 1960 2438 2023 Anina
2761 1988 2948 2039 Thimig
2172 2006 2345 2050 Tito
2784 2025 2970 2086 Danegger
2171 2012 2526 2091 Baron Santis
2777 2070 2908 2113 Heine
2173 2078 2489 2127 Herr v. Indar
2669 2097 2924 2164 Herr Schott
2174 2115 2498 2174 Andräa Bassi
1945 2117 3220 2234 Ursrünglich hatte Schnitzlers Versstück einen anderen Titel. Es
1936 2191 3217 2263 hieß „Casanova in Spa“. Erst später entschloß sich der
1946 2228 3216 2307 Dichter, den Titel zu ändern, weil „Die Schwestern“ den Inhalt
1954 2275 3224 2360 des Stückes besser ausdrücken. Mit dem alten Titel hätte nun
1947 2335 3222 2401 die Komödie im Deutschen Volkstheater als Weihnachtsnovität in
1944 2377 3225 2449 Szeue gehen sollen. Bekanntlich bat nun Schnitzler das Volks¬
1948 2432 3218 2505 theater, die Aufführung zu verschieben, er hatte damals den
1951 2459 3225 2544 großen Erfolg mit „Professor Bernhadi“ und wollte nicht in
1950 2509 3228 2598 einer Spielzeit mit zwei Stücken an einem Theater erscheinen.
1952 2570 3229 2647 Als nun seinerzeit die erste Notiz aus der Kanzlei verschick,
1944 2630 3229 2691 wurde, gab es einen heiteren Zwischenfall. Es gibt nämlickh
1945 2666 3215 2742 nicht nur einen Druckfehler=, sondern auch einen Schreibmaschinens
1953 2722 3222 2788 teufel. Und so passierte dem Tippfräulein des Volkstheaters ein
1943 2774 3230 2845 lustiger Irrtum. Einer der Dramaturgen bat sie, eine Notik
1949 2811 3229 2890 über die Aufführung des Werkes an die Zeitungen zu versenden
1951 2858 3218 2933 Es war bereits ziemlich spät und in der Hast der Arbeit er¬
1957 2899 3233 2977 eignete sich das harmlose kleine Malheur. Das Tippfräuleir
1959 2977 2592 3050 schrieb nämlich ruhig als Titel:
2371 3013 2809 3088 „Casanova in Spo.“
1952 3065 3232 3133 Es rutschte ihr einfach statt des „a“ ein „o“ heraus. Wahr.
1958 3121 3241 3201 scheinlich war das Alphabet von ihren hübschen kleinen Fingerr
1963 3155 3231 3249 geblendet und geriet in Verwirrung, was auch dem anständigsten
1955 3208 3238 3281 Alphabet passieren kann. Kurz, der Abzug kam aus der Druckerei
1951 3263 3231 3336 und brachte die Anzeige, daß das Deutsche Volkstheater das
1957 3307 3244 3381 neueste Werk Artur Schnitzlers, die Komödie: „Casanova
1955 3359 3242 3439 in Spe“ erworben habe. Das Tippfräulein bemerkte bei der Kon¬
1955 3404 3237 3473 trolle des Abzuges selbst den kleinen, unschuldigen Lapsus und
1955 3439 3240 3523 gab dem berühmten Abenteurer sein „a“ wieder zurück. Die Casa¬
1966 3509 2856 3578 nova=Literatur konnte also wieder ruhig sein.
2086 3532 3252 3620 Auch sonst ist in den Theatern wieder vollkommene Ruhe
1962 3596 3232 3676 eingetreten. Man hat, wie es scheint, den Humor wieder gefunden.
1964 3639 3241 3727 Sowohl die Bühnenleiter haben ihn, wie die Schauspieler. Nur
1960 3687 3242 3761 kleine Streitigkeiten persönlicher Natur pflegen vorzukommen. Es
1955 3727 3250 3808 gibt eben aufgeregte Herren, die aus purer Nervosität in Konflikte
1959 3780 3244 3860 geraten. So gab es vor kurzem wegen einer Meinungsverschieden¬
1962 3825 3240 3894 heit einen argen Zwist hinter den Kulissen einer hiesigen Bühne.
1965 3877 3238 3964 Ein Wort gibt in solchen Fällen das andere. Beide Teile gehen
1973 3926 3253 4000 in ihrer Aufregung weiter, als unbedingt notwendig ist. Theater¬
1970 3972 3242 4052 leidenschaften toben sich gerne aus. In seiner Rage forderte nun
1961 4018 3248 4080 Herr 9) Herrn Z. Herr Z verlor seine Ruhe nicht. Er sah den
1976 4068 3258 4151 Ereignissen ohne Besorgnisse entgegen. Und nun kam eine über¬
1997 4099 3252 4181 Teihende Wendung. Herrn 9) ertählte man nämlich, daß ein
