3344 4320
183 126 372 227 28.
2349 133 2813 230 box 33/5
364 150 2196 243 Die Schwestern- oder-Casanovain Sna
1750 1368 3279 1437 hätte, fordert Schnitzler einen ganzen Abend lang Auf= Abenden abgelö
939 1363 1429 1448 „Die Schwestern“.
1747 1420 2926 1480 merksamkeit. So wird denn die im falschen Hotelzimmer
2936 1429 3279 1495 loren und verta
739 1415 1660 1501 Lustspiel von ArtunShnisler—
2934 1472 3274 1539 heute aufgewen
661 1466 1666 1559 (Erstaufführung im Burgtheater am
1757 1508 2927 1556 hin teils unter zweideutigem Augenzwinkern, teils unter
2938 1520 3255 1576 recht entdeckte
981 1523 1367 1583 26. März 1920.)
1749 1547 2934 1605 wichtigtuerischer Nachdenklichkeit immer wieder durchge¬
2934 1561 3275 1619 Frau Aknay.
662 1555 1751 1631 Warum wir diesmal von unserer alten Gepflogen¬
1759 1596 2929 1663 quatscht und unser Ekel davor wird immer größer.
2924 1601 3282 1660 Frl. Marber
610 1620 1750 1680 heit abweichen, zunächst das äußerliche Geschehen eines
1747 1629 2932 1702 Schnitzler, der gewiß schon Theaterstücke schrieb, die, wenn
2928 1649 3278 1706 der vollblütigen
559 1668 1744 1716 Stückes zu erzählen, um dadurch unseren Lesern ein
1763 1677 2933 1733 auch nicht unserer restlosen Zustimmung, so doch unserer
2924 1684 3276 1749 sich Herr Scho
581 1709 1752 1760 eigenes Urteil zu ermöglichen? Einfach darum, weil wir
2933 1730 3277 1801 Augenblicke des
1761 1726 2932 1792 Achtung sicher sind (beispielsweise den „Jungen Medar¬
577 1748 1745 1808 es unserer Leserschaft und uns selber ersparen wollen,
1753 1778 2933 1827 dus"), hat sich in den letzten Jahren schon allerlei sozu¬
2921 1781 3285 1835 Kellner. — Die
557 1800 1761 1866 diese widerliche und unsaubere Geschichte in allen ihren
1762 1818 2927 1876 sagen dichterische Exzesse geleistet, die genugsam die Rich¬
2934 1817 3278 1883 müdend langwoe
570 1836 1752 1894 Einzelheiten „genießen“ zu müssen. Genug an einigen
1753 1863 2923 1926 tung andeuteten in der dieser allgemach alternde Dichter
2924 1866 3277 1931 fanden die Sch#
577 1887 1753 1935 Sätzen, aus denen jedermann deutlich genug ersehen
1764 1908 2925 1955 seine Reife zu finden hofft. Eines Stückes freilich, wie es
2932 1913 3281 1974 hangsinken Gel#
577 1928 1750 1986 kann, was los ist. Also: Casanova, der Schürzenjäger,
1760 1954 2928 1999 die „Schwestern“ sind, hat man sich doch nur versehen
2931 1958 3271 2013 seltsam dünn u
563 1953 1757 2037 kommt nächtlich zum Fenster eines Dämchens, das ihm
1749 1999 2922 2048 können wenn man die vor einigen Jahren erschienene
2928 1994 3277 2073 schweigenden H#
564 2013 1753 2080 verheißende Andeutungen gemacht hat. Er wird einge¬
1753 2032 2932 2095 Schnitzlersche Novelle „Frau Beate und ihr Sohn“ kannte
556 2053 1747 2110 lassen und verbringt eine seiner „berühmten" Liebes¬
1759 2068 2947 2140 in der sich das gleiche wohlgefällige, wortreich schmatzend##
564 2105 1756 2154 nächte. Aber er hat sich im Fenster geirrt. Er war, ohne
1746 2125 2944 2173 Behagen an der gewagten Situation, an der erotischen
564 2149 1743 2197 es zu wissen, bei einer anderen, die ihrerseits auch auf
1751 2164 2940 2209 Unbodenklichkeit auslebte. Vielleicht wird sich eine
561 2194 1746 2242 einen anderen Liebhaber gewartet hat. Casanova merkt
1756 2203 2941 2272 Literaturschreibung, die in Schnitzler mit dienstbeflissenem
567 2240 1744 2292 den Irrtum nicht, wohl aber die beglückte „Dame“. Am
1762 2260 2935 2322 Eifer schon ein „Phänomen“ eine für unser Schrifttum
566 2260 1743 2335 anderen Morgen: Eifersucht der ersten Gelicbten, Toben
1753 2305 2935 2371 und unsere Kultur bedeutsame Erscheinung sehen wollte
566 2320 1746 2368 des betrogenen anderen Liebhabers, Streitigkeiten, harm¬
1756 2353 2945 2414 und den Problemen seiner Dichtung gar schon bandweise
563 2366 1757 2429 loses Dagenziehen, Auftauchen einer dritten Dame, die auf
1755 2394 2905 2440 Untersuchungen zu widmen anfängt, vielleickt wird sie
566 2403 1752 2470 ältere Rechte pocht und den vielbegehrten Casanova hin¬
1758 2438 2935 2513 sich nun doch überlegen, ob der Dichter der „Schwestern“
566 2448 1730 2508 wegführt, endlich allseitige Zufriedenheit. — Lohnt es
1751 2485 2372 2559 solcher Mühe wert sein mag.
568 2493 1753 2550 sich, in der Zeit der kargsten Papiernot an diese höchst
569 2535 1761 2595 klägliche Angelegenheit größeren Raum zu verschwenden?
1835 2533 2939 2599 Gründlich überlegen aber hätte sich's das Burgtheater
563 2589 1752 2643 Möglich, daß die Verse, in welche das Lustspiel gegossen
1755 2563 2947 2640 sollen, diesem hämischen und anrüchigen Zerrbild deutscher
564 2633 1747 2684 ist, gut klingen und sauber ausgeschliffen sind, möglich,
1752 2632 2931 2675 Poesie Aufnahme zu gewähren. Schon vor zwei Jahren
550 2674 1754 2745 daß sich in manchen Einzelheiten der Spielführung die
1747 2670 2936 2731 von der damaligen Burgtheaterleitung abgewiesen, ging
556 2712 1748 2772 Hand eines alten, gewiegten Theatralikers bekundet. Das
1755 2725 2941 2779 Herr Schnitzler inzwischen mit den „Schwestern“ auch bei
564 2767 1750 2816 läßt uns wirklich kühl genug, gleichwie uns auch das
1755 2762 2941 2837 einer anderen Bühne vergeblich hausicren, bis er sie jetzt
1748 2804 2933 2853 endlich an den Mann und leider auch ans Publikum ge¬
560 2809 1745 2860 philosovhierende Geschwätz, mit dem die drei an Hand¬
558 2850 1749 2905 lung so armen Akte aufgeputzt sind, nur zu langweilen
1756 2835 2936 2910 brack hat. Nun, das mag sich Herr Direktor Heine schon
557 2894 2934 2954 vermag. Zudem ist dieses „Lustspiel“ humorlos bis auf gesagt sein lassen, daß wir uns die ersehnte Erneuerung
560 2946 2934 2982 die Knochen, es bringt kaum eine einzige anmutige Wen= und Veredlung des Burgtheaters ein wenig anders vor¬
558 2972 2944 3044 dung, kaum ein einziges erheiterndes Witzwort. Für stellen und daß alle schönen und teuren Klassikerwieder¬
555 3050 2992 3093 einen Einfall, den Voccaccio auf zehn Seiten abgetan aufführungen nicht viel nützen können, wenn sie von##
