3344 4256
358 78 1394 139 Einneues Lusthpiel Artur Schnitzlers
437 132 1375 201 Es nennt sich „Die Schwestern oder Casanova
338 172 1361 229 in Spa“ und der Titel verrät, daß es in nächster
341 221 1353 268 Nachbarschaft jener meisterlichen Novelle entstand,
342 265 1350 316 in der Schnitzler jüngst von „Casanovas Heimkehr“
345 282 1368 366 erzählte. Doch spielt es zwei Jahrzehnte früher.
345 343 1366 413 Noch weiß der venezianische Abenteurer nichts von
340 391 1319 453 Abschiedsschmerz und Alterssorgen, noch steht er —
341 429 1362 474 berühmt, berüchtigt, geliebe, geschmäht, umschwärmt
341 477 1364 530 und gefürchtet — in seiner Sunden Maienbinte, und
358 514 1360 569 in Spa, dem Monte Carlo des achteehnten Jahr¬
348 542 1369 604 hunderts, wird er, da das Spiel anhebt, zum Helden
1103 591 1372 661 1 perne. men
347 598 943 642 eines seltsamen Liebesstreites.
353 631 1362 678 Gasthof, der eine bunte, nur vom Willen zu lust¬
348 671 1371 722 vollem Vergnügen geeinte Gesellschaft beherbergt,
352 720 1356 762 wohnen Wand an Wand zwei ungleiche Paare:
338 763 1365 816 Andrea Bassi, ein reicher junger Mann aus Ferrara,
347 799 1372 855 der die siebzehnjährige Anina entführte, da die Eltern
352 841 1364 912 sich der Heirat widersetzten und der Baron Santis mit
353 886 1363 938 Flamina, die zwar seine angetraute Gatrin, doch
342 924 1365 971 Abenteuern nicht abgeneigt ist, bei denen der Gemahl
351 964 1367 1011 je nach Laune und Vorteil bald den racheschnauben¬
346 1005 1358 1054 den Ehemann, bald auch den gefälligen Vermittler
357 1049 1357 1092 spielt. In einer Nacht nun, da die Herren am Karten¬
352 1091 1365 1132 tisch sitzen, dvingt Casanova durch das Fenster zu
343 1131 1362 1180 Anina, die der Heimkehr Andreas harrt, und sie er¬
344 1164 1361 1215 liegt seinen Schmeichelworten. Am Morgen beichtet
351 1212 1355 1264 sie alles dem Geliebten. Doch just als dieser sich
348 1252 1352 1303 zur blutigen Rache an dem Verführer anschickt, tritt
344 1296 1356 1354 Casanova selbst harmlos lächelnd ein. Andrea war
337 1341 1355 1387 im Spiel glücklich, Casanova ist aller Mittel entblößt
342 1380 1357 1429 und erbittet ein Darlehen, um die dringenden Schul¬
319 1415 1357 1479 den bezahlen zu können. Im Gespräche aber wird es
340 1450 1361 1514 Andrea offenbar, daß Casanova von Flaminia er¬
338 1504 1361 1549 wartet wurde und nur versehentlich zu Anina ge¬
333 1543 1367 1602 langte. Und auch Flaminia erfährt gleich darauf von
324 1601 1360 1646 diesem verhängnisvollen Irrtum. Während sie ver¬
328 1629 1358 1685 gebens wartete, ward einer andern, was ihr zuge¬
335 1671 1356 1716 dacht war. Empört, haßerfüllt stehen sich die zwei
334 1707 1357 1754 Frauen gegenüber — in der Mitte der ratlose Andrea.
345 1752 1383 1806 Der fühlt sich nun nicht mehr betrogen, da Casanova
336 1787 1359 1837 selbst nicht weiß, daß Anina sein war. Doch diese
337 1816 1369 1893 merkt daß Andrea sie nur aus verletzter Eitelkeit
337 1866 1358 1919 verlassen wollte. Sie fühlt sich frei, will Casanova
330 1916 1357 1966 nacheilen, will seine Liebe nun bewußt erwerben.
333 1958 1355 2006 Doch auch Flaminia will ihm nach, um ihm zu geben,
342 2000 1354 2054 was sie ihm bereits gewährte und was er just durch
342 2037 1356 2089 diesen Zufall nicht erhielt. Jede fühlt sich betrogen.
429 2079 1364 2141 Der Streit scheint unschlichtbar, Flaminia geht
340 2094 1354 2168 chon mit der Dolchnadel auf Anina los, als Baron
336 2160 1350 2215 Santis eintritt. Andrea faßt sich rasch: Es handelt
339 2203 1359 2264 ich, so gibt er vor, um einen Disput poetischer Natur,
345 2234 1361 2306 im die Lösung eines literarischen Problems —
340 2277 1364 2335 arüber seien die Damen so in Hitze geraten. Der
336 2320 1369 2369 Baron möge entscheiden. Und er trägt ihm den Fall
350 2367 1367 2416 ein wenig verändert, novellistisch maskiert, vor.
338 2403 1366 2462 Santis aber kann die Entscheidung nicht treffen und
341 2438 1364 2504 indet, daß es für diesen Streitfall nur einen be¬
335 2481 1011 2560 ufenen Richter gebe: Casanova.
436 2526 1359 2581 Schon scheint es diesem, als sei der Streit ge¬
341 2560 1364 2643 chlichtet und man könne zur Tafel gehen, die draußen
346 2606 1363 2678 m Garten üppig gedeckt ist — da wird aus der Dich¬
339 2646 1356 2710 ung wieder Leben. Andrca zieht den Degen und gleich
338 2697 1365 2756 grauf auch Santis, der endlich sehend wird. Casanova
352 2739 1358 2790 tellt sich ihnen. Schon klirren die Waffen — da stürzt
345 2772 1381 2851 Teresa, die kleine Tänzerin, ein, die Casanova
412 2948 1237 3049 Penm Wimme Pagintt, Wien
1165 3152 1234 3218 17
330 3156 743 3241 14. Oktober 1919.
267 3246 1283 3328 vor drei Tagen in Brüssel sitzen ließ und die ihm
263 3294 1290 3365 nachgeeilt ist. Vor dieser Dritten ziehen sich Flaminia
262 3340 1284 3407 und Andrea geschlagen zurück. Einträchtig sieht man
267 3382 1289 3451 sie bald darauf durch den Garten wandeln. Und Casa¬
261 3433 1291 3489 nova besänftigt den immer noch schäumenden A drea
273 3464 1300 3527 und legt ihm nahe, sich mit Anina auszusöhnen.
275 3509 1297 3569 Draußen lärmen die Freunde, lachen die Frauen,
264 3548 1291 3625 Musik erklingt, Pfropfen knallen. Arm in Arm gehen
268 3599 908 3673 Casanova und Andrea zu Tisch.
366 3628 1299 3689 Ein leichtes Spiel, das in Versen vorübergleitet,
281 3668 1306 3744 die von Geist erfüllt, doch nicht beschwert sind und
270 3710 1299 3780 aus deren sanftem Leuchten erhellender Lichtschein in
274 3749 1301 3815 tiefste Seelenschächte fällt. Mit unvergleichlicher
276 3797 1313 3862 Meisterschaft ist eine verwirrende Fülle absonderlichen
283 3827 1329 3905 Geschehens in drei knappe, pausenlos ineinander
279 3878 1302 3957 greifende Akte gebracht, aus wenigen Worten stezen
273 3923 1304 4002 Schicksale und Menschen auf Ueber dem Ganzen lachte
279 3977 966 4054 eine milde Weisheit eines Dichters.
958 3993 1268 4075 Eknst Goth.
2290 118 2371 177 —
2457 109 3132 180 ———
2191 169 3043 293 Theater und Kunst.
2127 307 3107 386 Artur Schnitzlers neues Lustspiel.
2189 376 3044 453 „Die Schwe##### oder Suf#nova in Spa.“
2102 444 3251 513 Nach dem alten Satze der Bühnenpraxis, daß sich jeder
1986 480 3257 570 Stoff trägisch oder komisch behandeln lasse, hat Artur Schnitzler
1996 539 3254 610 in seinen jüngsten Bühnenwerk, das soeben im Oktoberheft der
1989 596 3254 673 „Deutshen Rundschau“ veröffentlicht wird, die oben behandelten
1995 642 3258 704 Konflite, die um die Gestalt Casanovas spielen, wieder hervor¬
1997 688 3247 762 gezogen. In der meisterlichen Novelle ist der Abenteurer gealtert,
2000 753 3254 809 am Ende seiner berühmten, berüchtigten Lausbahn und noch ein¬
2000 769 3260 857 mat erringt er Liebesglück, aber nur mehr durch eine infame
1988 825 2112 897 Wist.
2125 826 3268 883 Er steigt nachts durch das Fenster zu einem Mädchen, das
1741 861 3262 938 e peg Geliebten erwartet und in der Dunkelheit nicht merkt, wer
2000 929 3267 999 sie umfängt. Da sie gewahr wird, daß sie das Opfer zweifachen
1993 980 3264 1052 Betruges ist — denn der Geliebte hat sie verschachert und den
1993 1027 3253 1068 Irrtum möglich gemacht — überfällt sie das Grauen des
1985 1074 3254 1125 Exlittenen, aber vor allem der Ekel vor dem alten Manne, dem
1993 1117 2613 1188 sie sich unfreiwillig hingegeben.
2117 1158 3266 1250 Im Lustspiel ist Casanova noch jung, um zwei Jahrzehnte
2008 1221 3260 1296 jünger als in der tragischen Novelle. Man ist in Spa, dem
2005 1261 3278 1329 Zentrum aller Vergnügungen der damaligen Zeit. In einem
2004 1313 3265 1388 Gasthofe wohnen Tür an Tür und Fenster an Fenster zwei
1999 1345 3260 1433 Paare, Andrea Batti, ein wohlhabender junger Mann mit seiner
1999 1413 3265 1458 keuschen Geliebten Anina, die er aus gutem Hause entführt hat,
1996 1445 3269 1522 #a die Eltern der Ehe nicht zustimmen wollten. Und daneben ein
2001 1501 3263 1567 angeblicher Baron Santis mit seiner angetrauten Frau Flaminia,
1996 1563 3267 1612 die ihre eigenen Liebeswege geht, wobei der Galte bald der eifer¬
1998 1602 3262 1669 süchtige Rächer und bald der gefällige Miettler ist. Verabschiedete
1993 1637 3260 1711 holländische Offiziere, englische Lords, Witwen aus Amsterdam —
1993 1689 3266 1751 es ist die Welt, die Casanova beherrscht, aussucht und die ihn ob¬
2002 1744 3273 1800 seiner Vergangenheit, ob seiner Sünden und seines persönlichen
1991 1791 2924 1846 Liebreizes umschmeichelt. Man liebt, man spielt.
2123 1825 3283 1903 Im ersten der drei Akte, die „in einem“, also ohne Pansen
1996 1884 3271 1949 abrollen, läßt Anina dem Casonova ein heimliches Brieschen zu¬
1991 1940 3270 1994 tragen. Flaminia sucht sie in nachbarlicher Ungeniertheit auf. Sie¬
1993 1985 3279 2047 kommt, um zu plaudern, noch mehr, um ihrem Haß gegen#
2002 2037 3275 2092 Casanova freien Lauf zu lassen. Ja, sie haßt ihn, sie verachtet,
2001 2085 3255 2145 sie durchschaut ihn, den Aufschneider, den Betrüger. Und dann
2004 2122 3260 2188 erscheint Andrea Bassi. Er sah, wie der Bursche vom Gasthof
2001 2186 3267 2237 „so jung er ist, von allen Lastern bleich“, sich zu Casanova schlich
1995 2227 3281 2287 und die Ahnung durchzuckt ihn, daß er eine Botschaft Aninas
2009 2284 3267 2337 überbrachte. Aber er irrt, wenn er an eine harmlose Leicht¬
1997 2311 3270 2370 fertigkeit glaubte. Die Geliebte enthüllt ihm die Wahrheit. Sie
2012 2362 3281 2443 hat Casanova, indes der Freund in der letzten Nacht am Spiel-
2007 2421 3269 2479 tisch war, angehört. Sie hatte einen Männerschritt auf dem Kies
2002 2469 3271 2529 vernommen, war, ihrer Nacktheit nicht achtend, aus Fenster ge¬
2008 2496 3270 2579 eilt, weil sie Andrea endlich nahen glaubte. Aber es war
1999 2578 3265 2628 Casanova, der sich über die Brüstung schwang. „Halb Rausch,
2008 2604 2333 2675 halb Ueberfall“.
2393 2607 3294 2678 und doch fühlt Anina jetzt keine Reue, keinen
2006 2642 3275 2712 Ekel, keine Schuld. Die aufspritzende Wut Andreas entzweit die
2006 2706 2348 2786 beiden vollends.
2301 2741 2970 2824 .Daß aus dieser finstern Stunde nie
2218 2793 2978 2852 Gemeinsam uns ein Weg ins Helle führt,
2217 2841 3053 2910 Das, glaub' mir, fühl' ich tiefer noch als du.“
2121 2889 2905 2977 Anina will von dem Geliebten fort
2982 2890 3282 2982 „Du bist ein
1996 2941 2649 3018 fremder Mann für mich wie er“
2112 2981 3314 3049 Aber es ist ein Lustspiel. Indes die beiden streiten, wird
2007 3054 3282 3115 Casanova gemeldet. Anina geht ins Zimmer Flaminias. Andrea
1991 3104 3296 3172 empfängt ihn. Casanova braucht wieder einmal Geld. Andrea hats
2004 3140 3306 3191 in der letzten Nacht Glück im Spiel gehabt. Casanova bittet, ihmn#
1998 3234 3271 3306 verlassen und habe nichts. Andrea ist bereit, ihm
2334 3281 3285 3337 mit Gold gefüllten Beutel auf Wechsel
2005 3286 2321 3350 die schweren,
3150 3336 3287 3405 Eist
2005 3333 3126 3406 anzuvertrauen, aber nur unter einer Bedingung.
1996 3369 3275 3454 muß er erfahren, warum Casanova so plötzliche Eile hat. Da
2004 3436 3266 3499 gesteht dieser. Er habe einen Brief erhalten, in dem eine un¬
1995 3481 3198 3551 bekannte Schreiberin von ihm „als Dank“ verlangt, daß
2001 3513 3260 3592 fliehe. „Als Dank“ — zweifellos kommt der Brief von Flaminia,
1997 3579 3266 3651 der aber dieser Dank, nach dem, was nachts vorgefallen,
2006 3624 3268 3694 gebührt. Casanova erzählt sein jüngstes Abenteuer. Und da
1997 3665 3261 3731 erkennt Andrea den fürchterlichen, den grotesken Irrtum
2002 3715 3271 3781 Casanova hatte sich im Fenster versehen. Er glaubte mit gutem
2014 3752 3268 3829 Recht, daß ihn die Baronin Santis erwarte. Da gibt ihm
2019 3816 3263 3866 Andrea, froh der Aufklärung, sein ganzes Gold, denn er fühlt
2007 3870 3257 3925 sich nicht betrogen. Anina ist rein. Aber das Mädchen, das
2018 3913 3268 3983 nun, da Casanova sort ist, eintritt, ist nicht so leicht zufrieden.
2193 3964 3040 4019 „Nimmt er nicht die Erinn'rung jener Stunde,
2183 4012 3050 4072 Den Duft von meinem Leib, von meinen Küssen
2177 4057 2980 4107 Den Nachgeschmack, der Seufzer Wonnehauch
2183 4090 2526 4140 Für ewig mit —:
