3392 4352
2403 169 2890 276 box 33/5
258 176 2279 270 28. Die Schnestern-oder-Casanovain Sna
1839 1395 2648 1477 VERS PUBLIES A SPA.
634 1377 1710 1469 zu Ende des Jahres 1783 eintraf, wieder in
2030 1431 2432 1506 Le 19. Aout 1783.
639 1446 1697 1520 richtiges Fahrwasser geriet und Fräulein
1710 1472 2756 1571 Un Guerrier d’un beau Nom par plus d’une
646 1498 1699 1558 Caton M. kennen lernte, eine Art „süßes
1818 1541 2058 1603 prouesse,
647 1538 1700 1616 Mädel“ aus dem Wien des 18. Jahrhunderts
1713 1570 2759 1645 Qui parcourrant les Mers, & bravant le danger,
721 1597 1701 1657 man lese nur ihre beiden Briefe?0) — die
1707 1633 2678 1686 N’a desiré l’honneur que pour le partager,
632 1636 1694 1706 sich besser auf „Casanova“ verstand und ihm
1712 1673 2750 1745 Beau Spa dans ton Vauxhall à toute la Noblesse
647 1694 1468 1759 alsbald Verse, wie diese, entlockte:
1718 1727 2746 1785 Assemblée en ce jour donne un grand Déjeüner.
647 1724 1663 1814 „Alors tu crois, Catton, lire au fond de mon ame;
1748 1777 2744 1840 Ce Disciple de Mars qui te donne une Féte,
643 1798 1698 1852 Tu crois y découvrir tout l’amour qui m’enflamme;
1711 1804 2756 1898 Ce Conquérant toujours chéri de sa conquéte,
645 1841 1614 1896 Eh bien! détrompe toi. Ces désirs, ces baisers,
1707 1865 2658 1930 Et jamais satisfait s’il ne s’en voit aimé,
640 1876 1691 1938 Ces transports, ces soupirs, ces pleurs, ne sont encore
638 1922 1135 1974 Du feu qui me dévore
1713 1909 2759 1972 Qui se rendant fameux en traversant les ondes,
649 1957 1258 2025 Que des indices bien legers.“
1716 1967 2759 2025 Reprit aux Ennemis les trésore des deux mondes,
1710 2015 2645 2075 Par les Filles du Ciel doit étre célébré:
649 2000 1697 2077 Der alte Casanova! Ganz stumpf waren seine
1699 2046 2737 2132 Et pendant qu’Apollon applaudit á sa gloire,
646 2069 1694 2131 Zähne noch nicht, obschon er nicht mehr recht
1711 2109 2667 2153 Clio chante tout bas sa nouvelle victoire.
645 2115 1705 2173 sattelfest war, denn um ein Haar hätte er
1709 2156 2722 2228 Assis sur les Lauriers il n’a plus de Rival:
654 2164 1702 2232 Fräulein Caton — geheiratet. Aber auch
1711 2180 2750 2289 Au calme de la paix tout marche à pas égal.
658 2216 1697 2300 Don Giovanni ist ledig zur Hölle gefahren.
1783 2254 2629 2304 Par un Poête erraut de rvage en rivage,
1786 2279 2657 2366 Triste jouet des flots, & rebut de naufrage.
748 2270 1711 2339 Noch eine Erinnerung an seinen letzten
647 2335 1710 2403 Aufenthalt in Spa bewahrt das Duxer
1811 2329 2755 2421 Nicht allzulange mehr sollte der arme
651 2388 1699 2455 Schloßarchiv“!), ein Gedicht, das er dort auf
1706 2392 2756 2455 Poet, dessen Leben jedenfalls sein größtis
653 2438 1706 2491 einem Blatt Folio dem Druck ühergab und
1716 2447 2752 2515 Kunstwerk war, von Ufer zu Ufer irren, ein
653 2488 1706 2538 welches hier zum erstenmal nach 137 Jahren
1719 2493 2749 2559 Spielzeug der Fluten seiner Leidenschaften;
654 2536 1699 2606 wiedergegeben sei. Es ist möglicherweise an
1725 2543 2756 2608 schon glitt sein morsches Schifflein in den
643 2580 1708 2645 einen französischen General gerichtet, der in
1721 2586 2764 2668 stillen Hafen von Dux und gab ihm dort Zeit
652 2635 1702 2706 Spa ein opulentes Frühstück gab, zu welchem
1726 2648 2757 2703 und GGelegenheit, sich seinen Erinnerungen an
646 2686 1702 2751 auch der Abenteurer geladen war, der ja stets
1714 2683 2752 2755 so mannigfache Ereignisse (auch ihm zuge¬
653 2733 1711 2791 einen gesegneten Appetit entwickelte. Das
1723 2735 2754 2807 fügte „schwesterliche“ Streiche völlig hinzu¬
651 2781 1048 2856 Gedicht lautet:
1719 2776 2762 2861 geben, durch deren Niederschrift als schwer
1714 2840 2757 2906 zu übertreffender Erzähler in die literarische
732 2853 1409 2962 20) Frauenbriefe an Casanova. 385 fl.
1721 2894 2762 2959 Unsterblichkeit einzugehen und als der Typus
1718 2932 2774 3007 eines mondainen Genußmenschen in der wei¬
734 2935 1710 3036 21) U 34, 4. — Das Gedicht findet sich in 4 Exem¬
1701 2982 2397 3070 ten Welt bekannt zu werden.
650 2967 895 3066 plaren vor.
2768 1316 3355 1412 Bersicherungennsault dire
2766 1393 3353 1445 Betrag bei dem Steuer
2766 1444 3346 1505 Steuerträger in seiner A
2761 1479 3353 1566 mit der ausdrücklichen Be
2767 1534 3361 1601 die Zahlung auf Rechnu
2764 1595 3351 1656 Steuerträgers aus der zu
2761 1633 3355 1701 lage oder der zurückbeh
2770 1676 3352 1745 aus dem Versicherungsve
2766 1732 3355 1804 stitut, bzw. Anstalt hafte
2761 1777 3357 1854 genaue Bezeichnung dem
2757 1830 3349 1899 senden Schaden. Die nich
2767 1875 3359 1951 lung der Abgabe verwend
2759 1923 3346 2000 so lange gebunden, als d
2769 1975 3358 2059 nachweist, daß er die Ab
2772 2031 2966 2106 tet hat.
2903 2059 3286 2154 Tschechische
2775 2113 3300 2204 Staatsanleihe.) „
2768 2187 3348 2254 Abendblatt der tschechisch
2768 2239 3350 2299 seinen Lesern, mit der #
2773 2279 3314 2349 genssteuer zu warten,
2773 2339 3357 2400 zu viel zahlen und weil si
2768 2378 3357 2454 anleihebesitzer sich nicht e
2767 2437 3352 2502 sie die neue Anleihe ze
2763 2471 3352 2564 wissen, ob sie ein Wert
2772 2528 3126 2611 papier besitzen.
2859 2586 3356 2669 (Der unterkunft
2770 2637 3324 2718 Minister Dr. Hotowetz
2762 2700 3351 2768 Besuch in Preßburg kein
2778 2744 3330 2814 können, selbst in dem g
2766 2803 3327 2868 für den Minister kein
2765 2841 3364 2917 nachten. Schließlich gewä
2775 2897 3354 2955 tor dem unterkunftlosen
2760 2945 3345 3007 mit der Bedingung, daf
2754 2989 3361 3081 abends geräumt sein mü
