3436 4320
584 197 2892 298 TACESBOTE AUS HLAEHIREN UND SCHLESTEN BRUEIIN ARENOELAFF vom 24. WERZ 1900.
583 296 2959 387 WIENER TIIEATER. Artur Schnitzler bewahrte und bewährte sich in diesen Tagen
591 368 2966 455 nieder sis unerschitterliche Siule des Viener Theaterlebens, Nährend das Zu
585 408 2881 515 rgtheater sein erst ver kurzen bei S. Bischer in Berlin veröffentliches,
650 515 2892 605 biß sslich annutzartes Verslustspiel, Die Schwestern oder Casanova in
588 581 2889 698 Spa, verbereitet, habeh das Deutsche Volkstheater und die Renaissance Bü
585 700 2839 785 hne mit je aus drei Stücken zusanmengesetzten Einakterabenden schöne Er
594 753 2936 845 felge erzichlt und wirksame Repertorebereicherungen gewonnem. Für die drei
592 806 2969 924 Helden des Zyklus „ Komödie der Verte,, die er im Burgtheater so erfelgreic
624 885 2977 985 dargestellt hat, dass ihm kein Nachfelger gleichkomnem konnte, auch an der
595 951 2956 1078 neuen Stätte seiner direkterialen und Star Tätigkeit zu verkörpern. Valden
604 1045 2955 1140 wurde auch in der Neubaugasse als gunksüchtiger Betrogener Gatte, als gres
598 1121 2989 1217 ser Mine und als scuveräner Dichtungs und Lebenskünstler durch den gleichen
605 1217 2988 1305 rauschenden Reifall geehrt, und wiedzkxäxzuxzzgan, an Franzensring, Aber das
597 1277 2876 1396 kann nicht hindern, vieder und w eder zu Sagen, dass er an seinen neuen
611 1394 2998 1462 Platze fehl an Ort ist] Das lierz krampft sich einem zusamnen, wenn er, sich
615 1431 2910 1560 tlich müde und gealtert, bisweilen lässig zusanmenklappt, sich dann nit
609 1496 2910 1619 forcierter Lebendigkeit ruckweise wäder aufrichtet, um von neuen in unbe
612 1605 2977 1720 wahhten Augenblicken zusammenzuknicken! Es ist, als litte erkörperlich das
615 1677 2865 1796 unter, eine zu gewaltige Last auf seine schmalen Schultern genonnen zu
623 1749 3002 1844 haben! Wie schwer muss ihn da draussen die Zusammenstellung des Spielplanes
619 1837 2894 1923 sein! Nur der Hangel an ebenbürtigen Mitspielern mag seine Frau, Frieda
626 1869 2958 1992 Nagen, die einstige Salendame des Josefstädter Theaters, aus ihrer Zurück
627 1936 3014 2096 gezogenheit hervergeleckt haben, sie spielt die Gattin des ersten Einakters
627 2033 2934 2161 nit der gelassenen Sicherheit der vornehmen Dane. Freilich reicht sie an
627 2115 2976 2236 siean die herbe Verschlossenheit einer Frau Bleibtreu nicht heran. Das ist
641 2206 2961 2325 Jaüiberhaupt die grosse Schwierigkeit, mit der walden an seiner Renaissan
646 2270 3000 2381 gebühne so schwer zu kämpfen hatl er kann für diese kleine, bescheidene Pü
645 2335 3034 2454 hneunnäglich lauter ihm ebenbürtige Kunstkräfte engagieren und gerät dadure
640 2416 2915 2529 ihdie Zwangslage, das andermal unzugänglich herausbringen zu nüssen! Es
648 2497 2905 2616 ist swar erstaunlich, wieviel Walden als Direktor und stiller Regisseur
654 2551 2973 2702 effenbarnachbessernd und ausgleichend noch dazu gibt, danit der Abstand
656 2650 3000 2765 zwischen ihn und seinen Hitwirkenden déglichst wenig fühlbar verde. Mlein
662 2716 2976 2847 inmer gelang es dech nicht und der Nunsch lässt sich gar nicht unterdrück
665 2795 2945 2902 en, dass man ihn vieder im Kreise eines Burtheater eder ähnlichen Ensen
661 2882 2859 2968 bies schen möchtel - Das Deutsche Volkstheater hat drei Einakter ehne
656 2936 2952 3091 inneren Zusammenhang, aber ven oft erprebter Wirksankeit und von vortref
659 3037 3034 3163 flichen Kontrasteffekt zusammengestellt! Den Reginn machte der nachdenklich
664 3124 2925 3254 „Puppenspieler, die belibbte Relle Bassermanns und Jarnes der Onne zwar
661 3174 2981 3307 ke ine neue Seite abgewinnen konnte, die er aber doch mit bemerkenswerter
670 3241 2994 3368 Ver andlungsfähigkeit spielte. Es felgte die Heute fast Iktuell wirdende,
667 3328 2999 3437 spfihende und glühende Revelctiensgreteske , Der grüne Ka. in der sich
673 3413 3052 3562 unterverschiedenen wirkasnen Gestalten besonnan Onnos Henri und Schildkraut
676 3505 3054 3627 ierzeg auszeichneten. Zun Satirspiel war die gleichfalls erprebte , Kontes3
670 3604 2968 3713 lizzi auserschen, die heute schen gar nicht mehr unstürzlrisch aber noch
681 3645 2975 3774 immer sehr lustig anmutet, insbesodere dann, wenn sie eine so ausgezeich
688 3716 3072 3858 nete Darstellung findet, vie durch fierrn Hlona als alten Grafen, durch Fräul
691 3798 2980 3926 ein Wojjwode als kontesse und durch Herrn Dietz als deren ausserehelichen
691 3875 3067 3994 Sein. Das zahlreich erschienene Publikun freute sich beider Schitzler Abend
683 3990 2019 4126 e und sparte nächt mit dankbaren Beifall..
2206 4041 2644 4151 Dr. Wymetal
