3392 4320
2407 143 2873 240 box 3375
255 115 2272 229 28 Die SchestedeGasanguninSa
1801 744 3331 820 und geral in die Schlafcam? dee ihrem Andrea dafur an, und da auch die
1812 788 3241 864 migegenschmachsenden Braut In dieser Nacht erkennt dem Haaipfeil ihr
780 667 1803 867 „ie Schwestern oder Cajanooa
1802 832 2962 895 Anina. o heie das willige Opfer des Zu alls den wird
2943 834 3339 898 darau gehindert
1798 876 3325 935 vielbegehrten Casanova aber en#eröst hat keßte Ahrung, die Baionin ist angeblich i
1136 864 1431 963 in Spa.
1803 909 2807 972 daß er statt der Baronis eine andere umfarmte b.
2797 922 3339 994 ins Zmmer. Er handelt i
965 934 1647 1010 Lustsviel von##lchhur Schnitzler.
1797 963 2804 1015 wohl vom Leib die er anderen, wie sie selbst beua piel,
2807 966 3342 1029 gestein, pielt Tag und Na
1800 994 2801 1052 ein Leuchten fiel ins Dunkel. Wr gäbe nicht für so
2803 1017 3345 1080 und neunt sich einen Ehren
909 992 1806 1072 Auf dem Z.tel, ses (Bmalhecktre sehtt „, Drei
1794 1042 2738 1105 einen Wunderleib seine letzte Karb dlan pe her?!
2806 1056 3129 1117 Schiever agen.
790 1032 1810 1121 Akte in einem". Nicht erne Heil Ca ano#a der Held ist,
2910 1087 3284 1153 Dem Zuniouett de
771 1092 1810 1161 Jonpern weil es keine Zwischmnatte giot in diese m Lun¬
1912 1090 2811 1156 Am anderen Tage enthullt Anina ihrem Ge¬
2801 1113 3342 1211 Zyniemen von trefflichere
798 1134 1799 1213 pel. Der Vorhang jäger nach Fom Aufzug, um sich gleich
1805 1144 2809 1205 iebten da Geheimnis der Nacht. Sie sei aus des
795 1186 1803 1252 (Meder zu heven. #., dep' Comédie-Françaue werden
2808 1177 3280 1241 mer würdige Wendung.
1803 1184 2801 1242 Fremden wildester Umarmung teulos wie aus Kinder¬
800 1214 1801 1289 die Stucke Molières noch heute durchgespielt wober
2810 1217 3340 1294 Poet dazu trägt dem Baron
1810 1235 2801 1283 schlaf erwacht und fühle sich die gleiche die sie war.
797 1275 1801 1335 der Vorha## vol dem Ende überhaupt nicht niedergeht.
2809 1268 3341 1324 Weider eine Nov Ue oor. in
1803 1271 2794 1341 Sie ist höchlich erstaunt, daß ihr Inhaber die An¬
801 1308 1805 1363 Die alle S###e paß nicht für unser Theater. Drei
2804 1315 3343 1377 Nachter.ählt und die handelnc
1809 1321 2803 1372 gelegenheit mit Erbitterung und Entrunung auffaßt.
797 1361 1798 1430 Akte in eidem, umal gesprächige, wirken ermüdend.
2801 1360 3327 1416 eines Brautigam und #w
1793 1363 2801 1429 zumal sie an Ca anova ein Billett ohne Unterschrift
789 1399 1800 1462 Der Zuschauer bralsch. Ruhepunkte und Atempausen.
2802 1405 3348 1463 läßt Und nach Schluß der
1803 1407 2801 1462 gerichtet hatte, er solle aus Dankbarkeit für die glück¬
766 1443 1799 1506 Ein geistreiches Wort Schnitzlers lautet: „Lang ist
2801 1447 3337 1500 eine Art Minnehol, der ab
1806 1446 2797 1503 liche Nacht die Stadt verlassen. Der ledige Menelaus
782 1487 1795 1547 das Leben und kurz die Ewigkeit“, aber bei zwischen¬
2800 1478 3333 1543 soll welcher Schwester der
1795 1487 2802 1537 tobt und die schöne Zufallshelena ist darüber so
792 1522 1794 1610 altiden Stucken muß man sagen: Kurz ist das Leben
2799 1533 3337 1585 Baron erklärt sich ür intom
1803 1533 2801 1587 empört, daß sie iom von ihrem dunkeisten Fleck weg
789 1564 1429 1630 und ewig so ein Theaterabend!
2805 1574 3264 1630 fragen mitzusprechen.
1795 1579 2796 1646 erklärt, er sei von nun an ein fremder Mann für sie
2787 1615 3335 1694 Casanova. Der erscheint zur
906 1603 1803 1678 Der zwölfbändige Unband Casanova reizt
1803 1619 2773 1693 wie Casanova. So wird Heleng zur Sexualnora!.
2792 1663 3202 1733 Problem, wie folgt:
781 1644 1792 1726 unsere Tramatiker. Hofmannethal hat ihn zweimal
1897 1676 2809 1736 Im kritischesten Augenblicke lätzt sich Ca anova
794 1709 1795 1769 auf die Bretierwelt gebracht und nun bemächtigte
1788 1711 2811 1788 melden. Er kommt und pumpt seinen betrogenen
3137 1702 3350 1788 „Die eine
798 1745 908 1794 sich
901 1752 1794 1813 des frauenbezwingenden Abentenvers auch
2872 1738 3260 1818 Wies immer kam —
1793 1769 2797 1823 Badebekannten um 1000 Dukaten an. Er glaubt noch
784 1797 1798 1861 Schnßer der ihm seine von allen scharfsichtigen
2829 1801 3346 1875 Die ndre, die ihm höchste
1797 1805 2801 1857 immer, bei der ihm sonst wohlbekannten Baronin
786 1838 1800 1904 Annern aner annte Anmut verlieh. Wer Lust und
2829 1851 3340 1918 Doch, wie ichs auch gerng
1789 1851 2802 1911 glücklich gewesen zu sein, weiß also nicht, daß es
782 1873 1796 1945 Zeu hat, die Memoiren nachzuiesen, wird vielleicht
2823 1894 3337 1950 Und o erscheint in diesem
1801 1896 2795 1949 Aniua war! Neber diesen Irrtum des sonst so ge¬
786 1926 1791 1984 auf eine Episode stotzen, die dem Dichter die An¬
2827 1925 3350 2004 Die eine nicht und nicht bi
1798 1940 2805 1997 wiegten Frauentenners ist Andrea hocherfreut und
771 1961 1792 2032 regun zu der Handlung seines Lustspieles gab.
2825 1978 3345 2038 Der gute Jüngling als zum
1786 1983 2809 2056 bewilligt (Amerika, nimm dir ein Beypiel dran!)
779 2015 1786 2074 Vielleicht auch nicht. Casanova ist da in ein Abentener
2822 2014 3333 2083 Und rühmt er ela seines
1798 2023 2812 2104 die erbetene" Valutaanleihe. Dann aber erklärt
774 2036 1784 2110 verwicke i. welches eher von Boccuccio sein könnte,
2827 2065 3337 2120 Als Lügner müßten beide
1801 2073 2793 2134 er der Braut, die auf Lösung ihres Ver¬
782 2093 1793 2160 wen es nicht von Schnitzler wäre. Ein Geistbold geht
2823 2112 3343 2181 Denn wenn mans recht er
1783 2100 2809 2172 hältnisses besteht, daß Casanovas nächtlicher
774 2138 2801 2223 d#in um, und der Frivoltätigkeit sind keine Schrankenge= Besuch nicht ihr, sondern verabredetermaßen der
2894 2150 3325 2229 Man wird nicht mit
773 2173 2793 2248 Pgen. Der Dichter des „Reigen“ lichert durch das Stück] Baronin gegolten habe. Nun ist Anina erst recht böse.
2780 2187 3335 2275 wir dermalen ausere Sorge#
770 2231 2799 2299 Aud schlägt amüsante Kapriolen, was ihn aber nicht Sie kann weder verzeihen noch vergessen, sie packt
2795 2255 3324 2319 solche Minnegerichtsfragen
762 2259 2795 2360 Hhindert, gelegentlich Piychologie zu treiben oder den ihre Koffer, um auf und davon zu gehen. Im rechten
2791 2287 3340 2354 Schnitzler wird dagegen beha
782 2320 1792 2381 Scherz mit feinen Ironien zu würzen. Und man ist
1784 2327 2795 2392 Moment findet die Waronin sich ein, die das uner¬
2789 2349 3344 2419 geschilderte Sippe des achtzeh
787 2349 1794 2439 wieder einmal wie schon so oft bei Schnitzler, ange¬
1791 2369 2792 2438 fahrene Mädchen gutmütig zum Bleiben veranlassen
780 2385 1106 2454 nehm entrüstet.
2780 2381 3335 2457 keine andere Sorgen hette.
1790 2417 2794 2468 will, aber bald den ganzen Sachverhalt erfährt. Sie
2778 2416 3335 2490 machen. Und wie endet das
887 2436 1788 2504 Wegschauen — es folgt eine kurze Inhalts¬
1778 2462 2792 2530 schäumt vor Wut über den ihr weggeliebten süßen,
2782 2472 3327 2527 neuen Mißverständnis. Der
780 2453 1785 2545 angabe! Zeit: Mitte des achtzehnten Jahrhunderts,
1777 2498 2787 2568 Bissen, nach welchem sie schon so lange gedarbt; sie
2791 2518 3330 2576 Degen gegen Casanova, aber
785 2525 2793 2608 Schauplatz: Elegantes Zimmer in einem vornehmen nennt Anina Diehin. Mörderin, Verruchte, Ver¬
2783 2562 3309 2630 Duell mit dem Aufschrei:
781 2569 3313 2667 Gasthof des berühmten Badeortes Spa. Das Zimmer worfene und Schamvergessene! Und was erwidert verhindern, worauf wieder
778 2603 3062 2654 wird von einem wohlhabenden jungen Mann, Andreaj die Siebzehnjährige? Sie schlägt vor, beide Frauen zieht, weil
3073 2647 3290 2715 er glaubt,
764 2657 3328 2756 Bassi und seiner „Braut“ bewohnt, einer holden sollen zu Casanova gehen, der die Entscheidung treffe, Opfer der Verwechslung a
768 2700 3304 2787 Siebzehnjährigleit, die er entführt hatte, ohne auf wer von ihnen das bessre Recht an ihn habe. „Ge= bleiht ungelöst, aber der
768 2743 2786 2827 Widerstand zu stoßen. Er ist Student und Poet dazu meinsam gehen wir, eine kehrt zurück.“ sagt sie. „Das
2775 2772 3335 2836 einer alten Liebe Casanova
764 2787 1781 2859 und daher passiert ihm ein dramatischer Stoff. In
1785 2797 2789 2876 wär' ein ungleich Spiel,“ schreit die brünftige
2778 2816 3130 2885 entzweigehauen, di
3131 2818 3340 2891 enach eine
770 2828 2781 2918 einer Nacht, die er zum ersten Male in Gesell= Baronin, „erst mann auch ich ihm eine Nacht geschentt,
2772 2866 3044 2928 Treulosigkeit
3257 2870 3323 2923 kkeh
765 2857 1782 2945 schaft von Abenteurern und Triebierinnen am
1767 2903 2949 2958 ward unser Anspruch gleich dann darf er wählen.“ entführt,
761 2911 2966 3004 Spieltisch verbringt, werden ihm von seinem Nach bieser einen Nacht will sie ihn zurückhellen und ein Enga
766 2940 2906 3045 Liebchen ganz eigenartige Hörner aufgesetzt. In dieser dann mag ihn die andere ewig für sich behalten. Sie Jahret
759 3000 2861 3091 Nacht wird Calanova von einer hingebungsvollen fleht herzzerreißend um diesen Gang zum Liebes, folg
766 3045 2869 3151 Baronin erwartet, aber er verwechselt die Oertlichkeit turnier, sie bietet der Rebenbuhlerin ihre Verlen den
