3344 4352
824 295 1826 372 und geral in d. Schiaekum! dee ihrem Andrea
1826 310 2848 396 rufür an, und da auch dies nichts nutz, will sie mit
829 360 1831 421 enlgegenschmachsenden Braut In dieser Nacht erkennt
110 234 820 436 vestern oder Cajanova
1823 367 2549 438 dem Haaipeil ihr ins Auge
2534 368 2848 443 fahren. Sie
829 402 1828 474 Aning. o heii dae willige Opfel des Zu alls den
1827 410 1952 460 wird
1975 421 2764 470 daran gehindert und jetzt tritt
828 445 1827 506 vielbegehrten Casanova aber en#eröst hat keßte Ahrung.
1810 452 2838 506 die Baionin ist angeblich verheiratet — der Baron
165 436 435 532 in Spa.
822 483 1827 549 daß er statt dr Baronis eine andere umarmte b.
1822 501 2833 547 ins Zmmer. Er handelt in Roz. Weib und Edel¬
124 503 661 595 iel vonfüchyur Schnitzler.
823 529 1825 593 wohl vom Leib die er anderen, wie sie selbst beua piel,
1829 538 2834 604 gestein pielt Tag und Nacht, führt ein lunig Leben
821 579 2842 637 ein Leuchten fiel ins Dunkel. Wi gäbe nicht für so und nennt sich einen Ehrenmann. Heute würde man
132 564 828 644 3 U4, be Butalbickire sehl: „Drei
827 618 1758 680 einen Wunderleib seine letzte Karb dla#pe her?!
1819 628 2153 688 Schiever agen.
120 626 823 692 lichten heil Ca anoa der Heid ist,
1937 645 2837 721 Dem Zuniouett der Frauen, das trotz aller
933 664 1824 725 Am anderen Tage enthulli Anina ihrem Ge¬
120 673 825 718 eine Zwischatte geol in dies m Lun¬
1824 688 2835 763 Zyniemen von treffsicheter Komil ist, soigt eine
132 715 819 768 gfä nach dm Aufzug, um sich gleich
826 713 1816 773 jedten da Geheimnie der Nacht. Sie sei aus des
1832 747 2834 801 mer würdige Wendung. Der junge Student und
128 758 824 813 n. ## de Comédie-Françalse werden
827 750 1826 804 Fremden wildester Umarmung teulos wie aus Kinder¬
1829 802 2840 843 Poet dazu trägt dem Baron in Gegenwart der beiden
118 794 817 856 res noch heute durchgespielt wobei
827 805 1828 858 schlaf erwacht und ifhle sich die gleiche die sie war.
134 843 813 909 dem Ende überhaupt nicht niedergeht.
1824 832 2844 895 Weider eine Nov le oor. in der er das Abenteuer der
822 845 1817 896 Sie ist höchlich erstaunt, daß ihr Inhaber die An¬
1825 877 2836 946 Nachterjählt und die handelnden Perio enin den Masken
136 884 824 948 pat nicht für unser Theater. Drei
820 887 1822 947 geiegenheit mit Erbitterung und Entrunung auffaßt.
136 936 820 987 umal gesprächige, wirken ermüdend.
1826 924 2852 984 eines Brautigam und weler Schweilern auftreten
823 931 1819 998 zumal sie an Ca anova ein Billett ohne Unterschrift
126 956 819 1033 auch Ruhepunkte und Atempausen.
1824 970 2834 1012 läßt Und nach Schluß der Geschichte beantragt er
819 976 1821 1024 gerichtet hatte, er solle aus Dankvarkeit für die gluck¬
132 1012 820 1079 Wolt Schnitzlers lautet: „Lang ist
1820 1015 2840 1060 eine Art Minnehol, der über die Frage entscheiden
820 1014 1810 1076 liche Nacht die Stadt verlassen. Der ledige Menelaus
113 1037 818 1115 ur; die Ewigkeit“, aber bei zwischen¬
1820 1055 2836 1124 soll welcher Schwester der Jüngling zugehöre. Der
815 1066 1814 1109 tobt und die schöne Zufallshelena ist darüber so
1825 1091 2827 1149 Baron erklärt sich ür inkompetent, in olchen Liebes¬
127 1092 808 1163 muß man sagen: Kurz ist das Leben
814 1100 1816 1152 empört, daß sie iom von ihrem dunkelsten Fleck weg
121 1141 446 1195 Theaterabend!
1815 1141 2787 1192 fragen mitzusprechen. Das könne nur einer —
814 1151 1816 1196 erklärt, er sei von nun an ein fremder Mann für sie
814 1179 1765 1255 wie Casanova. So wird Helena zur Sexualnora!.
1818 1179 2829 1270 Casanova. Der erscheint zur rechten Zeit und löst das
122 1178 819 1253 bändige Unband Casanova reizt
1811 1220 2222 1302 Problem, wie folgt:
127 1233 817 1294 er. Hofmannsthal hat ihn zweimal
910 1235 1819 1309 Im kritischesten Augenblicke läßt sich Ca anova
123 1281 815 1336 lt gebracht und nun bemächtigte
2155 1261 2791 1354 „Die eine. die versprochne Gunst
824 1284 1823 1351 melden. Er kommt und pumpt seinen betrogenen
124 1317 809 1378 ube,wingenden Abenteurers auch
1873 1305 2794 1390 — Wies immer kam — dem Jüngling vorenthielt,
812 1327 1816 1395 Badebekannten um 1000 Dukaten an. Er glaubt noch
125 1362 819 1420 hm seine von allen scharfsichtigen
1849 1381 2663 1437 Die ndre, die ihm höchste Huld gewährt
821 1371 1823 1440 immer, bei der ihm sonst wohlbekannten Baronin
121 1409 808 1459 te Anmut verlieh. Wer Lust und
809 1422 1825 1472 glücklich gewesen zu sein, weiß also nicht, daß es
1852 1405 2755 1484 Doch wie ichs auch gefügt, nicht als nie selbst.
127 1450 814 1511 moiren nachzulesen, wird vielleicht
810 1464 1827 1532 Anina warl Ueber diesen Irrtum des sonst so ge¬
1846 1458 2606 1518 Und o erscheint in diesem Zu allsviel
144 1490 816 1562 stoßen, die dem Dichter die An¬
804 1491 1815 1564 wiegten Frauentenners ist Andrea hocherfreut und
1852 1490 2699 1565 Die eine nicht und nicht die andere, sondern
135 1529 813 1590 Handlung seines Lustspieles gab.
1844 1545 2633 1607 Der gute Jüngling als zumeist betrogen.
809 1547 1816 1599 bewilligt (Amerika, nimm dir ein Beipiel dran!)
132 1576 807 1640 h. Casanova ist da in ein Abentener
1846 1583 2603 1653 Und rühmt er etwa seines Sieges sich.
802 1592 1813 1659 die erbetene Valutaanleihe. Dann aber erklärt
143 1614 806 1681 eher von Boc####eio sein lönnte,
1859 1631 2733 1694 Als Lügner müßten beide Fraun ihn schelten.
809 1634 1820 1696 er der Braut, die auf Lösung ihres Ver¬
134 1657 1580 1714 Schnitzler wäle. Ein Geistbold geht) hältnisses besteht, daß Easanovas
1844 1668 2759 1745 Denn wenn mans recht erwagt besaß er keine.“
1567 1668 1825 1744 nächtlicher
123 1702 1821 1782 Frivoltätigkeit sind keine Schrankenge=] Besuch nicht ihr, sondern verabredetermaßen der
1918 1720 2824 1806 Man wird nicht mit Unrecht einwenden, daß
129 1755 810 1811 des „Reigen“ lichert durch das Stück
813 1758 1809 1828 Baronin gegolten habe. Nun ist Anina erst recht böse.
1812 1757 2832 1856 wir dermalen andere Sorgen haben, als uns für
121 1782 814 1855 ante Kapriolen, was ihn aber nicht
820 1801 1814 1866 Sie kann weder verzeihen noch vergessen, sie packt
1815 1819 2823 1881 solche Minnegerichtsfragen zu interessieren, aber
132 1841 1809 1917 ch Psychologie zu treiben oder den ihre H offer, um auf und davon zu gehen. Im rechten
1811 1865 2816 1929 Schnitzler wird dagegen behaupten, daß die von ihm
134 1877 813 1943 Ironien zu würzen. Und man ist
805 1887 1807 1946 Mopent findet die Baronin sich ein, die das uner¬
1815 1911 2829 1956 geschilderte Sippe des achtzehnten Jahrhunderts eben
138 1921 809 2000 ie schon so oft bei Schnitzler, ange¬
814 1934 1813 2006 fahrene Mädchen gutmütig zura Bleiben veranlassen
1810 1957 2818 1999 keine andere Sorgen hatte. Da kann man nichts
799 1979 1813 2037 will, aber bald den ganzen Gachverhalt erfährt. Sie
1810 1998 2821 2066 machen. Und wie endet das Lustipiel? Mit einem
146 1990 800 2071 — es folgt eine kurze Inhalts¬
808 2023 1801 2088 schilumt vor Wut über den ihr weggeliebten süßen,
1813 2040 2815 2116 neuen Mißverständnis. Der Dichterjüngling zückt den
133 2039 809 2113 Mitte des achtzehnten Jahrhunderts,
805 2070 1816 2134 Bisen, nach welchem sie schon so lange gedarbt; sie
1809 2081 2814 2141 Degen gegen Casanova, aber die Baronin sucht das
130 2097 814 2165 ntes Zimmer in einem vornehmen
809 2110 1805 2163 nennt Anina Diebin, Mörderin, Verruchte, Ver¬
1809 2118 2820 2196 Duell mit dem Aufschrei: „Mein Casanova!“ zu
138 2142 808 2202 mien Badeortes Spa. Das Zimmer
814 2156 1810 2215 worfene und Schamvergessene! Und was erwidert
1801 2171 2830 2241 verhindern, worauf wieder der Baron vom Leder
138 2189 1803 2265 ohlhabenden jungen Mann, Andrea] die Stebzehnjährige? Sie schlägt vor, beide Frauen
1800 2222 2817 2289 zieht, weil er glaubt, seine Frau sei das
166 2237 1794 2312 „Braut“ bewohnt, einer holden sollen zu Casanova gehen, der die Entscheidung treffe,
1811 2256 2825 2332 Opfer der Verwechslung gewesen. Das Problem
139 2258 1809 2351 die er entführt hatte, ohne auf wer von ihnen das bessre Recht an ihn habe. „Ge¬
1800 2304 2811 2362 bleibi ungelöst, aber der Lustspielknoten wird von
136 2309 1812 2384 ßen. Er ist Student und Poet dazumeinsam gehan wir, eine kehrt zurück.“ sagt sie „Das
1796 2342 2813 2415 einer allen Liebe Casanovas, der Tänzerin Teresa,
145 2350 808 2420 ihm ein dramatischer Stoff. In
796 2371 1801 2427 wär' ein ungleich Spiel,“ schreit die brünstige
1809 2391 2814 2451 entzweigehauen, die nach einer längeren Pause der
135 2396 1800 2475 er zum ersten Male in Gesell=] Baronin, „erst mann auch ich ihm eine Nacht geschentt,
1796 2442 2813 2497 Treulosigkeit reuig zurückkehrte und ihn nach Wien
133 2427 806 2515 teurern und Trieblerinnen am
800 2452 1805 2522 ward unser Anspruch gleich, dann darf er wählen.“
1795 2485 2815 2539 entführt, wo sie in der damals noch sorestlosen Zeit
136 2487 806 2553 gt, werden ihm von seinem
795 2502 1809 2555 Nach dieser einen Nacht will sie ihn zurückstellen und
1805 2516 2819 2587 ein Engagement an der kaiserlichen Oper mit einer
124 2522 816 2594 artige Hörner aufgesetzt. In dieser
799 2540 1804 2609 dann mag ihn die andere ewig für sich behalten. Sie
1804 2561 2823 2624 Jahresgage von 6000 Gulden annahm. Casanova
118 2579 1804 2655 ova von einer hingebungsvollen fleht herzzerreißend um diesen Gang zum Liebes¬
1807 2605 2826 2674 folgt ihr, gibt aber vorher dem betrogenen Poeten
144 2617 2574 2727 aber er verwechselt die Oertlichteit zurnier, sie bietet der Rebenbuhlerin ihre Verlen den Ra sich mit seiner Bnina auszu
2566 2658 2800 2742 öhnen Ann
1966 2707 2995 2794 dazu belehrt er ihn, daß es keine andere, keine bessere
1978 2774 2983 2843 Treue gebe auf Erden, als die Teresa eben ihm
1978 2824 2171 2898 bewies:
2103 2838 2994 2925 „Sie kehrte mir zurück. Nur das ist Treue,
2109 2909 2934 2978 Die einz'ge, die mit Recht so heißen darf.“
2091 2959 2991 3015 Ob wohl Schiller an eine solche Wiederkehr
1984 3000 3001 3060 bachte, als er den Satz niederschrieb: „Und die Treue.
1985 3041 3002 3107 sie ist doch kein leerer Wahn!" Zum Schlusse gehen die
1976 3077 3011 3158 drei Frauen, „in tiefster Seele Schwestern“ (1) Hand in
1982 3133 3011 3197 Hand in den Garten. Anina ruft zärtlich ihren Verlobten
1987 3178 3009 3224 und die drei Männer setzen sich versöhnt zu Tisch.
1988 3212 3026 3272 So endet das Lustspiel, in welchem überdies ein alter
1980 3268 3012 3322 holländischer Offizier als abgeklärter Ex=Casanova
1977 3305 3006 3362 philosophiert und ein 15jähriger Kellner als zulünf¬
1985 3348 3002 3411 tiger Casanova brünstelt, vorausgesetzt, daß er auch
1988 3392 3010 3449 Talent zum Schriftsteller hat. Sehr geschickt sind viele
1979 3438 3020 3492 Charakterzüge aus dem Leben des Herzensstapters in
1987 3479 3010 3530 den Dialog verflochten. Und wie aus den Memoiren,
1982 3524 3017 3570 läßt sich auch aus der Komödie schwer erkennen, was
1982 3566 3008 3629 an ihm wahr, was falsch ist. Darüber könnten viel¬
1981 3611 3016 3677 leicht die vielen-tausend Briefe an Casanova Aufschluß
1980 3666 3003 3720 geben, die sich noch immer im Schlosse zu Dux
1985 3697 2819 3752 feinem letzten Zufluchtsorte, befinden sollen.
2103 3735 3009 3795 Otto Treßler spielte den Abenteurer. Er
1979 3784 3001 3846 brachte selbstverständlich den dazu erforderlichen
1984 3834 3001 3888 Humor auf. Ob er das Betörende, Bezaubernde.
1991 3885 3008 3930 Berückende des großen Fraueneroberers besitzt, das
1990 3915 3004 3980 zu beurteilen sei der holden Weiblichkeit überlassen.
1996 3975 3004 4019 Frau Aknay war die kleine Anina. Recht nett in
1990 4013 3001 4059 der stillen Erinnerung an die vor allen anderen
1992 4056 3009 4108 Nächien ausgezeichnete Nacht, aber zu heroinenhaft
1993 4095 3021 4148 in den Ausbrüchen der Entrüstung. Herrn Schott,
1985 4128 3017 4183 dem Jüngling mit den illegitimen Hörnern, wuchsen
1985 4176 3106 4242 auch noch die Jamben über den Kopf. Er sollte sich
1985 4212 2996 4291 eine stattliche Anzahl davon streichen asen
