3392 4320
2463 136 2917 234 box 33/5
307 139 2304 235 28. Die Schuestern oder Casanova in sna
630 789 1558 913 Burgtheater. „Ich frage Sie, mein Freund,
987 869 1422 931 gibt's bess're Treue,
913 901 1557 981 Gibt's, frag' ich klarer noch,
972 954 1414 1017 gibt's eine andre
679 942 1558 1054 2708 1920 Auf Erden zwischen Mann
986 1036 1384 1093 und Weib, Andrea,
418 1050 1543 1271 pse W“ me die Tbersna eden mr
980 1118 1186 1179 bewies?
586 1142 1544 1266 Wien. Sie kehrte mir zurück.
967 1201 1392 1274 Nur das ist Treue,
2931 1199 3376 1301 e—
919 1245 1546 1329 Die einz'ge. die mit Fug so
2801 1278 3375 1367 und entschieden hat. Ihn
974 1287 1279 1354 heißen darf.“
2139 1298 2510 1390 Feuilleton.
2818 1329 3376 1414 auch diese Stunden hier ni
500 1319 1548 1410 Das ist das Ergebnis, zu dem Casanova
530 1381 1339 1449 am Schlusse des Verslustspieles
2908 1384 3350 1462 Casanovas Gestalt
1364 1392 1539 1456 „Die
530 1422 1545 1498 Schwestern“ von Artur Schnitzler gelangt.
1777 1417 1849 1492 3
2822 1422 3384 1519 Zauber auf Artur Schnitz
2025 1422 2647 1525 Der Sittenreiniger.
1741 1484 1855 1543 81
527 1465 1553 1557 In diesem Lustspiel wird ein bischen ausführlich
2834 1495 3381 1564 in tausend Zweifeln schmc
1935 1507 2643 1592 Ein Dädagog, wie's keinen gab,
519 1518 1543 1598 über ein nächtliches Abenteuer Casanovas ge¬
1736 1538 1807 1585 S.
2831 1536 3368 1600 sich von diesem großen
1754 1560 1852 1638 255
515 1566 1536 1643 sprochen, und so hat der Zuhörer Gelegenheit, sich
1928 1560 2674 1647 Der Reisch ist's, den wir brauchen,
2824 1592 3356 1650 angezogen. Der Dichter
530 1609 1546 1698 immer wieder darüber zu freuen, wie der Dichter
1937 1623 2694 1704 Denn er gewöhnt den Suff uns ab,
2826 1644 3356 1703 Todesbewußtseins fühlt
1742 1618 1877 1723 S
516 1650 1537 1737 den Dialog über eine heikle Angelegenheit im
2823 1691 3375 1763 diesem kraftvoll unbeden
1928 1683 2598 1765 Das Spielen und das Rauchen,
513 1710 1545 1787 allerletzten Augenblick so biegt, daß er sich aus dem
2818 1741 3375 1805 Lebens. Er erfindet Abe
1938 1742 2623 1823 Besteuert er, der strenge Mann,
524 1754 1525 1838 Gebiete des Peinlichen ins Heitere, Graziöse,
1752 1780 1865 1837 2
2826 1783 3374 1854 Abenteurer, der an wirkl
516 1797 1539 1876 hinüber wendet. Der Casanova Schnitzlers hat
1932 1807 2543 1883 Juletzt auch noch die Liebe,
2822 1836 3372 1912 überreich gewesen ist. Doch
523 1852 1527 1925 schon einige grau gewordene Locken und so sagt
1942 1842 2731 1951 Ich wüßt' nicht, welches Laster dann
2822 1887 3372 1954 solche Abenteuer zu ersinne
514 1908 1525 1966 er am Tage zwischen einer Liebesnacht und der
1775 1889 1863 1966 9
1933 1922 2521 2012 Für uns noch übrig bliebe.
2828 1942 3351 2003 flammende, wunderbar
1788 1954 1856 1999 80
519 1945 1525 2018 Rückkehr zu einer italienischen Tänzerin manches
1778 1973 1871 2047 8
2631 1956 2793 2046 e. W.
2825 1967 3387 2051 Casanovas höher aufleucht
517 1985 1530 2066 kluge, gute Wort über Frauen, Liebe und Treue.
2832 2037 3373 2104 Leuchtkraft mehr gesammel
1766 2011 1888 2109 4
515 2039 1537 2109 Er steht an jener Grenzscheide der Männlichkeit,
2820 2082 3316 2157 von ihm selbst erzählt.
508 2087 1544 2144 an der man noch genießt, aber schon nachdenklich
2105 2051 2574 2175 Burgtheater.
2832 2129 3372 2185 eine herrliche Novelle gest
514 2138 1526 2205 geworden ist, sich gern noch betören läßt, aber
1839 2144 2818 2242 „Die Schwestern oder Casanova in
2824 2174 3386 2244 Reife, deren äußerste Vo
515 2182 1518 2250 nicht mehr zu betören ist, den Berauschten nur noch
1848 2223 2822 2278 Spa“, ein Lustspiel von Artur Schnitzler.
2824 2226 3374 2305 ganzen, von jeglicher Sch
506 2217 1522 2295 spielt, aber schon einen recht klaren Blick hat.
511 2284 1522 2362 Darum konnte diesen Casanova Herr Treßler
2826 2270 3343 2344 Anmut vielleicht später
1923 2258 2828 2356 Auf seiner lebenslänglichen Spazierfahlt
2817 2311 3382 2394 greifen finden wird. Und
1845 2327 2822 2407 durch das Leben kommt Casanova eines Abends
2819 2373 3374 2450 wieder, in diesem Lusts
1852 2376 2821 2443 nach Spa. Er hat Pech am Kartentisch, Glück
949 2386 1540 2471 Verlag: „Neues 8 Uhr-Bl
2824 2417 3386 2495 glaube, gleichfolls erst auf
1848 2430 2820 2492 in der Liebe. Mehr sogar als er weiß. Denn
2823 2467 3383 2537 stehen und auf die gerech
1839 2482 2826 2551 er verfehlt das Zimmer der kleinen, hübschen
2827 2516 3377 2588 eine Weile warten muß,
1852 2533 2826 2597 Frau, die ihn rief, und statt ihrer. die ihn
2836 2575 3373 2629 jetzt wohl noch zu leicht
1850 2589 2822 2642 nun vergeblich erwartet, die er aber durch ihr
2825 2620 3385 2685 weil sie jetzt an dem tief
1855 2630 2825 2693 vorher bekanntes Wollen ohnehin schon besitzt,
2829 2667 3389 2747 Heiter keit schwebenden Ver
1852 2681 2822 2748 umarmt er im Dunkeln eine andere. Eine,
2832 2719 2988 2781 hören.
2729 2726 2826 2782 in
1846 2733 2669 2796 die er — freilich, ohne es zu wissen
2903 2753 3384 2840 Man wird es ja überh
1854 2759 2828 2833 dieser Sekunde erobert. Ein junges Geschöpf,
2825 2828 3380 2890 wenn eine Distanz gewonn
1848 2836 2822 2900 das, von Casanovas Glut plötzlich entzündet,
454 2829 1490 2916 spielen, der der große Herzensräuber sicherlich nichtf
2830 2872 3372 2941 in unserer Gegenwart, in
1848 2878 2825 2935 Untreue zum erstenmal begeht. Den nächsten
448 2885 1466 2942 gewesen wäre, aber dem nachdenklichen Casanova
2842 2924 3379 2982 nichts und zu niemandem
1856 2924 2825 2992 Morgen reist er weiter mit einer dritten, die
449 2940 1462 2997 höchstens einen etwas zu starken Schuß von
2834 2963 3392 3035 möglich scheint, gar nicht
1853 2967 2837 3049 oft schon seine Geliebte war, und die sich ihn
456 2967 1459 3040 Filouterie gab. — Was man in beständigeren Zeiten
2839 3012 3382 3076 dies Zusammentreffen S
1851 3015 2827 3081 jetzt wieder holt. Er ahnt nur halb, was ge¬
460 3023 1461 3098 Hoffnung und Zukunft des Burgtheaters nennen
456 3062 1455 3120 könnte, bewährte sich aufs Beste. Ueberraschend
1855 3060 3401 3146 schehen, ahnt nicht, daß er Schicksale verwirrt stalters, mit Casanova als
454 3108 1460 3178 vor allem in Aussehen und Abtönung des Spieles
464 3167 1453 3222 Frau Atnay, erfrischend in seinem stürmischen
463 3210 1459 3274 Jünglingstum Herr Schott, voll reizenden
1132 3255 1453 3327 Frau Retty
457 3259 1138 3319 Humors der junge Thimig.
447 3292 1455 3376 wußte treifsicher ihre Rolle ihrem Wesen anzu¬
460 3337 1461 3409 assen. Fräulein Marberg setzt mit der
461 3396 1460 3465 leinen Rolle der Tänzerin Theresa dem Lustspiel
462 3440 1453 3507 och ganz am Schluß ein neues flirrendes Licht
456 3480 1455 3559 auf. Herr Danegger und Direktor Heine
452 3541 1455 3592 selbst geben dem ganzen Spiel einen heiter¬
440 3580 1473 3665 behaglichen Grundton von Verruchtheit. Der Beifall
452 3623 747 3706 war herzlich.
