3344 4256
2355 119 2804 211 box 33/5
189 134 2204 223 28. Die Schuestern-oder-Casanovs in Sna
1329 1171 1627 1278 2-N0 1910
912 1242 1560 1361 # Frter Zeitung
1043 1315 1487 1419 Frankurt #. M.
1798 1463 2911 1527 Und auch sonst ist Bahr auf  dem Wege nach Damaskus ziemlic
1746 1496 2909 1549 derselbe gehlieben der er auch in prosanen Zeiten war. Schon à
895 1494 1418 1585 Wiener Theater
1750 1538 2855 1590 seinen Anfängen hat er eine merkwürdige Eigenheit gezeigt: er, d
1270 1561 1727 1631 g Wien, im Oktober.
1745 1581 2908 1636 Entdecker der österreichischen Literatur, hat sich immer nur für die
635 1616 1737 1676 Der Salzburger Apostel Hermann Bahr kann sich über seine
1745 1619 2901 1665 kleineren Leute eingesetzt und sich aus ihnen eine Garde geschaffen
572 1653 1738 1714 Aufnahme als dramaturgischer Beirat des Hofburgtheaters in der
1757 1661 2902 1712 Für die Bedeutenderen, die Kollegen, die Konkurrenten, hat er=hie
1747 1703 2903 1748 einen Finger gerührt. Jetzt erfahren wir, daß er das neue Werk
570 1697 1746 1747 gottlosen Wiener Stadt nicht beklagen. Wie einen verlorenen und
1744 1739 2930 1788 Artur Schnitzlers, „Die Schwester“, aus irgend einem Grunde#anz
584 1740 1752 1778 wieder gesundenen Sohn hat ihn die Kritik ausgenömmen, die Thea¬
1747 1768 2904 1818 abgelehnt hat und daß Schönherrs neues Drama „Das Narretspiel
577 1777 1748 1825 ter haben eine Bahr=Woché veranstaltet. — das „Ringelspiel“ wurde
574 1819 1745 1872 erstmalig, der „Querulant“ neu aufgeführt — die Schauspieler, die
1741 1807 2912 1876 des Lebens“ nicht an der Burg, sondern bei Reinhardt uraufgsführt
572 1854 2914 1895 seine Sachkunde schätzen, haben die Ohren gespitzt. Und die letzteren!wird Pflegt man so die österreichische Literaturs Nehmen wir an,
572 1898 1744 1958 sind wohl auch am meisten auf ihre Rechnung gekommen. Frau
1741 1897 2898 1945 Schnitzlers „Schwester“ sei wirklich nicht geeignet für die Burg
566 1934 1749 1985 Bleibtreu hat den Vertrag erhalten den sies wünschte, und bleibt
1742 1923 2910 1989 (wir wissen es nicht, weil wir das Werk nicht kennen). Bleibt es
573 1966 1747 2027 damit dem Burgtheater erhalten; Korff, wohl der freieste Schau¬
1743 1971 2911 2022 nicht doch ein Werk von Schnitzler und war es nicht der Burg an¬
567 2009 1735 2059 spieler der deutschen Bühne, der jahrelang in Variétés herumzigeu¬
1738 2013 2909 2056 geboten? In diesem Fall hat der Direktor nichts anderes zu tun,
574 2042 1736 2097 nerte, wurde dem Burgtheater wiedergewonnen; Bahr knauserte
1753 2047 2910 2090 als es gut aufzuführen und dem Publikum die Ablehnung zu über¬
569 2085 1740 2142 nicht und fand den Don, den die Bureaukraten nicht gefunden
1746 2088 2905 2143 lassen, wenn es dessen Wille ist. Ich denke nicht daran, Bahr zu¬
568 2119 1736 2178 hatten, der starken Künstlern die Arbeitsfreude wiedergibt. Die
1739 2110 2916 2197 zutrauen, daß er mit einer minder glimpflichen Behandlung zweier
566 2143 1735 2215 Spielfreude der Schauspieler ist aber dasselbe, was für eine Armee
1744 2165 2906 2226 höberen Orts weniger gut gelittener Autoren dem höheren Ort ge¬
565 2195 1742 2262 der Gerst ist. Das Instrument, mit dem er siegen könnte, hat Bahr
1735 2205 2912 2266 söllig sein möchte. Nein, es ist seine alte Art, die Kleinen zu ge¬
570 2230 1729 2292 sich also rasch geschaffen. Nun käme es auf seine Politik und
1746 2236 2903 2297 winnen, die Großen zu verletzen. Persönliche Kunstpolitik. Nie¬
570 2275 1745 2341 Strategie an, ob er von der Waffe den richtigen Gebrauch macht.
1746 2279 2902 2324 mand aber kann zween Herren dienen: seinem Amte und Herrn
577 2304 1745 2384 Das Burgtheater brauchte einen Mann, der ihm seinen Rang als
1743 2316 2915 2377 Hermann Bahr Da Bahr aber, vor die Wahl gestellt, schwerlich
563 2353 1729 2411 die Bühne, an der am besten gespielt wird, wiedergäbe Alles an¬
1746 2358 2924 2414 das Amt wählen wird, fürchten wir, wird das Amt bald wieder
566 2388 1738 2445 dere käme in zweiter Linie. Wir fürchteten von vornherein, der
1741 2396 2912 2459 einen neuen Mann suchen müssen. Am Amte, an Wien und gu¬
567 2417 1732 2485 Apostel von Salzburg werde an einem so selbstlosen, unpersönlichen
1747 2431 2915 2483 einem etwa ungünstigen Vorurteil läge es nicht, wenn es so kom¬
569 2469 1741 2543 Werk wenig Freude haben. Und wir fürchten, wir haben uns nicht
1751 2475 2908 2542 men müßte. Wir haben es gesagt, Bahr ist mit offenen Armen auf¬
572 2502 777 2560 getäuscht.
1744 2501 2112 2581 genommen worden.
625 2524 1756 2611 Gleich die erste „Novität“, mit der Bahr auf eigene Rechnung
562 2570 1739 2642 hervortrat, zeigte ganz andere Triebkräfte als die der Unpersönlich¬
567 2623 1756 2694 keit. Mit der „Antigone“ von Sophokles führte Bahr sich ein.
565 2655 1759 2720 Klassisch, nicht wahr, vielleicht sogar ein bißchen akademisch? Ach
563 2695 1737 2761 nein, der kennt Bahr schlecht, der ihm blutleere Schulsuchserei zu¬
561 2727 1744 2800 traut Die harmlose Maske paßt ihm schon, aber der Schelm lugt
560 2765 1740 2844 drunter hervor. Die „Antigone“ ist ein Stück von brennender poli¬
564 2817 1738 2877 tischer Aktualität, ist ein Bekenntnis des Dichters zur reinen
566 2842 1737 2920 Menschlichkeit im Gegensatz zur Staatsräson und gibt Gelegenheit
563 2882 1755 2948 den Königen durch den Mund des Sehers Teirestas Dinge sagen
557 2936 1746 2971 zu lassen, die Hermann Bahr nicht einmal in seinem „Tagebuch“!
561 2964 1735 3022 frei hätte aussprechen dürfen. Das Drama sollte gar nicht „Ansi¬
565 3003 1770 3062 gone“ heißen, sondern „Kreon“ denn Kreon ist der tragische Held,:
564 3028 1779 3092 der, von seinem Herrenbewußtsein verblendet, die Götter heraus=1
568 3071 1740 3148 sordert und von ihnen gefällt wird (wie Hermann Bahr es man¬
560 3119 1744 3188 chem neuen Kreon im stillen wünschen mag). Diese politische
562 3157 1791 3225 Aktualität war es, die Bahr reizte. Denn schauspielerisch ist aust
554 3189 1743 3278 der Antigone mit ihren wundervollen, aber für unsere Bühne zu
565 3230 1731 3299 weit ausholenden Chören wenig anzufangen Sie bleibt Rezitation.
554 3257 1734 3337 Wir sind die letzten die einem Direktor kleine Aktualitätsscherze
556 3306 1788 3383 verargen. Aber sie dürsen nicht auf Kosten der eigentlichen Auf=t
552 3335 1735 3417 gabe gehen. Wir wollen nicht Herrn Bahrs geistreiche und inter¬
562 3385 1233 3437 essante Physiognomie, wir wollen —
1229 3395 1707 3452 in seinem jetzigen Amte —
566 3418 1793 3508 seire Meisterhand sehen. Antigone zeigt sie nicht, konnte sie nicht !1
531 3470 1686 3546 zeigen trotz der herrlichen Gestaltung der Frau Bleibtreu.
