3344 4352
2460 187 2927 294 box 3375
845 214 957 277 IWG
285 218 2314 314 28. Die Sche#stern oder Casanovs in Sna
2808 1140 3356 1236 re Fr royte für Gewerd
852 1187 3357 1285 ubgabe von Schaumwein wurd auf das Treiane der im bis 4 Abrn (Osterwoche) wird an alle mehldezugsberechtigten werden vom 1. April
861 1267 3350 1333 Gesetze vom 6. Februar 1919 festgesetzten Betrages Personen 1/ Kilogramm Reis als Sonderubuße zur scheine für Betrieb=zu
843 1309 956 1373 —
1472 1317 2079 1375 —
848 1369 2944 1438 ist, schneidet den verwickelten Faden der Geschichte damit: Vergleiche und stehende poetische Floskeln machen den
2946 1369 3357 1431 deuen Schwierigkeiten
848 1431 2945 1496 ab, der eigentlich Betrogene sei der irrende Mann im Ausdruck beiläufig, statt ursprünglich. Immerhin über¬
2945 1419 3350 1490 Frau Retty zu in
844 1465 1902 1542 unrichtigen Zimmer gewesen. Aninas untröstlicher Besitzer
2955 1479 3357 1546 lisch mit dem insipi
1900 1467 2948 1557 geben einige sinnreiche Wendungen die rohe Form mit
851 1521 1902 1586 aber gibt sich als Beleidigten zu erkennen und zwingt den
2939 1516 3357 1589 lommen, so überrasch
1905 1526 2245 1597 geschickter Hand.
857 1576 1903 1635 unwissentlichen Nutznießer seines Schatzes just vor dem
1956 1547 2949 1651 Das eigentliche Problem, das aus der dürftigen
2940 1578 3358 1643 eine entzückende Sp
849 1628 1912 1690 Speisen zum Duell. Sie legen aber nur schwatzend ihre
1900 1630 2942 1702 Fabel eine Charakterkomödie machen könnte,
2940 1623 3343 1696 Mi nenspiels. Wie
853 1683 1895 1745 lingen aus, ohne den Streit zu beenden, denn eine neue
2938 1680 3338 1752 Nacht erzählt und
1908 1682 2950 1756 wäre in dem Rätsel der Natur zu finden,
841 1718 1905 1797 Bewerberin um den vielbeschäftigten Casanova trennt di¬
1885 1715 2952 1786 welche einem grundverlogenen, flachen Bur¬
2948 1726 3316 1797 ihre Züge gehen,
847 1779 1904 1850 Gegner. Teresa, eine Tänzerin aus Neapel, wirbelt
1901 1779 3358 1838 schen, einem solchen Parade= und Pomadehengst wie im Nacherleben erle
853 1825 1908 1899 #erein, die soeben zwei Liebhaber abgetan hat, um
1890 1831 3356 1902 Casanova die tiefste, echteste und darum reinste Liebe Erinnerung ins Lee
850 1880 2959 1942 endlich Casanova einzufangen und in ihrem Reisewagen von Frauen in den Schoß fallen läßt, indessen wahre
2943 1879 3352 1951 betend andächtig an
845 1932 2942 1988 nach Wien mitzunehmen. Gleich erfaßt sie die Situation, Männer solcher Liebe darben müssen. Dieses Motiv
2951 1935 3343 2016 Wunder sinnlich sich
846 1987 2946 2047 würdigt mit gerechter Anerkennung und ganz ohne aber wird in der mühseligen Improvisation der Pierre
2954 1984 3359 2057 Schauspielerin. Die
849 2038 2946 2099 Hisersucht ihre schönen Nebenbuhlerinnen, tröstet sie de Straß=Poesie weder geahnt noch auch nur gestreift.
2949 2032 3358 2103 deuitsche Sprechen au
841 2088 1905 2150 els lachende Dritte und führt die Beschwichtigten in den
1889 2073 2940 2160 Daß Herr Treßler etwa aus eigenem dieses Rätsel
2951 2087 3351 2155 übrig. Ein in leiden
840 2118 1917 2201 Garten. Den gefühlvollen Bassi, der dieses Bild der zu
1901 2142 2946 2207 durch den Glanz einer Naturkraft, durch ursprüngliche
2949 2136 3339 2208 barer magyarischer
849 2182 1900 2247 neuen Begierden enteilenden und einverstandenen
1904 2190 2946 2252 geistige und sinnliche Wendung von Rede und Gebärde
2944 2182 3346 2263 wie Mängel der A
848 2229 1897 2300 Schönen mit betrübten Blicken betrachtet, tröstet Casa¬
1902 2243 2947 2302 auflösen, daß er dem Ganzen das poetisch Versagte
2952 2238 3349 2311 könnte. Herr Sch
842 2289 1906 2362 nova: „ könnten Männer je so Brüder sein, wie
1898 2293 2947 2356 durch Persönlichkeit zubringen könnte, wird wohl nie¬
2951 2284 3356 2349 übertrieben wie imm
842 2328 1909 2393 alle Frauen in tiefster Seele alle Schwestern sind,
1904 2340 3357 2402 mand von ihm verlangen oder erwarten. Dem wirk= trägliche, aufgeblase
841 2385 1899 2444 fürwahr, das Leben wär' ein leichter Ding.“ Aus dem
1904 2393 2956 2452 lichen Casanova muß jedenfalls, wenn wir seiner trau¬
2939 2385 3357 2459 spielte den Glücksrit
850 2437 1901 2511 Umkreis des Geschlechtlichen und, wenn man so sagen
1903 2442 2946 2510 herzigen Eitelkeit oder wenigstens unserer Vorstellung
2949 2447 3349 2506 und dreist genug, H#
841 2492 1893 2556 darf, aus seinem Geiste gesprochen, läßt dieses wahre,
1905 2495 3346 2547 von ihm glauben wollen, ein glühender Hauch von Alter hetzte seine V
851 2533 1896 2594 wenn auch nicht eben tiefe Wort einen hübschen Aus¬
1886 2530 3355 2608 Geschlechtlichkeit und heiterer Bezwingung wie ein elek= das Stück aus dem
849 2586 1898 2657 blick auf das kreatürliche Wesen der Frauen, aber auch
1909 2599 2957 2661 trisches Fluidum aus allen Poren des Leibes entströmt
2951 2598 3350 2667 Thimig als frech
846 2646 1898 2708 der Männer tun und bildet die Umschrift der Komödie
1908 2643 2950 2705 sein. Warum sprechen die Italiener bloß von einem
2942 2639 3348 2725 lich anständig, Frl.
839 2685 1903 2754 wie eine gefallsame Strumpfbanddevise des achtzehnten
1899 2681 2947 2752 odore di kemina? Durch diese Atmosphäre erschien er
2941 2699 3349 2771 natürlich, um so na
854 2738 1754 2812 Bahrhunderts an einer hochgeschürzten Wade.
1897 2751 2954 2813 von Anmut, ja vom Geiste des Sinnlichen selbst um¬
2940 2750 3342 2820 #ihnen gemeint war.
882 2787 1896 2865 Dieser leichtfertige Inhalt ist in der Form allzu leicht
1899 2786 2954 2863 leuchtet. Herr Treßler aber wirkte bloß wie der Com¬
2981 2795 3358 2870 Das Publikum sa
848 2850 1900 2912 fertig geworden; der Vers, flüchtig behandelt, um rasch
1906 2850 2946 2903 mis voyageur, der Casanova nebenbei auch war.
2945 2850 3341 2918 soielten Aufzüge h
1911 2901 2941 2962 Immerhin vermochte er geschickt mit beiden Beinen zu¬
845 2893 1912 2980 porüberzugeben, achtet nicht auf den reinen Klang, als
2956 2901 3337 2974 Langweile Achtung
854 2950 1909 3016 iolle er das Trübe des Inhalis trüb belassen. Hiaten
1898 2951 2950 3016 gleich über eine Fensterbrüstung ins Zimmer zu setzen,
2949 2962 3358 3038 mals nach dem Ver
867 2994 1897 3063 ##uch ein unabsichtlicher, darum schlecht wirkender
1908 3003 2956 3065 einen in die Luft geworfenen Geldbeutel aufzufangen
847 3045 2969 3107 Vinnenreim: „Er war ihr auf der Spur und fuhr! und Perse so gehobelt zu sprechen, wie sie geschrieben
837 3097 2965 3174 ir nach“) stören den süßlichen Vortrag, abgebrauchte ' steden, nicht ohne die mit bejahrter Rontine überwun¬
