3392 4320
2404 165 2883 270 box 33/5
1238 195 1285 254 C
798 179 975 259 hwe“
278 175 2285 274 28. Die Se.stern oder Casanova in Spa
779 480 1646 683 Bul apder Neus 748. We
998 674 1216 754 Seite 4
2359 675 2757 756 DERNI
1588 669 2030 756 Wien, Donnerstag
1867 774 2743 848 Das Amüsantene vielleicht, was Casa¬
1398 799 1529 892 63
1826 835 2737 907 nova in der Schweiz erlebte, war sein Be¬
1828 880 2738 949 such be. Voltaire, im Schloß Les Délices,
1428 875 1498 940 —
1047 878 1286 986 6%
1822 930 2730 980 nahe von Genf, wo der berühmte Philosoph
1811 974 2729 1038 und Dichtersidierte. Der kecke Venetianer
1823 1025 2740 1087 war dorthin gekommen in der ausgesproche¬
956 1008 1094 1113 60
1815 1070 2730 1147 nen Absicht, dem großen Mann „höflich die
1826 1125 2741 1188 vielen Fehler zu zeigen, die er in seinen
1019 1066 1664 1262 S
969 1122 1126 1215 6.
1826 1172 2731 1234 Büchern gemacht hatte". So verlief das
1821 1218 2736 1281 Zusammensein der beiden denn auch zwar
1825 1267 2743 1326 höchst anregend, aber nicht ohne Wider¬
887 1246 1807 1385 Auf Casanovas Spuren.
1818 1312 2743 1381 sprüche und am Ende mit einer Verstim¬
1815 1368 2737 1438 mung, wie wir es aus den Erinnerungen
885 1359 1803 1463 Pierre Grellet: Les Aventures de Casa¬
1827 1420 2742 1478 kennen. Voltaire erwähnt den Besuch in
1151 1436 1563 1518 nove en Suisse.
1816 1458 2738 1525 keinem seiner zahlreichen Briefe, und man
959 1490 1815 1573 Morgen ist im Burgtheater die erste Auf¬
1821 1509 2734 1565 wäre versucht, Casanovas eingehende Schil¬
895 1556 1812 1628 führung von Anur chi#lers Schauspiel
1820 1564 2740 1631 derung für eine kühne Renommage zu halten
895 1601 1811 1654 „Die Schwestern“, das eine Epifode aus
1815 1609 2736 1678 Darum ist es von höchstem Interesse, wie
897 1654 1813 1724 dem Leben des berühmten Venetianers zum
1824 1662 2729 1724 Grellet nachweist, daß Voltaire in einigen
899 1704 1812 1768 Vorwurf hat. Schnitzlers meisterhafte No¬
1820 1711 2723 1773 von den Fragen, die er mit seinem Wider¬
893 1751 1811 1813 velle „Casanovas Hfimkehr“ schildert den al¬
1823 1760 2728 1812 sacher diskutierte, seine Ansichten nach dem
902 1799 1809 1883 ternden Europareisinden, wie er erschöpft,
1828 1812 2724 1869 Besuch geändert hat, und daß dies nur durch
897 1854 1805 1911 noch nicht ermüdet von den Freuden und
1826 1853 2743 1935 den Einfluß der Gespräche mit Casanova
901 1900 1806 1962 Leiden der Welt noch einmal einen jungen
1821 1901 2104 1967 erklärlich ist.
901 1950 1817 2009 Nebenbuhler, aber nicht den eigenen Ver¬
1886 1925 2732 2024 Grellet stellt auch die Identität einiger
892 2003 1807 2064 fall überwindet. Hoffmannsihals „Chri¬
1819 2001 2732 2066 Geliebten des Meisters der Galanterie fest.
896 2045 1812 2106 stine" und „Der Abenteurer und die Sän¬
1828 2046 2741 2111 So lernen wir die Herkunft und den Lebens¬
899 2107 1817 2162 gerin“ nehmen ihre Fabel aus Casanovas
1823 2096 2739 2158 lauf der großen Kokotte Charpillon vor und
901 2143 1809 2210 Erinnerungen. Dieses Buch des buntesten
1823 2150 2743 2212 nach ihrer Beziehung zu dem Verfasser der
1822 2189 2729 2260 Erinnerungen kennen, da sie, wie man aus
903 2189 1811 2253 Geschehens und der tiefen Tragik ist uner¬
1820 2245 2736 2298 einem Polize.bericht erfährt, die uneheliche
903 2245 1811 2298 schöpflich für die Dichter. Keiner kann es
1827 2296 2748 2358 Tochter der unehelichen Tochter der Tochter
903 2289 1811 2349 lesen, ohne den Anreiz zu empfinden, aus
904 2347 1816 2398 dieser oder jener Periode des Weltlaufs
1821 2348 2736 2408 des Pfarrers von Ableutschen im Kanton
1821 2394 2736 2451 Bern und also eine Schweizerin war. Die
894 2394 1809 2454 dieses höchst menschlichen Menschen ein Werk
1812 2441 2735 2509 Maske vom Gesicht der Madame de M. aus
894 2447 1810 2504 zu formen, das fremdes Erleben mit eigenem
1824 2482 2736 2564 Solothurn wird gelüftet und die der schönen
895 2503 1801 2562 Genuß, eigener Enttäuschung verschmilzt.
1823 2531 2735 2599 Patviz erstochter Sara aus Bern. Leider
989 2548 1813 2623 Aber Casanovas Memoiren selbst
1829 2590 2745 2652 verhindert die Dezenz den gelehrten Casa¬
894 2595 1809 2672 sind eine Dichtung von stärkerer Wirkung,
1829 2625 2746 2702 nova=Forscher, uns Näheres von der klugen
900 2650 1813 2722 als alle Dramen und Novellen, die Teile
1818 2690 2731 2757 und kühnen Theologin Hedwig und ihrer
903 2700 1813 2762 seines Lebens in neue Formen gegossen
1818 2743 2735 2800 naiven Cousine Helene in Genf zu ver¬
902 2752 1808 2804 haben. Seitdem erst in französischer und
1822 2766 2743 2855 raten, die gemeinschaftlich von Casanova in
905 2784 1821 2866 italienischer, dann in deutscher Sprache diese
1824 2836 2739 2889 die Freuden der Liebe eingeweiht wurden.
896 2851 1817 2915 Selbstbiographie des Abenteurers und Li¬
1823 2876 2736 2950 Aber daß auch diese Figuren historisch sind,
904 2893 1822 2962 teraten der Nachwelt zugänglich geworden
1821 2933 2733 2995 beweist Grellet, indem er den Namen des
912 2948 1812 3022 ist, ist sein Ruhm immer mehr gewachsen.
1832 2985 2732 3061 späteren Gatten der so bereitwillig ver¬
894 3001 1812 3058 Niemand beginnt die Lektüre, der sie nicht
1827 3026 2336 3095 führten Hedwig nennt.
889 3044 1815 3112 bewegt, gerührt, vielleicht auch abgestoßen,
1888 3069 2731 3152 Dieses wissenschaftliche und liebens¬
908 3097 1826 3156 aber immer gespannt fortsetzte bis zum Ende
1821 3124 2741 3203 würdige Buch ist nicht nur brennend inter¬
902 3141 1820 3208 der neun starken Bände und dann nur des¬
1829 3175 2734 3240 essant für alle, die Casanova lieben und
902 3197 1805 3256 halb enttäuscht wäre, weil die Kraft ihres
1830 3227 2738 3290 bewundern: es ist auch eine erlesene Freude
898 3252 1818 3310 Verfassers nicht ausreichte, seinen Levens¬
1825 3279 2740 3335 für den Bibliophilen. In den Lausannner
909 3295 1815 3363 gang bis zum bitteren Ende des Exils im
1824 3317 2741 3391 Editions Spes erschienen, ist es auf schön¬
900 3337 1811 3428 Waldsteinschen Schlosse in Dux zu erzählen.
1822 3365 2733 3436 stem, holzfreiem Papier gedruckt und ge¬
968 3390 1812 3460 Eine Dichtung der Wirkung nach sind
1821 3416 2739 3486 schmückt mit reizenden Gravüren nach Bil¬
899 3445 1817 3516 die Memoiren, sagte ich. Sind sie nur Dich¬
1831 3465 2736 3535 dern und Stichen des achtzehnten Jahr¬
903 3487 1819 3552 lung? Sind sie Dichtung und Wahrheit
1829 3519 2732 3573 hunderts, die Städte, Gegenden und Per¬
902 3536 1814 3598 vermischt? Hier ist die Aufgabe der Casa¬
1823 3570 2726 3651 sonen aus Casanovas Schweizer Berichten
900 3582 1820 3648 nova=Philologie gestellt. Was bedeuten die
2526 3617 2700 3697 R. 0.
1822 3620 2122 3696 wiedergeben.
890 3636 1815 3707 Erinnerungen als historisches Dokument?
898 3670 1834 3769 Wie weit darf man ihnen vertrauen? Sie
900 3738 1820 3791 bieten das lebendigste Bild des privaten Le¬
904 3789 1822 3849 beus des achtzehnten Jahrhunderts. Aber
2517 3787 2675 3872 298
2209 3795 2567 3906 G IE
904 3840 1819 3905 ##t#es ein richtiges Bild? Und nahm Casa¬
2620 3850 2733 3916 3—
901 3876 1826 3950 noya wirklich die Stellung in diesem Leben
893 3927 1823 4010 ein, die er sich selbst zuweist? Oder ist die
2433 3934 2706 4057 24.2)
904 3981 1828 4052 Erwähnung der eigenen Person in den
1878 3977 2133 4079 —
894 4028 1834 4103 Kreis der wechselnden Umgebung verfälscht
894 4081 1824 4145 durch das Versagen des Gedächtnisses,
1921 4067 2532 4172 E
902 4130 1812 4175 durch die Eitelkeit des alänzenden Betrü¬
