3344 4320
2365 162 2857 274 box 3375
811 195 868 247 W
242 167 2259 284 28 D ScesdeCsnia
2531 1085 2750 1175 S
1740 1138 2740 1230 mit süßer, des Wunderbaren harrenden Seele,
1085 1136 1472 1236 Feuilleton.
1764 1213 2740 1295 zum Weibe erweckt durch die Liebe des jungen
1763 1262 2723 1319 Andrea Bassi, des Sohnes wohlhabender
778 1274 1758 1389 ArturSchnitzlers neue Komödie.
1764 1305 2727 1370 Bürgersleute. Der Widerstand seiner Familie
1758 1349 2724 1422 gegen das arme Mädchen gibt ihm die Kraft
869 1339 1745 1446 Iu Oilsdersest der „Deuschen Rund¬
1756 1411 2731 1476 zu einer Tat, so sehr das Abenteuer seiner
692 1377 1747 1485 K schau“ wird zum erstenmal ein neues Werk
1765 1456 2732 1526 Natur zuwider ist, und er entführt die Erkorene
788 1462 1743 1542 Artur Schnitzlers der Oeffentlichkeit mit¬
1753 1501 2718 1570 seines redlichen Herzens. In Spa, dem Mode¬
788 1523 1753 1588 geteilt. Es ist ein Lustspiel in Versen, der
1757 1554 2724 1608 bade des Rokoko, begegnen wir den Liebenden
780 1562 1743 1625 Dichter nennt es „Die Schwestern“ oder: „Casa¬
1744 1602 2726 1667 unter Abenteurern und Glücksrittern. Sie
781 1606 1113 1681 nova in Spa“.
1743 1653 2730 1722 wohnen im Gasthof, Tür an Tür mit einem
855 1665 1745 1731 Wieder wie in Schnitzlers letzter Er¬
1758 1705 2723 1764 anderen Paare, dem angeblichen Baron Santis
780 1716 1738 1788 zählung ist also Casanova der Held. Nein, Held
1744 1746 2729 1824 und seiner Frau Flaminia. Diese hat das gleiche
790 1776 1748 1825 kann man diesmal eigentlich nicht sagen. Nicht
1756 1800 2726 1870 Schicksal erfahren wie Anina. Vierzehn Jahre
783 1825 1740 1888 er trägt die Handlung, sondern diese dreht sich
667 1806 738 1911 3
1742 1843 2724 1912 war sie alt, als sie Santis erblickte — was weiß
777 1859 1735 1947 bloß um ihn. Er formt sich kein Schicksal und
1761 1903 2726 1960 man da, — er wurde ihr Gemahl. Seither weiß
770 1926 1740 1991 bekämpft es auch nicht, er läßt es sich nur ge¬
1757 1944 2730 2001 sie mehr vom Loben, und aus dem Gemahl
782 1967 1742 2029 fallen. Was ihn an diese Dichtung bindet, ist
1753 1998 2715 2077 wurde ein Reisebegleiter, gefällig dort, wo es
774 2014 1735 2086 kein Erlebnis, das uns einen Menschen zeigt
1758 2046 2476 2123 ein Gemahl nimmer sein dürfte:
764 2069 1739 2127 und die Hüllen von ihm fallen läßt, sondern
2208 2063 2684 2173 Ach, wie war ich jung!
760 2116 1748 2195 nur ein Abenteuer à lu Casanova. Den Reiz
1781 2119 2614 2194 Und wenn ich denke, daß mich Santis liebte
776 2168 1749 2233 der Persönlichkeit Casanovas scheint der
1783 2175 2688 2247 Und heut noch liebt, so könnt' es seltsam scheinen,
760 2219 1750 2279 Dichter bei der Gestaltung seiner Erzählung
1788 2223 2680 2285 Was er mich werden ließ. Doch man gewöhnt's.
1785 2267 2683 2337 Und nichts ist lust'ger, glauben Sie, mein Kind,
774 2273 1750 2334 zur Genüge ausgekostet zu haben, hier in
1782 2315 2688 2395 Als Herz an Herz geschmiegt einander flüsternd
767 2313 1742 2391 diesem Sviel gibt er sich mit dem Typus der
1780 2357 2469 2418 Die letzten Abenteuer zu vertrauen.
772 2355 1747 2426 Don Inan=Natur zufrieden, mit ihrer Er¬
1775 2394 2678 2464 Wie lachen wir! Denn, ach, die Welt ist dumm.
770 2408 1742 2474 scheinung und ihrem Beruf. Er zeichnet sie als
1788 2440 2258 2505 Zumal die Männer —
771 2466 1737 2535 eine elementare Gewalt, die selbst unberührt
1826 2490 2722 2567 Man gewöhnt's. Erschrocken hört Anina
774 2512 1734 2595 fortdauert, während sich an ihr die Schicksale
770 2552 1025 2624 entzünden.
1741 2551 2721 2604 zu. Und die kluge, welterfahrene Flaminia ahnt,
1748 2602 2715 2684 daß Aninas Geschick ihrem eigenen ähnlich wer¬
854 2602 1732 2683 Der eigentliche Held des Stückes sind die
1741 2647 1980 2721 den wird.
761 2654 1745 2738 „Schwestern“. Wer sind diese Schwestern? Der
1778 2660 2487 2750 Und warum nicht? — Der Wirt
2521 2667 2670 2755 " was
769 2715 1628 2799 Dichter läßt es seinen Casanova sagen:
2340 2736 2663 2818 meinen Sie? —
1199 2770 1703 2842 Und könnten Männer je
1788 2746 2337 2857 Für Schweftern hielt er uns.
797 2801 1706 2864 So Brüder sein wie alle Frauen Schwestern ..
1828 2816 2711 2883 Schwestern. Schwestern durch die De¬
796 2854 1621 2912 In tiefster Seele alle Schwestern sind —.
1743 2867 2710 2941 mütigungen des Lebens. Liebe schwindet hin:
805 2900 1709 2979 Fürwahr, das Leben wär' ein leichter Ding.
1726 2920 2708 2982 das große, selige und beseligende Gest.l ver¬
846 2954 2707 3048 Die Frauen demnach. Da ist Anina, siebzehn welkt. Was bleibt, sind die kleinen Passionen
762 3009 2102 3108 Jahre alt, aus Ferrara, ein blühendes Kind! erregten Blutes.
2807 1163 3336 1236 Stumm hört Anina die
2729 1217 3330 1273 Schwester. Nein, ihr wird di
2727 1267 3330 1331 haben können: Andrea ist
2736 1313 3329 1389 Beutelschneider wie dieser
2732 1362 3336 1434 Santis, sondern rechtschaffen
2724 1412 3355 1482 mann, und sie selbst ist kein
2730 1461 3346 1536 doch. Es ist ja doch schon zu
2739 1512 3332 1578 in die sie mit ihrem jungen,
2731 1561 3347 1630 flohen, sie hat sie schon in ihr
2731 1608 3330 1682 Aninas Wangen sind bleich
2732 1659 3341 1719 war die erste, daß Andrea ni
2730 1704 3354 1772 ruhte, sändern am Spielti
2732 1749 3339 1827 harrte Anina seiner. Da sch
2729 1804 3332 1883 Fensterbrüstung ein Mann. C
2754 1855 3353 1941 Er war's. Und ch' die Lippen
2754 1931 3329 1982 Zu einem Schrei sich auftun,
2757 1970 3336 2038 Die Brüstung ins Gemach sich
2758 2015 3329 2074 Ist mir so nah, daß über mein
2766 2063 3327 2128 Sein Atem weht, daß seiner P
2757 2102 3356 2173 Den meinen sich gesellt; — in
2759 2144 3356 2216 Der kühl und heiß zugleich — kei
2765 2195 3342 2258 Ein Flüstern ohne Wort, ein Fl
2752 2242 3356 2300 Doch endlich, ach, von meinem
2759 2285 3355 2348 Zum Kusse wird — läst all me
2761 2331 3347 2383 Und auf den Traumeswellen die
2769 2372 3335 2432 Vergang'ner nicht, zukünft'ger
2753 2408 3355 2475 Treibt es, wie von sich selbst bef
2754 2464 3341 2525 Als ich erwachte in des Morgen
2762 2506 3329 2565 War ich allein und lag mit off
2755 2550 3354 2615 Und wußte wohl: was diese Na
2762 2593 3326 2658 Nicht andern nur, mir selbst,
2768 2638 3327 2701 Vor wenig Stunden noch wie sch
2761 2679 3354 2751 Und nicht nur wider dich als
2744 2725 3356 2787 Und doch — war meine Seele 1
2750 2776 3356 2832 Dies aber ließ mich staunen meh
2754 2824 3355 2882 So ganz in dir beschlossen geste
2738 2866 3354 2920 Daß der Gedanke nur, ein andr
2746 2904 3348 2967 Berührte meine Hand unlauter
2752 2950 3353 3011 Mit Erel mich erfüllt — und i
2744 2998 3331 3059 Aus eines Fremden wildester u
2750 3042 3354 3121 So reulos wie aus Kinderschlaf
