3436 4320
2421 191 2896 285 box 33/5
265 199 2278 297 28. Die SchesternoderCasanouain Sna
2956 1205 3364 1307 Ee ter
941 1225 1884 1322 I eiem von Artar]
2225 1224 2557 1319 Raßlund.
2970 1283 3361 1356 Am 25. d. hielt A
821 1275 1870 1360 Henderson im Auftrage der englischen Arbeiter¬
1952 1299 2892 1362 Moskau, 26. März. (Funkspruch.) Die Reserve¬
2886 1324 3357 1393 Rudolfsheim eine Reden
821 1339 1876 1393 partei an den Sekretär der Internationale Camille
1861 1354 2884 1407 armee hat am 17. und 18. d. 85 Lokomotiven und
2887 1377 3330 1439 führte: Sie erinnern
820 1379 1866 1444 Huisman gerichteten Schreiben heißt es: „Wir
1857 1407 2884 1475 618 Güterwagen, am 20 und 21. d. 400 Lokomotiven
2889 1416 3354 1479 in Neunkirchen an 2
835 1438 1868 1488 gehen von dem Leitgedanken aus, daß der neue
1862 1448 2892 1517 und 662 Güterwagen wiederhergestellt. Die
2886 1451 3361 1514 wurde. Nun hat man ei
834 1483 2888 1558 sozialistische Arbeiter das internationale Werk des Bahnarbeiter der Murmanlinie haben bis auf
2886 1493 3348 1572 Neunkirchen geschickt, u
2888 1538 3363 1600 ohne Ergebnis geblie
2889 1587 3354 1637 ganzen Anzahl von Pe
821 1593 1867 1650 schaft. Aber Casanova war nicht allein ein Charmeur,
1863 1601 2887 1669 nur ein purer Sinnenreiz, feil wie eine Jahr¬
2892 1628 3355 1684 die Schuld oder Mitsch
823 1646 1871 1696 dem die Weiblein stürmisch ins Garn liefen. Dieser
1871 1660 2888 1707 marktsware? Fühlt er nicht mehr, daß Liebe,
2890 1660 3352 1722 wollte der Untersuchun
821 1690 1863 1749 dreiste finanzielle und diplomatische Abenteurer,
1869 1695 2893 1748 namentlich junge, glühende Liebe, etwas Keusches,
2887 1709 3344 1766 einiger Rädelsfü
828 1729 1864 1794 heute ein Bettler, morgen ein Grandseigneur,
1868 1742 2895 1798 Heiliges in sich birgt, das nicht angetastet werden
2882 1750 3354 1801 deshalb an den Bezi
821 1784 1866 1838 dieser buntschillernde kosmopolitische Wandervogel,
1867 1786 2891 1833 darf? ... Unsre Zeit ist so ernst, so bang. Aus
2888 1785 3344 1852 Neunkirchen mit dem
2893 1830 3355 1889 Verhaftung Gendarme
834 1831 1873 1893 dieser geistreiche Freigeist und wundergläubige
1860 1823 2899 1879 ihren Tiefen dröhnt und grollt es. Anatol hört es
2888 1871 3344 1924 die Verhaftung bei den
1874 1877 2885 1933 nicht, lächelt kokett und greift immer wieder nach der
830 1876 1866 1932 Magier, dieser Mann, der Feder und Degen mit
2888 1899 3360 1966 durchgeführt werden i#
1872 1921 2884 1976 alten Rattenfängerflöte. Aber die einstigen sinnigen,
826 1919 1868 1983 der gleichen gefährlichen Virtuosität handhabte,
2888 1950 3345 2014 hat geantwortet, daß
1858 1962 2885 2021 auch in ihrer Leichtfertigkeit noch innigen Melodien
833 1966 1873 2010 strahlte auch einen Zauber aus, der Könige, Kirchen¬
2890 1989 3347 2051 behörde nicht in der
1868 2008 2892 2070 entquollen ihr nicht mehr. Sie ist etwas eingerostet.
831 2019 1858 2072 fürsten, Staatsmänner, ja sogar einen Voltaire
2889 2030 3361 2095 zur Verhaftung beizust
1861 2056 2239 2129 Arme Flötel
838 2064 1859 2121 fesselte. Was ist von diesem Zauber in Schnitzlers
2877 2081 3311 2142 und Entrüstung.)
825 2102 1877 2174 Lustspiel geblieben? Ein liebenswürdig anmutender
1951 2094 2881 2169 Casanova verlangt einen Darsteller von hin¬
2890 2110 3346 2176 darauf erklärt, daß
839 2159 1863 2209 kleiner Komödiant, ein galanter Alltagsgauller,
2893 2148 3364 2216 keine Untersuchun
1870 2150 2884 2222 reißendem Charme und überschäumendem Tempera¬
2888 2206 3354 2253 Zeugen der Vorfälle
826 2204 1862 2266 seicht und frivol. Kein Zug ins Große, kein Blick
1862 2206 2886 2256 ment. Wo fände man ihn heute? Der Casanova des
2893 2242 3358 2303 dieses Verbrechen ver##
827 2254 1867 2316 ins Dunkle, Wetterleuchtende seiner Zeit und darum
1869 2256 2884 2312 Herrn Treßler war ein liebenswürdiger, ge¬
2886 2280 3364 2342 dem Einflusse der Ve
827 2302 1863 2355 auch kein Ausblick auf den weiten Horizont eines
1861 2298 2897 2361 schmeidiger Scharlatan, wie er im Buch steht, nicht
2894 2326 3353 2384 nun nicht die Macht has
837 2336 1568 2409 kulturgeschichtlichen Hintergrundes.
1863 2345 2808 2424 mehr. Herr Schott als Andrea und Frau A!
2892 2361 3348 2428 so kann man sich vorstel
926 2379 1866 2454 Aber selbst rein aus tändelndes Spiel gewertet.
1870 2395 2820 2449 als Anina mühten sich an der undankbaren Au
2884 2407 3343 2464 aussagen unter diesem
822 2417 1871 2489 weckt die Komödie sehr gemischte Empfindungen.
1863 2439 2887 2504 ab, in psychologische Verworrenheit Einheitlichkeit
2885 2440 3360 2509 schlechten Eindruck sol
838 2480 1868 2541 Gewiß: sie ist graziös und feingeschliffen, indes
2887 2491 3299 2565 sich nicht wundern.
1873 2492 2897 2551 zu bringen. Frau Retty als Flaminia milderte
826 2524 1875 2588 hinter ihrer müden Anmut lauter kühle, spitzfindige
2985 2515 3360 2590 Für die Verhältn
1869 2540 2890 2590 durch ihre Anmut selbst jene heikle Szene, da sie und
831 2567 1861 2642 Künsteleien. Und nun gar erst die Moral ihrer Un¬
2885 2567 3363 2636 charakteristisch. Ich wa
1873 2587 2887 2646 Anina aus Schüsselneid sich in die Haare geraten.
2890 2608 3352 2672 Salzburg, um im Einv
823 2623 1866 2682 moral, ihre Giftblüte, ihre Lupanarphilosophie!
1867 2636 2888 2692 Herr Danegger erhellte den dunklen Ehrenmann
2888 2658 3360 2709 für Heerwesen über ge
825 2660 1874 2719 Daß Casanova sie verkündet, man begreift es. Daß
1866 2684 2897 2747 Santis durch die fröhlichen Lichter seines Humors.
2895 2695 3358 2751 zu verhandeln. Der La
837 2702 1867 2765 aber Andrea, der seine Braut inniglich liebt, zu
1876 2733 2884 2787 Fräulein Marberg war das stürmische Dienchen
2890 2738 3355 2795 war von meinem Ersche
829 2750 1862 2807 dieser Weisheit sich so rasch bekehrt, daß er mit Casa¬
1864 2777 2898 2829 Teresa, das sie ein wenig verzierlichte. Herr Heine
2889 2786 3364 2837 (Heiterkeit) und ist nu
826 2795 1869 2855 nova sich verbrüdert, mit ihm bei Sang und Klang
2892 2817 3357 2883 in Salzburg bin. De
1864 2821 2897 2893 als der alte Lebemann Gudar bewegte sich mit
825 2836 1874 2886 pokuliert, wie häßlich ist das, wie bar jeder seelischen
2887 2863 3362 2925 soldatenrat hat
1864 2865 2891 2928 Anstand an der äußersten Peripherie der Handlung.
828 2888 1868 2947 Delikatesse! Und obendrein durch eine schreiende
2890 2891 3356 2962 mich zuiverhaften
1866 2926 2899 2979 Die drei zeitlich geschlossenen Akte des Lustspiels
824 2927 1873 2998 psychologische Gewaltsamkeit erkauft! Warum hat
2890 2948 3346 3001 dem ich wohnte,
1865 2964 2892 3029 wurden ohne Pause gespielt. Das Publikum, das erst
826 2975 1872 3031 das Schnitzler nicht gespürt? Vielleicht deshalb
2899 2987 3365 3050 Rufe: Hört! Hört!) Dil
1868 3020 2898 3070 in der zweiten Hälfte des Stückes aufzutauen begann,
824 3015 1873 3071 nicht, weil frühzeitig die Liebedämmerung seine
2891 3013 3353 3085 blieben. Daß es aber
1866 3060 2887 3119 konnte daher Schnitzler erst am Schluß begrüßen.
829 3062 1875 3131 Empfindung und damit seinen psychologischen Tief¬
2884 3072 3337 3120 soldatenrat die Idee f
827 3106 3355 3176 blick verdunkelt hat. Ist die Liebe wirklich Er wurde oft gerufen. Marco Brociner.nicht sagen einen Abge
