3248 4384
126 148 879 224 26. Der Moerder
992 147 1406 240 box 4/3
319 195 880 257 D a un
577 952 1536 1031 cumsutHNIemUMMsidsmE -in
600 1014 2696 1059 Felix Draeseke hat den beiden Geigerinnen eine Mörder.“ Die Geschichte eines Erotomanen, der
576 1029 2699 1098 Suite für zwei Violinen gewidmet, die an diesem seine Geliebte (wie die Sprache doch lügt!) ermordet,
584 1095 2704 1154 Abend einen warmen künstlerischen Erfolg davon=s um das Mädchen zu erlangen, das er liebt. Ueber
569 1119 2700 1195 trug. Das Werl, das die kontrapunktische und satz=der merkwürdigen Stilisierung vergaß man fast, daß
581 1178 2707 1228 technische Meisterschaft Draesekes bis zur Virtnosität ein psychologisches Problem gestellt war. Nämlich
572 1198 2705 1253 gesteigert zeigt, ist trotz seinerKompliziertheit äußerst wie der Schwache durch eine Brutalität den Ausweg
574 1255 2694 1307 klangvoll, und bestrickt vor allen Dingen durch den erzwingt, aus dem Labyrinth der Leidenschaft; sich
584 1288 2710 1347 wundervollen Eingangssatz, ein Grave von hebbeli= zugleich vortäuscht, diese Brutalität sei Kraft, und
595 1325 2705 1391 schem Gehalt. Das ausgezeichnete Programm der daß das Märtyrertum einer „Tat“ einen Mord sogar
596 1367 2692 1423 beiden Künstlerinnen, die durchaus auf Schlager halbwegs zu fühnen vermöge. Die Novelle hat
591 1400 1645 1471 verzichtet hatten, brachte noch Mozarts Konzertante
1631 1420 2701 1460 nicht nur äußerliche Gewandreize gemein mit den
597 1449 2696 1491 in D=Dur, das freilich etwas zu männlich rustikal, „Erzählungen“ klassischer und später Dramatiker.
603 1478 1501 1525 sogen wir amerikanisch, angesaßt wurde.
1487 1486 2688 1542 Zum Schillers Sonnenwirt und Kleists Novellen sielen
594 1524 2707 1566 Schluß spielten die Damen noch das D=Moll=Konzerts einem ein. Weil auch hier ein absoluter Dramatiker
589 1571 2699 1616 von Bach, wobei sie von Mitgliedern des Mozart=erzählte, und durch die ungemein plastische Art des
590 1610 2695 1662 vereins und Frl. Wallerstein begleitet wurden. Die Scenischen. (Das scheinbar nur beiläufig behandelt
600 1640 2694 1702 Pianistin, die wir schon aus einem wertvollen Kon=wird.) Wie aus einem gar nicht sehr persönlichen
604 1684 2693 1723 zert kennen, das sie in der vorigen Saison mit ihrem Tagebuche wird eine gar nicht sehr empfindsame
599 1720 2693 1789 Bruder veranstaltete, spielte als Solistin Beethovens! Reise eines Menschen reproducirt, seine bürgerlichen
606 1758 2697 1813 Waldstein=Sonate und zwei Schumannstücke in einer Verhältnisse und Zuständlichkeiten, wie ein Stück
603 1795 2706 1860 fast unweiblichen Art, die aber erfreulich viel ge=„Vermischtes“, und mit Chronistentreue verzeichnet.
589 1832 1572 1886 sundes und echtes musikalisches Empfinden
1690 1846 2688 1899 is man aus einem gewissenhaften Zuhörer zum
587 1864 2703 1942 kundete. Der Abend brachte allen Mitwirkenden serregten Teilnehmer der furchtbaren Reise geworden
1423 1906 1621 1964 K. W.
590 1896 1217 1978 große und verdiente Erfolge.
1692 1932 2698 1990 Das sind die Reize, die Schiller nie loskommen
2301 1961 2704 2021 scheinbare Objek¬
703 1971 2318 2017 = Arthur Schnitzler ist im Vortragssaale ein ließen von dem „Pitaval“: die
593 1999 2700 2070 seltener Gast. Man muß das nach seiner gestrigen, tivität, hinter der sich tausend Psychologenkünste ver¬
599 2044 2698 2105 im Künstlerhause durch die Tittmannsche Buch= bergen. Schnitzler vergißt sich schließlich selbst, er¬
601 2086 2695 2144 handlung veranstalteten Vorlesung bedauern. hitzt sich für seine Geschöpfe, vergißt, daß ein Mensch
601 2136 2692 2176 Schnitzlers vornehme soiguirte Arl, mit wenig; kaum in halbem Schlaf eine tötliche Portion bitte¬
593 2171 2687 2218 Kunst und ganz ohne Künstelei sich mitzuteilen, sren Morphiums als Wasser trinkt, daß der Baron,
590 2210 2695 2263 macht seinen Vortrag außergewöhnlich sympathisch. der den Schuldigen erkennt und im Zweikampf
597 2241 2688 2300 Der Dichter des „Grünen Cacadn“ aber war esfrichtet, ein deus ex machina ist, nicht würdig des
594 2285 2690 2335 nicht, der gestern zu uns sprach. Vielmehr der! Dramatikers Schnitzler. Und der Zuhörer vergißt
593 2326 2689 2373 Arthur Schnitzler der epischen Periode, die schon vor solche empfindliche Mängel über den Feinheiten
598 2367 2690 2428 dem „Weg ins Freie“ eingesetzt hat und sich deutlichseiner Novelle, die so viel Kunst birgt in ihren
1626 2403 2261 2464 gewollten Alltagszufälligkeiten
2334 2402 2700 2462 Doch die Mehr¬
592 2409 1632 2454 sogar in dem Drama des „jungen Medardus“ gel¬
584 2441 1641 2505 tend macht. Man empfindet den Wunsch und den
1632 2425 2606 2508 zahl der Zuhörer saßte das Problem als
2157 2476 2644 2547 schien es). Das 1
593 2490 1636 2535 Willen zu einer gewissen Unterordnung unter die
1634 2479 2067 2541 moralisches an
587 2528 2696 2565 Objekte der dichterischen Phantasie. Fühlt im Sprachs bedauerlich. Weil die bittere Ironie dieser
586 2563 2698 2600 lichen eine dem Dramatischen fern weilende Sehn= Chronik eines erotischen Verbrechers mit dem
593 2605 2689 2660 sucht, mit dem Chronistenstil zugleich die unter der Ausgleich von Schuld und Sühne nichts mehr zu tun
581 2651 2699 2705 Asche leuchtende Farbenglut alter Meister zu ere hat. Als ob der Dichter das Themat ein Mensch
584 2690 2694 2714 reichen und — bangt zuletzt trotz allen neuen Reizen wählt zwischen zwei Menschenleben, im Scherzo
583 2717 2529 2770 dieses überreichen, genialen Talentes um die Köst= pariieren wollte, las er dann den bekanntenM
2572 2724 2690 2780 olog
2610 2764 2707 2807 De
585 2760 2500 2818 lichkeiten des Dramatikers Schnitzler. Von der vom Lentnant Gustl, der in der Concertg
586 2806 2499 2854 Genialität der schweren, tragischen Einakter, dem von einem Bäckermeister derb zurechtgewies
2627 2799 2684 2859 d.
2619 2845 2693 2896 0.
591 2847 2500 2900 Urtypischen der „Liebelei“ und der andern wiene=und wähnt, nur der Selbstmord könne die ni
2600 2879 2697 2923 ie¬
584 2874 2543 2924 rischen Tragödien, der Grazie des „Reigens“ und gleich mit dem Säbel reparierte specifische Ehr
578 2910 2701 2975 jenes Arthur der Anatols Intimster war, wollen wirderherstellen. Die Meditationen des Leutnants
588 2960 2697 3010 auch beim üppigsten Abschiedssouper nicht scheiden...und die Nachtstimmung im Prater sind gewiß amü¬
2349 2994 2394 3045 ex
2408 2991 2732 3077 Mopolog all¬
585 2994 2444 3066 Schnitzler las gestern eine neue Novelle: „Der lant und teisweise sehr fein, Doch de¬ ###
1650 3066 2714 3121 zulang und die Lösung (durch einen tötlichen Schlag¬
1643 3106 2712 3152 anfall des Bäckermeisters) mehr bequem, denn sati¬
683 3105 1593 3213 Ada Vonb PO W
1656 3135 2725 3193 risch. Immerhin verspürt man Schnitzlers Grazie
1642 3180 2728 3230 des Dialogs auch in diesem Selbstgespräch. Nur leider!
944 3178 1498 3278 AT 144
1647 3220 2717 3273 zu wenig von dem früheren Arthur Schnitzler.
1645 3245 2712 3308 Aber den finden wir wohl bald wieder in seiner
1653 3298 2717 3348 lebendigen Welt, die so vielen heute nur ein Schau¬
1647 3340 2012 3407 gerüst bedeutet.
2498 3334 2691 3411 F. W.
