3248 4384
206 152 926 236 26. Der Moerder
1082 165 1480 258 box 4/3
520 206 1080 277 ne e  e u A
107 920 1485 996 nüber ist spien mu schlechten Delorationen, und dieselbe Oper
118 988 312 1054 gelösten.
327 993 1482 1046 schlecht gesungen und gespielt mit schönen Dekorationen
112 1033 308 1102 ne, die
325 1043 1489 1106 vor, so bedarf es nicht der Frage, welche von beiden Auf¬
105 1080 322 1162 Repertoire
325 1090 1496 1157 führungen künstlerischer wirken wird. Trotz seiner großen
111 1133 312 1196 Bayreuth
322 1143 1490 1200 Wichtigkeit ist das dekorative Element sekundär und die
105 1177 311 1244 tteswillen
317 1182 1493 1251 Bedeutung, die man ihm heute zuweist, übertrieben; sie
112 1238 184 1294 an
185 1228 1488 1293 nicht1 wird gefährlich, wenn die Ausstattung dem musikalischen
104 1327 1477 1397 kaum ge=] Lügen, als müßte er nun sein eigenes Wesen ins Teuf¬
98 1381 296 1441 dele ver¬
311 1377 1479 1446 lische steigern, verweilte er bei der Schilderung einer
132 1423 301 1480 zu be¬
313 1429 1482 1483 Viertelstunde, die er im Garten des Appius Claudius
122 1467 299 1538 Augen¬
314 1477 1476 1530 verbracht hatte, vor einer Statuette, die er natürlich in
117 1510 294 1579 bis zur
313 1520 1479 1603 Wirklichkeit nie gesehen und von der er zufällig im Reise¬
109 1563 298 1637 zweifelten
309 1568 1481 1619 handbuch gelesen. Elise saß an seiner Seite, ihr gegen¬
118 1615 299 1679 bewußt,
310 1623 1471 1691 über der Baron, die Blicke der beiden begegneten sich und
114 1661 300 1728 Sonnen¬
310 1667 1487 1716 Alfred vermochte die Vorstellung nicht abzuwehren, daß
114 1708 303 1772 plöglich
306 1719 1477 1803 hier zwei Gespenster aus leeren Augenhöhlen einander
310 1758 538 1831 anstarrten.
104 1757 296 1829 sigsterfüllt
118 1803 304 1870 Krampf
385 1796 1473 1879 Später aber, wie an so manchem Abend vorher,
106 1847 1472 1912 hwanden. wandelte er mit Elisen auf dem obersten Verdeck im
101 1903 1475 1972 ußte mit Mondenschein umher, während fern die Lichter der Küste
101 1944 301 2006 blick, da
300 1956 1471 2003 verglänzten. Da er eine Sekunde lang sich schwach werden
103 1987 294 2054 tten, ein
303 2003 1469 2075 fühlte, jagte er seinen Entschluß durch die Einbildung
98 2036 297 2101 wvar, der
301 2037 1467 2103 neu auf, daß es Adelens Arm wäre, den er an den
91 2081 300 2150 ket hatte.
303 2094 1471 2143 seinen preßte, und an der Glutwelle, die ihm durch die
103 2142 1473 2207 ing er all Adern schoß, erkannte er, daß das Glück, das seiner wartete,
101 2189 1474 2251 u fördern auch durch die furchtbarste Schuld nicht zu teuer erkauft
105 2233 1476 2287 Aufschub wäre. Zugleich aber regte es sich in ihm geheimnisvoll
101 2278 309 2347 zur Tat
303 2291 1467 2336 wie Neid auf das junge Geschöpf an seiner Seite, dem
133 2334 1469 2391 Ueber= es beschieden sein sollte, aus aller Lebenswirrnis so bald
101 2350 298 2440 hervor.
291 2400 1469 2462 ohne Leiden und ahnungslos den erlösenden Ausgang
95 2419 285 2492 n Hotel,
295 2428 533 2501 zu finden.
102 2475 286 2535 ttagmahl
384 2454 1466 2531 Als er Elise in der Kajüte mit vollkommener, fast
131 2518 288 2588 Aerzte
303 2520 1470 2573 ins Unerträgliche gesteigerter Klarheit und doch mit ver¬
91 2564 283 2639 räglichen
292 2582 1463 2635 zweifelter Lust zum letztenmal in die Arme schloß, em¬
97 2619 292 2689 ahren an
303 2621 1463 2677 pfand er sich wie den Vollzieher eines Schicksals, an dem
97 2665 231 2726 nde
299 2670 1461 2722 sein Wille keinen Anteil mehr hatte. Nur eines Griffes
89 2705 290 2777 Empfang,
299 2721 1466 2771 von seinen Fingern hätte es bedurft, das Glas umzu¬
94 2762 287 2823 und fand
306 2761 1473 2820 stoßen, das bläulich vom Tischchen herüverschillerte,
97 2809 285 2878 rd ging,
289 2820 1467 2868 und die Gifttropfen wären, ein harmloses Naß, in die
98 2854 281 2921 nehr als
296 2861 1463 2906 gleichgiltigen Dielen versickert. Aber Alfred lag regungslos
293 2907 1462 2973 und wartete. Er wartete, bis er endlich, mit stillstehendem
97 2890 283 2970 uf dem
288 2946 1465 3017 Herzen, einer ihm wohlvertrauten Bewegung Elisens
102 2948 287 3013 on einer
95 3000 1459 3049 flossenen gewahr wurde, die mit halb geschlossenen Augen ihre
107 3050 1478 3132 Lust am Hand nach dem Glas ausstreckte, um. wie sie immer vor dem
2029 825 2458 922 zichtet man auf —
2028 869 3255 950 begnügt sich mit klanglichen Untermalungen. Man¬ Lome #nd
2034 933 3208 1005 poniert „mit erhobener Faust gegen Bayreuth“ und ahnt
2039 1000 3206 1050 nicht, wie sehr man doch von Wagner abhängt. Die litera¬
2032 1032 3211 1107 rische Durchkomponiermaschine gestattet, die längste Musik
2030 1085 3202 1152 mit den kürzesten Einfällen zu bestreiten, und das Orchester
2035 1127 3211 1202 wirbelt schließlich mit seinem Tonfarbenstrom über alles
2038 1171 3215 1249 hinweg. Die Reklame aber hebt den am höchsten, der sie
2038 1230 2646 1289 am besten zu bedienen weiß.
2036 1339 3204 1399 Einschlafen tat, ihren letzten Durst zu stillen. Er sah mit
2026 1373 3200 1444 weit aufgerissenen Lidern, ohne sich zu rühren, wie sie sich
2036 1426 3195 1502 ein wenig aufrichtete, das Glas an die Lippen setzte und
2036 1468 3200 1535 dessen Inhalt in einem Zuge hinunterstürzte. Dann legte
2040 1519 3197 1590 sie sich wieder hin mit einem leichten Seufzer, den Kopf,
2036 1570 3198 1628 ihrer Gewohnheit nach, zum Schlummer an seine Brust
2033 1610 3198 1679 bettend. Alfred hörte in seinen Schläfen ein langsames,
2037 1657 3194 1736 dumpfes Hämmern, hörte Elisens ruhiges Atmen und
2029 1712 3203 1774 hörte die Wellen wie klagend an den Bug des Schisses
2037 1755 3204 1830 schlagen, das gleichsam durch eine stillestehende Zeit hin¬
2033 1819 2244 1893 schwebte.
2123 1842 3196 1922 Mit einem Male fühlte er, wie ein heftiges Beben
2031 1914 3200 1985 durch Elisens Körper ging. Ihre beiden Hände griffen
2031 1956 3199 2024 nach seinen Nacken, ihre Finger schienen sich in seine
2036 2031 3195 2079 Haut einbohren zu wollen, dann erst, mit einem langen
2046 2057 3208 2129 Stöhnen öffnete sie die Augen. Alfred löste sich aus ihrer
2042 2092 3204 2177 Umklammerung, sprang aus dem Bett, sah, wie sie ver¬
2031 2171 3199 2228 suchte, sich zu erheben, mit den Armen ins Leere schlug,
2036 2203 3195 2275 einen irren Blick in der Dämmerung hin und her flackern
2033 2242 3194 2315 ließ, und plötzlich der Länge nach wieder zurücksank, um
2038 2299 3195 2365 mit kurzen flachen Atemzügen, aber völlig bewegungslos
2039 2357 3193 2417 liegen zu bleiben. Alfred erkannte sofort, daß sie ohne
2038 2391 3210 2469 jedes Bewußtsein war, und fragte sich kalt, wie lange
2044 2448 3212 2509 dieser Zustand wohl währen könnte, ehe er zum Ende
2028 2486 3208 2556 führte. Es fiel ihm zugleich ein, daß sie in diesem
2038 2553 3200 2609 Augenblick vielleicht noch zu retten wäre; und mit dem
2031 2583 3198 2662 dunklen Gefühl, auf diese Art ein letztesmal das Schicksal
2030 2658 3199 2719 zu versuchen: entweder selbst die Früchte seines bis¬
2036 2678 3195 2764 herigen Tuns zu vernichten oder durch ein kühnes Wagnis
2039 2749 3191 2794 sich zu entsühnen, eilte er davon, den Arzt zu holen.
2039 2772 3195 2859 Erkannte der, was hier geschehen war, so sollte das Spiel
2041 2830 3195 2892 endgisig verloren sein, im andern Falle aber sprach er
2038 2873 3111 2958 sich selbst für alle Zukunft von Schuld und Reue los.
2117 2943 3254 3002 Als Alfred mit dem Arzt in die Kajüte trat, lag ei
2039 3001 3245 3061 Elise bleich mit halb offenen verglasten Augen, die Finger, g#
2030 3035 3241 3128 in die Deike verkrampft und schimmernde Tropfen auf u
