3344 4384
247 196 1013 283 26. Der Moerder
461 203 1545 315 Der Reeider box 4/3
572 937 837 1015 nachu#
568 975 1755 1069 gestreckt hätte. Neun Jahre spater jäg er in dem Kämlichen
1765 995 3334 1084 von oben gewährt: die Dürchführung des konstikundnellen Beredsamkeit, die
573 1044 1759 1111 Zimmer, von Wachslichtern umflackert, im Saige. Der
1762 1050 2935 1117 Prinzips im politischen Leben Oesterreichs. Auf Grund
2913 1067 3330 1131 Betrugsprozesse Rich
574 1092 1760 1168 Tod ist ein genialer Plastiker und ließ alle Gedanken¬
1756 1104 2932 1177 des Februarpatents trat am 6. April der erste nieder¬
2926 1112 3336 1177 hoher Politik empo#
567 1133 1765 1218 und Leidensspuren, die das Leben in diese edlen Züge
1758 1149 2941 1202 österreichische Landtag zusammen. Eine seiner wichtigsten!
2929 1163 3350 1227 schafft hatte, mach
572 1193 3337 1271 geritzt und gefurcht hatte, deutlich hervortreten. In der Aufgaben war, aus seiner Mitte die Reichsratsabgeord= ließen kaum einen
1745 1304 2924 1348 eines begüterten Fabriksbesitzers, mit auffallender Freund¬
2914 1310 3342 1381 zum Willkommskuß
953 1303 1391 1403 Der Mörder.
1751 1352 2920 1414 lichkeit entgegenkam, und er so plötzlich die leichte Möglich¬
2919 1351 3340 1425 etwas gezwungenes
869 1390 1471 1456 Novelle von Artur Schnitzler.
1751 1397 2934 1464 keit einer Verbindung vor sich sah, die seiner Stellung
2918 1407 3345 1479 Gefühl der Erleicht
1752 1433 2931 1494 und seinem Vermögen angemessen war, begann er jene
2930 1450 3338 1523 stieg, die Nachricht
660 1444 1747 1514 Ein junger Mann, Doktor beider Rechte, ohne seinen
1747 1483 2927 1545 andere, die wie ein heiter zwangloses Abenteuer ange¬
2930 1501 3361 1566 sei trotz aller Gehei
569 1493 1751 1593 Beruf auszuüben, elternlos, in behaglichen Umständen
1759 1540 2928 1610 fangen, als lästige Fessel zu empfinden, die ein junger
2913 1535 3327 1612 der Gerüchte doch
581 1558 1746 1615 lebend, als liebenswürdiger Gesellschafter wohl gelitten,
1750 1590 2925 1667 Mann von seinen Vorzügen unbedenklich abschütteln
2927 1594 3345 1667 seine sich überstürze
580 1602 1746 1673 stand nun seit mehr als einem Jahre in Beziehungen zu
1744 1643 2923 1701 dürfte. Doch die lächelnde Ruhe, mit der Elise ihn immer
2912 1643 3336 1718 als daß Elise, was
581 1665 1753 1713 einem Mädchen geringerer Abkunft, das, ohne Verwandt¬
1744 1689 2920 1744 wieder empfing, ihre sich stets gleichbleibende Singabe in
2926 1697 3343 1759 zu Zeit an Herzkrä
571 1703 1754 1784 schaft gleich ihm, keinerlei Rücksichten auf die Meinung
1754 1732 2916 1803 den spärlicher werdenden Stunden des Zusammenseins,
2925 1727 3329 1813 rasch zu erholen pfl
569 1753 1752 1819 der Welt zu nehmen genötigt war. Gleich zu Beginn der Be¬
1750 1776 2919 1838 die ahnungslose Sicherheit, mit der sie ihn aus ihren
2921 1785 3335 1853 länger anzuhalten
572 1797 1754 1867 kanntschaft, weniger aus Güte oder Leidenschaft als aus
1749 1827 2925 1883 Armen in eine ihr unbekannte Welt entließ, all dies
2922 1830 3335 1899 seiner schuldvollen
577 1842 1753 1913 dem Bedürfnis, sich seines neuen Glückes auf möglichst
1756 1874 2918 1935 drängte ihm nicht nur jedesmal das Abschiedswort von
2925 1874 3343 1952 heftig berührt, daß
568 1899 1758 1960 ungestörte Weise zu erfreuen, hatte Alfred die Geliebte
1749 1915 2921 1980 den Lippen, zu dem er sich vorher stets fest entschlossen
2919 1926 3344 2004 in Beweisen von
568 1947 1754 2008 veranlaßt, ihre Stellung als Korrespondentin in einem
1748 1970 2920 2037 glaubte, sondern erfüllte ihn mit einet Art von quälendem
2926 1983 3319 2040 vor Mitternacht, o
580 1992 1749 2057 ansehnlichen Wiener Warenhause aufzugeben. Doch nach¬
1750 2029 2919 2097 Mitleid, dessen kaum bewußte Aeußerungen einer so
2919 2023 3340 2093 kommen, hatte er n
571 2035 1746 2104 dem er sich längere Zeit hindurch, von ihrer dankbaren
1756 2070 2928 2137 herzlich vertrauenden Frau wie Elise nur als neue und
2922 2072 3343 2141 Reise entworfen, au
567 2089 1743 2154 Zärtlichkeit umschmeichelt, im bequemsten Genusse gemein¬
1748 2119 2917 2185 innigere Zeichen seiner Neigung erscheinen mußten. Und
2914 2124 3332 2199 von ihren üblen Zu
579 2118 1758 2195 samer Freiheit wohler befunden hatte als in irgend einem
1763 2166 2929 2231 so kam es dahin, daß Elise sich niemals heißer von ihm
586 2182 1752 2250 früheren Verhältnis, begann er nun allmählich jene ihm
2995 2176 3327 2255 Niemals hatte
1755 2220 2914 2276 angebetet glaubte, als wenn er von einer neuen Begeg¬
580 2229 1752 2297 wohlbekannte verheißungsvolle Unruhe zu verspüren, wie
2916 2225 3326 2303 so durchtränkt von
1750 2264 2916 2326 nung mit Adele, wenn er durchbebt von der Erinnerung
579 2278 1752 2350 sie ihm sonst das nahe Ende einer Liebesbeziehung an¬
2925 2288 3339 2357 genommen als in #
1762 2314 2920 2375 süßfragender Blicke, verheißender Händedrücke und zuletzt
579 2325 1755 2403 zukündigen pflegte, ein Ende, das nur in diesem Falle
2922 2333 3333 2403 weg ernstlich einen
1750 2361 2912 2423 im Rausch der ersten heimlichen Brautküsse in jenes stille,
571 2357 1743 2444 vorläufig nicht abzusehen schien. Schon sah er sich im
2921 2371 3335 2450 er seine Flucht aus
1742 2397 2917 2485 ihm allein und seiner treulosen Liebe geweihte Heim
577 2419 1742 2479 Geiste als Schicksalsgenossen eines Jugendfreundes, der,
2914 2427 3328 2498 Gebot seiner für ei
1746 2460 2922 2515 zurückgekehrt war; und statt mit dem Lebewohl, das er
573 2477 1755 2545 vor Jahren in eine Verbindung ähnlicher Art verstrickt,
2929 2474 3326 2539 schaffenen unsteten
1761 2503 2920 2569 sich noch auf der Schwelle vorgenommen, verließ Alfred
570 2523 1752 2588 nun als verdrossener Familienvater ein zurückgezogenes
2918 2528 3336 2592 kunstvollen Verschli
1757 2550 2916 2625 die Geliebte allmorgendlich mit erneuten Schwüren ewigen
581 2568 1747 2643 und beschränktes Leben zu führen gezwungen war; und
2916 2570 3330 2639 in den Schlaf; ab
1756 2604 2037 2669 Angehörens.
571 2614 1753 2690 manche Stunden, die ihm ohne Ahnungen solcher Art an
2919 2619 3330 2688 die Spalten der I
1831 2650 2925 2715 So liefen die Tage durch, beide Abenteuer hin;
568 2660 1747 2733 der Seite eines anmutigen und sanften Wesens, wie Elise
2925 2665 3335 2731 ihm die aufgewandt
1762 2693 2924 2770 endlich blieb nur mehr zu entscheiden, welcher Abend für
571 2718 1743 2783 es war, das reinste Vergnügen hätten gewähren müssen,
2913 2714 3324 2784 erscheinen. Ja, er
1756 2758 2918 2824 die unvermeidlich gewordene Aussprache mit Elisen besser
573 2745 1746 2830 begannen ihm Langeweile und Pein zu bereiten. Wohl
2922 2767 3360 2834 nun die leidende
1751 2797 2917 2859 gewählt wäre, der vor oder der nach der Verlobung mit
578 2801 1751 2866 war ihm die Fähigkeit und, was er sich noch höher an¬
2918 2816 3328 2878 haft fern wie eine
1756 2850 2911 2912 Adelen; und an dem ersten dieser beiden Abende, da ja
570 2847 1749 2912 rechnen mochte, die Rücksicht eigen, Elise von solchen
2925 2858 3330 2926 blühend im Duft u
1752 2901 2921 2967 doch noch eine Frist vor ihm lag, erschien Alfred in einer
574 2895 1747 2965 Stimmungen nichts merken zu lassen, immerhin aber
2926 2914 3292 2975 stand. Um die
1751 2945 2913 3010 durch die Gewohnheit seines Doppelspiels fast beruhigten
571 2954 1750 3019 hatten sie die Wirkung, ihn wieder öfter die Geselligkeit
2914 2954 3328 3025 Adelens seine Wer
1753 2992 2471 3075 Seelenverfassung bei der Geliebten.
580 3000 1753 3067 jener gutbürgerlichen Kreise aufsuchen zu lassen, denen
2913 3008 3324 3077 aber doch nicht mit
570 3057 1750 3114 er im Laufe des letzten Jahres sich beinahe völlig ent¬
1837 3049 2921 3124 Er fand sie blaß, wie er sie vorher niemals gesehen,
2907 3049 3324 3126 wurde. In gutmüt
579 3102 1745 3153 fremdet hatte. Und als ihm bei Gelegenheit einer Tanz¬
2915 3099 3319 3166 weibers oft versuch
1743 3102 2922 3157 in der Ecke des Diwans lehnen; auch erhob sie sich nicht
567 3156 3332 3225 unterhaltung eine vielumworbene junge Dame, die Tochter wie sonst bei seinem Eintritt, um ihm Stirn und Mund 1 die Forderung, Alf
