3296 4384
223 135 968 219 26. Der Moerder
1107 141 1495 242 box 4/3
441 198 964 245 —  nee e eie eie Aenen
1208 753 1432 812 ..Mrdelt
278 798 1436 853 Fellelh# n und durren Steppen. Am Kap Martin
152 790 275 880 auch
281 846 1431 906 jedoch haben beide Feindinnen sich miteinander ab¬
126 843 263 915 kühne
284 891 1437 956 gefunden und jede beläßt der anderen ihren Reiz und
144 898 268 965 poli¬
288 936 645 1008 ihr Daseinsrecht.
169 946 269 1006 die
137 992 274 1062 n auf
358 979 1435 1041 Goldlack und Seidelbast strömen so starken Duft
125 1045 1432 1098 nrissen aus, daß man ihn förmlich auf der Zunge spürt; mit
275 1084 1443 1144 ihm vermischt sich der balsamische Hauch des Rosmarins;
137 1091 214 1160 ich
148 1194 259 1259 Be¬
286 1191 1428 1262 anderes, das er erlebt, in der Zeit stille zu stehen schien.
167 1241 258 1298 am
275 1246 1430 1314 Dies ereignete sich im Botanischen Garten zu Palermo an
170 1289 220 1345 Er
286 1298 1432 1359 einem hellen Herbsttag, da Elise, die bis dahin sich frisch,
115 1329 268 1418 flschaft
276 1337 1438 1391 lebhaft und blühend gezeigt hatte, plötzlich mit beiden
147 1387 263 1454 noch
283 1383 1438 1435 Händen an ihr Herz griff, den Geliebten angstvoll an¬
150 1435 256 1497 arg¬
277 1431 1443 1489 blickte und sofort wieder lächelte, als sei sie sich's wie
136 1483 262 1543 vollen
279 1478 1412 1538 einer Pflicht bewußt, ihm keinerlei Ungelegenheiten zu
282 1530 1448 1589 verursachen. Dies aber, statt ihn zu rühren, füllte ihn mit
283 1588 1431 1653 Erbitterung, die er freilich vorerst unter der Miene des
152 1561 272 1640 mit
122 1629 259 1690 Später
286 1626 1443 1700 Besorgten zu verbergen wußte. Er warf ihr vor, ohne
126 1679 268 1741 achten
288 1680 1436 1751 selbst daran zu glauben, daß sie ihm dergleichen Zufälle
125 1724 271 1782 ten im
278 1729 1435 1784 gewiß schon etliche Male geheimgehalten, gab seiner
142 1772 266 1826 dem
279 1773 1427 1852 Kränkung Ausdruck, daß sie ihn offenbar für herzlos
126 1817 273 1878 dlicher
290 1809 1438 1876 hielte, beschwor sie, heute noch, sofort, mit ihm einen
168 1869 269 1928 die
276 1871 1442 1925 Arzt aufzusuchen, und# socht froh, als sie diesen Vor¬
125 1920 258 1977 inaus¬
289 1913 704 1989 schlag mit Rücksicht
776 1911 1439 1994 ihringes Vertrauen zu den
129 1965 267 2026 Hand
280 1975 1441 2028 Hellkünstlern des Landes ablehnte. Doch als sie
121 2012 269 2073 Bunder
278 2016 460 2089 plötzlich,
543 2009 1448 2070 überströmend von Dankbarkeit und Liebe,
286 2067 1136 2132 dier, unter freiem Himmel, auf der Bank,
1224 2061 1440 2121 her Leute
144 2061 270 2131 Zu¬
113 2109 263 2172 n be¬
274 2104 1154 2167 vorubergingen, seine Hand an ihre Lippen
1251 2109 1442 2174 te, fühlte
112 2163 269 2220 fangen,
279 2166 1188 2229 er, gleich einer fliegenden Welle, Haß durch
113 2204 263 2270 egeben.
280 2207 1398 2272 jagen, dessen Vorhandensein ihn zwar selbst in Erst###e
128 2255 273 2309 nmit
987 2254 1436 2320 der Erinnerung viele
283 2255 975 2325 setzte, den er aber bald vor sich mi
111 2298 269 2367 öglichst
277 2304 1439 2368 Stunden der Langweile und Leeie entschuldigte, an denen
119 2351 276 2414 enaden
289 2348 1443 2414 die Reise, wie er mit einmal zu wissen glaubte, allzu reich
118 2400 270 2454 forderte
292 2406 1443 2460 gewesen war. Zugleich flammte ein so shendes Ver¬
121 2442 265 2512 chicksal
1206 2446 1440 2509 allen Ab¬
285 2444 1010 2525 langen nach Adelen in ihm auf
123 2493 265 2562 seiner
283 2488 1447 2561 machungen zu Trotz, noch am gleichen Tag eine Depesche
140 2545 263 2607 eines
294 2549 1438 2614 an sie sandte, in der er sie um ein Wort nach Genua an¬
152 2592 273 2648 alles
280 2595 1255 2667 flehte und die er unterschrieb: Ewig der Deine.
147 2640 268 2706 ledig
375 2623 1445 2710 Wenige Tage später fand er in Genua ihre Er¬
130 2685 267 2752 Nach¬
284 2688 1436 2745 widerung, die lautete: Und ich die Deine für ebensolang.
109 2730 254 2797 elt sich
287 2743 1447 2805 Mit dem zerknitterten Blatt auf dem Herzen, das ihm
140 2782 277 2864 selbst
285 2788 1446 2844 nun trotz des fragwürdig scherzhaften Tones den In¬
293 2836 1441 2898 begriff aller Hoffnungen bedeutete, trat er in Elisens Be¬
283 2883 1449 2940 gleitung die Fahrt nach Ceylon an, die als voraussicht¬
125 2863 282 2953 Alfred
114 2938 277 3008 m und
297 2931 1446 2988 lich schönster Teil der Reise an deren Ende gesetzt war.
123 2980 1453 3056 nd ein! Elise hätte von verschlagenerer Gemütsart sein müssen, als
3182 748 3294 834 31
2002 758 3165 850 eines Schachbrettes zu betrachten, deren keine 4, Sneuen
3167 819 3292 883 weite
2005 843 3153 889 und zu übersehen ist — eine Gabe, dank deren sie den
3182 865 3301 934 Son
2009 875 3168 939 Späteren als einer der größten Politiker Frankreichs er¬
3173 916 3302 980 Terrg
2008 920 2331 1002 scheinen wird?
3171 962 3301 1021 Meer
2086 955 3151 1031 Werde ich von der unermüdlich Wandernden reden,
2004 1010 3280 1077 die hinter der geneigten Horizontlinie jenes Heimwehland! liest
3176 1111 3301 1180 wirkl
1997 1122 3168 1182 sie war, wenn sie auf dieser Fahrt zu ahnen vermocht
3178 1159 3302 1231 verzi
2009 1170 3161 1226 hätte, daß nur das kühne Spiel von Alfreds Ein¬
3176 1214 3294 1273 einspi
2005 1228 3156 1287 bildungskraft ihr reichere Wonnen des Geliebtseins schenkte
3177 1262 3291 1324 Gatt
2005 1266 3157 1336 als je zuvor; wenn sie gewußt hätte, daß nicht sie selbst
3173 1305 3302 1373 gewi
2009 1320 3168 1379 es mehr war, die nun in den schweigenden dunklen
3181 1356 3285 1419 gab
2001 1359 3159 1427 Meeresnächten an seinem Halse lag, sondern die ferne,
3170 1409 3303 1471 Sorg
1986 1428 3161 1475 durch seine Sehnsucht in aller Lebensfülle herbeigezauberte
1999 1457 3162 1518 Braut. Doch auf der endlich erreichten glühenden Insel,
3246 1504 3291 1570 se
1988 1519 3159 1572 in der dumpfen Gleichförmigkeit des letzten Aufenthaltes,
1996 1560 3163 1620 da er erkannte, daß die allzu stürmisch aufgeforderte
3165 1599 3301 1660 freier
1993 1609 3163 1670 Phantasie ihm den Dienst versagen wollte, begann er sich
3174 1646 3292 1708 währ
2001 1655 3155 1722 von Elisen fernzuhalten und war tückisch genug, eine neue
3179 1692 3300 1751 Ann
1999 1701 3157 1759 leichte Mahnung des Herzleidens, das sie beim ersten
3177 1743 3294 1807 verh
1995 1751 3168 1813 Betreten des festen Bodens angewandelt, als die Ursache
3182 1789 3291 1849 haltu
2006 1799 3167 1874 seiner Zurückhaltung anzugeben. Sie nahm es hin wie
3166 1829 3301 1900 brach
2002 1842 3163 1914 alles, was von ihm kam, als Zeichen einer Liebe, die ihr
1991 1907 3166 1956 nun allen Sinn und alle Seligkeit des Daseins bedeutete.
3172 1927 3286 1991 Befri
2004 1940 3162 2018 Und wenn sie, unter dem wilden Glanz eines blau¬
1990 1989 3168 2061 goldenen Himmels, fest an ihn geschmiegt und geborgen,
1990 2038 3167 2107 durch die rauschenden Schatten der Wälder fuhr, wußte
1999 2088 3161 2178 sie nicht, daß ihr Begleiter nur die einsame Stunde her¬
3177 2110 3302 2185 Alfr
2007 2133 3157 2203 beiwünschte, in der ihm, ungestört von Elisen, Gelegen¬
3175 2167 3290 2228 nehn
1995 2190 3167 2263 heit geboten war, mit fliegender Feder beschwörende, sen¬
3169 2216 3281 2276 wun
1996 2236 3161 2312 gende Worte an eine andere auf das Papier zu werfen,
3181 2266 3270 2324 kom
1998 2286 3154 2364 von deren Dasein in der Welt Elise bis zu diesem Augen¬
3184 2307 3256 2371 sehe
2006 2334 3162 2394 blick nichts ahnte und niemals etwas ahnen sollte. In
2004 2383 3152 2444 solchen Stunden des Alleinseins stieg sein Verlangen nach
2001 2432 3162 2498 der Entfernten so mächtig an, daß er die Eine, die Nahe,
2003 2478 3155 2548 die ihm Gehörende, die, mit der er nun bald ein Jahr
1996 2523 3159 2600 lang die Welt durchquerte, bis auf die Züge des Antlitzes,
1998 2578 3157 2668 ja bis auf die Stimme zu vergessen vermochte. Und als
3175 2594 3284 2656 moch
2005 2623 3163 2706 er in der Nacht vor dem Antritt der Heimreise, aus dem
1998 2678 3154 2742 Schreibzimmer kommend, Elise in einem neuen schweren
1996 2726 3152 2786 Anfall halb bewußtlos auf das Bett hingestreckt fand, er¬
3168 2726 3276 2789 Wor
2005 2762 3166 2848 kannte er, was er sonst eher wie eine leise Angst in sich
3165 2780 3265 2838 Ratl
2001 2822 3163 2897 zu fühlen geglaubt hatte, mit leichtem, beinahe süßem
3164 2818 3282 2892 plötz
2000 2878 3278 2939 Grauen als die nie erloschene, finster glimmende Hoffnung hatte
1994 2915 3289 2998 seiner Seele. Dennoch sandte er ohne Aufschub und in hinu
