3245 5211
582 454 662 487 6
620 581 1753 650 besonderen Ausschuß der Gemeindevertretung, in
628 644 1753 703 Wien den dort bestehenden Bezirksvertretungen oder
620 696 1758 796 Ausschüssen dieser Bezirksvertretungen, übertragen
624 755 791 852 werden.
689 777 1747 886 (3) Die Wahl der Bezirksvertretungen wird auf
620 850 1742 941 Grund des gleichen, unmittelbaren, geheimen und per¬
620 915 1753 1003 sönlichen Verhältniswahlrechtes aller Bundesbürger
620 971 1742 1045 durchgeführt, die im Sprengel der Bezirkshauptmann¬
620 1041 1758 1103 schaft ihren ordentlichen Wohnsitz haben. Die Zahl der
620 1091 1747 1180 Mitglieder der Bezirksvertretungen wird auf die
624 1153 1737 1215 Gerichtsbezirke nach dem Verhältnis ihrer Bürger¬
624 1211 1747 1300 zahl aufgeteilt. Die Bestimmungen des Artikels 119,
624 1274 1505 1355 Absatz 2, werden sinngemäß angewendet.
683 1309 1753 1411 (4) In die Bezirksvertretung sind nur Personen
613 1381 1747 1456 wählbar, die in deren Sprengel ihren ordentlichen
611 1433 1753 1525 Wohnsitz haben und zum Landtag wählbar sind.
689 1502 1747 1587 (5) Die näheren Bestimmungen für die Durch¬
624 1539 1754 1652 führung dieser Wahlen werden von der Landes¬
613 1617 1095 1705 gesetzgebung getroffen.
689 1663 1764 1757 (6) Die Festsetzung der weiteren Grundsätze für
608 1737 1753 1815 die Ausgestaltung der dermaligen Bezirksverwaltung
613 1794 1742 1874 nach den voranstehenden Bestimmungen ist Sache
620 1851 1747 1911 der Bundesgesetzgebung; ihre Ausführung liegt den
608 1914 1747 1975 Landesgesetzgebungen ob. Das Bundesgesetz ist binnen
607 1973 1742 2039 vier Monaten nach dem Inkrafttreten des Bundes¬
620 2029 1758 2091 Verfassungsgesetzes, die Landesgesetze sind binnen
608 2085 1764 2162 weiteren vier Monaten nach Inkrafttreten des
607 2139 1179 2232 Bundesgesetzes zu erlassen
1104 2232 1261 2351 § 35.
976 2325 1385 2427 Zu Artikel 122.
689 2407 1742 2470 (1) Der bisherige Staatsrechnungshof wird zum
608 2453 1747 2554 Rechnungshof im Sinne des Bundes=Verfassungs¬
613 2527 791 2601 gesetzes.
682 2576 1753 2640 (2) Bis zur Wahl des Präsidenten des Rechnungs¬
607 2645 1760 2718 hofes versieht der bisherige Präsident des Staats¬
608 2701 1352 2792 rechnungshofes dessen Funktionen.
1108 2815 1268 2897 § 36.
974 2868 1385 2993 Zu Artikel 131.
672 2966 1760 3055 (1) In Verwaltungsstrafsachen wird der Ver¬
620 3038 1742 3109 waltungsgerichtshof erst zuständig, sobald die all¬
624 3102 1758 3165 gemeinen Bestimmungen des Verwaltungsstrafrechtes
624 3153 1747 3215 und das Verwaltungsstrafverfahren neu geregelt sind.
620 3211 1742 3275 Diese Regelung hat bis 1. Juli 1921 zu erfolgen.
683 3273 1758 3329 (2) Die in einzelnen Verwaltungsgesetzen ent¬
608 3325 1760 3394 haltenen Bestimmungen, die die Zuständigkeit des
608 3391 1760 3455 Verwaltungsgerichtshofes für bestimmte Fälle aus¬
613 3439 1773 3521 drücklich ausschließen, bleiben vorläufig in Wirk¬
605 3496 809 3567 samkeit.
1108 3582 1267 3687 § 37.
873 3667 1515 3754 Zu Artikel 134 und 135.
682 3727 1753 3828 (1) Der dermalige Verwaltungsgerichtshof wird
620 3821 1758 3896 zum Verwaltungsgerichtshof im Sinne des Bundes¬
624 3865 1030 3971 Verfassungsgesetzes.
1874 581 2944 649 (2) Sein Präsident und die Mitglieder bleiben
1809 646 2937 719 bis zu der gemäß Artikel 135 erfolgenden Neu¬
1797 702 2943 778 besetzung im Amt. Die Neubesetzung hat bis
1809 764 2466 834 1. Jänner 1921 zu erfolgen.
1862 827 2921 886 (3) Innerhalb dieses Zeitraumes können der Prä¬
1819 876 2936 938 sident und die Mitglieder des Verwaltungsgerichts¬
1809 937 2947 1005 hofes im Sinne des Artikels 88, Absatz 2, auch
1813 994 2944 1062 ohne die sonst vorgeschriebenen Förmlichkeiten in
1797 1049 2943 1117 den Ruhestand versetzt werden, sofern sie nicht
1802 1114 2704 1192 gemäß Artikel 135 neu ernannt werden.
2294 1225 2444 1304 § 38.
2171 1291 2574 1408 Zu Artikel 136.
1949 1389 2920 1473 Das Gesetz vom 6. Februar 1919, St. G.
1813 1450 2926 1518 Bl. Nr. 88, über die Errichtung eines deutschöster¬
1813 1515 2936 1570 reichischen Verwaltungsgerichtshofes, bleibt, soweit
1809 1570 2926 1633 es nicht durch die Bestimmungen des Bundes=Ver¬
1813 1626 2932 1695 fassungsgesetzes und dieses Gesetzes abgeändert wird,
1813 1683 2932 1753 bis auf weiteres als das im Artikel 136 vorgesehene
1813 1738 2943 1823 Bundesgesetz in Kraft, wobei § 6 dieses Gesetzes
1809 1802 2142 1871 anzuwenden ist.
2312 1920 2450 1987 § 39.
2165 2009 2581 2110 Zu Artikel 147.
1862 2080 2932 2169 (1) Der dermalige Verfassungsgerichtshof wird
1819 2156 2943 2235 zum Verfassungsgerichtshof im Sinne des Bundes¬
1809 2215 2207 2290 Verfassungsgesetzes
1889 2264 2943 2345 (2) Sein Präsident, sein Vizepräsident, die Mit¬
1823 2323 2947 2413 glieder und Ersatzmänner bleiben bis zu der gemäß
1809 2384 2852 2475 Artikel 147 erfolgenden Neubesetzung im Amt.
2305 2498 2452 2581 § 40.
2171 2568 2587 2691 Zu Artikel 148.
1954 2685 2959 2753 Die Gesetze, die die Organisation und das
1809 2740 2960 2808 Verfahren des dermaligen Verfassungsgerichtshofes
1809 2796 2960 2880 regeln, gelten bis auf weiteres als das im Artikel 148
1809 2852 2364 2932 vorgesehene Bundesgesetz.
2305 2968 2456 3051 § 41.
2181 3038 2590 3161 Zu Artikel 151.
1953 3148 2952 3214 Sobald die am 17. Oktober 1920 zu
1819 3217 2963 3272 wählende Nationalversammlung gemäß § 3 des
1809 3264 2960 3329 Gesetzes vom 20. Juli 1920, St. G. Bl. Nr. 317,
1819 3321 2963 3377 einberufen ist, hat die Staatskanzlei den damit
1819 3380 2959 3439 bestimmten Tag, an dem das Bundes=Verfassungs¬
1819 3445 2952 3512 gesetz und dieses Gesetz in Kraft treten, durch Kund¬
1813 3501 2857 3566 machung im Staatsgesetzblatt zu verlautbaren.
2078 3622 2694 3743 III. Schlußbestimmungen.
2305 3727 2462 3809 § 42.
1884 3798 2959 3886 (1) Die Artikel 10 bis einschließlich 13 und der
1809 3886 2947 3982 Artikel 15 des Bundes=Verfassungsgesetzes werden,
