3274 5276
2479 512 2630 545 5
774 588 940 689 § 30.
651 689 1040 784 Zu Artikel 98.
329 756 1410 848 (1) Der Artikel 99 wird auch auf Landesgesetze
271 819 1416 891 angewendet, die vor dem Inkrafttreten des Bundes¬
265 891 1422 961 Verfassungsgesetzes beschlossen worden sind, sofern
271 942 1411 1018 die Staatsregierung hiezu noch nicht im Sinne
271 1005 1422 1078 der Artikel 14 und 15 des Gesetzes vom
281 1066 1422 1144 14. März 1919, St. G. Bl. Nr. 179, über
269 1122 1422 1204 die Volksvertretung, Stellung genommen hat oder
281 1186 1416 1250 die in den letztbezogenen Gesetzesstellen bestimmte
269 1234 1426 1325 Frist noch nicht verstrichen ist. Für die Berechnung
265 1306 1410 1379 der Frist des Artikels 98, Absatz 2, gilt der Tag
269 1365 1410 1441 des Einlangens des Gesetzes beim zuständigen Staats¬
265 1422 1422 1484 amt als der Tag des Einlangens beim zuständigen
271 1468 712 1553 Bundesministerium.
341 1533 1426 1607 (2) Vorstellungen der Staatsregierung gegen
271 1594 1417 1658 Landesgesetze, über die der Landtag im Zeit¬
265 1658 1413 1732 punkt des Inkrafttretens des Bundes=Verfassungs¬
271 1720 1422 1792 gesetzes noch nicht neuerlich Beschluß gefaßt hat,
265 1786 1306 1876 gelten als Vorstellungen der Bundesregierung.
782 1882 929 1980 § 31.
652 1985 1034 2080 Zu Artikel 99.
407 2061 1432 2141 Die in Wirksamkeit stehenden Landesverfassungen
281 2134 1422 2208 (Landesordnungen) gelten, soweit sie nicht durch
276 2189 1426 2251 das Bundes=Verfassungsgesetz als abgeändert anzu¬
281 2249 1454 2352 sehen sind, vorläufig als die dort vorgesehenen
271 2308 722 2390 Landesverfassungen.
778 2413 930 2521 § 32.
652 2505 1069 2621 Zu Artikel 101.
341 2608 1439 2701 (1) Die bisherigen Landesregierungen sind die
281 2668 1427 2729 Landesregierungen im Sinne des Bundes=Ver¬
276 2730 630 2809 fassungsgesetzes.
352 2780 1433 2861 (2) Der Bundespräsident beruft binnen 14 Tagen
281 2843 1443 2922 nach seinem Amtsantritt die Landeshauptmänner
281 2916 1429 2988 zu ihrer Angelobung (Artikel 101, Absatz 4). Der
292 2963 1439 3038 bisherige Landeshauptmann führt jedoch auch schon
287 3022 1422 3102 vor der Angelobung die Geschäfte des Landeshaupt¬
276 3083 1427 3156 mannes im Sinne des Bundes=Verfassungsgesetzes.
341 3141 1411 3231 (3) Die Bezüge der Mitglieder der Landesregie
287 3209 1416 3279 rungen, die nach dem im § 42, Absatz 1, bezeich¬
291 3256 1426 3367 neten Zeitpunkt fällig werden, tragen die Länder.
785 3370 937 3459 § 33.
554 3434 1188 3548 Zu Artikel 108 bis 114.
351 3536 1433 3617 (1) Der jetzige Landtag von Niederösterreich ist
287 3607 1433 3669 der Landtag von Niederösterreich im Sinne des
292 3669 1449 3734 Bundes=Verfassungsgesetzes. Die aus dem Gemeinde¬
303 3718 1433 3798 gebiet von Wien gewählten Landtagsabgeordneten
287 3794 1432 3858 bilden die Kurie Stadt, die übrigen Landtagsabge¬
297 3836 860 3911 ordneten die Kurie Land.
369 3874 1438 3972 (2) Die Gesetzgebung und Vollziehung in den
287 3962 1461 4047 Angelegenheiten der ehemals autonomen Landes¬
1471 613 2581 714 verwaltung sowie das sonstige bisherige Gesetz¬
1465 686 2592 765 gebungsrecht des Landtages verbleiben den bisher
1487 749 2590 822 hiefür zuständigen Organen, bis die in der gemein¬
1477 812 2602 872 samen Landesverfassung vorgesehenen Organe bestellt
1477 866 2592 939 sind. Insbesondere führt die jetzige Landesregierung
1477 924 2590 1000 die Geschäfte der Verwaltungskommission (Artikel 113)
1471 974 2590 1044 bis zu deren Wahl. Die in Artikel 111, Absatz 1
1465 1034 2606 1097 und 2, bezeichneten Angelegenheiten gehören aber
1482 1091 2608 1164 hinsichtlich Gesetzgebung und Vollziehung sofort in
1465 1160 2371 1218 die Zuständigkeit der beiden Landesteile.
1525 1192 2613 1283 (3) Für Wien übernimmt im Sinne des
1483 1264 2608 1338 Bundes=Verfassungsgesetzes der Gemeinderat auch die
1483 1329 2602 1405 Funktionen des Landtages, der Stadtsenat auch
1477 1379 2602 1457 die Funktionen der Landesregierung und der
1477 1445 2602 1544 Bürgermeister auch die Funktionen des Landeshaupt¬
1476 1502 1661 1572 mannes.
1537 1537 2606 1626 (4) Für Niederösterreich=Land führen bis zur Wahl
1487 1619 2612 1679 der neuen Landesregierung vorläufig die nicht aus
1477 1679 2603 1743 einem Wiener Wahlkreis gewählten Mitglieder der
1483 1733 2602 1806 jetzigen Laudesregierung und des derzeitigen Landes¬
1477 1786 2612 1865 rates die Geschäfte der Landesregierung und der
1477 1849 2603 1922 nicht aus einem Wiener Wahlkreis gewählte Landes¬
1477 1914 2612 1974 hauptmannstellvertreter die Geschäfte des Landes¬
1477 1974 2612 2069 hauptmannes im Sinne des Bundes=Verfassungs¬
1493 2027 1663 2110 gesetzes.
1555 2064 2613 2157 (5) Bis zur Erlassung des Verfassungsgesetzes
1477 2147 2618 2217 des Bundes über die Organisation der Verwaltung
1493 2204 2612 2267 in den Ländern (Artikel 12, Zahl 1) werden die
1487 2267 2625 2334 Geschäfte der mittelbaren Bundesverwaltung erster
1477 2315 2618 2391 und zweiter Instanz für Wien in einer Instanz
1477 2394 2612 2451 vereinigt. In allen jenen Angelegenheiten jedoch,
1483 2435 2612 2504 in denen auf Grund besonderer gesetzlicher Be¬
1493 2502 2618 2570 stimmungen der Instanzenzug beim Land endet,
1493 2556 2625 2632 entscheidet in erster Instanz die zuständige Amts¬
1499 2621 2625 2688 stelle des Magistrate, in zweiter Instanz der
1487 2672 2628 2742 Bürgermeister als Landeshauptmann. Diese Be¬
1493 2739 2627 2802 stimmungen gelten bereits für die Entscheidung in
1487 2807 2625 2865 den im Zeitpunkt des Inkrafttretens dieses Gesetzes
1477 2850 2236 2928 anhängigen Rechtsmittelverfahren.
1546 2907 2618 2978 (6) Die bestehenden gesetzlichen Bestimmungen
1477 2967 2628 3029 über die Bezüge der Volksbeauftragten in den
1487 3023 2188 3098 Ländern gelten nicht für Wien.
1996 3130 2140 3209 § 34.
1745 3219 2371 3313 Zu Artikel 115 bis 119.
1555 3298 2613 3370 (1) Bis zur Einrichtung der allgemeinen staat¬
1493 3349 2628 3425 lichen Verwaltung in den Ländern nach den Be¬
1493 3424 2628 3487 stimmungen der Artikel 115 bis 119 bleibt die
1493 3469 2612 3545 dermalige Bezirksverwaltung bestehen, jedoch wird
1487 3535 2619 3604 im Sprengel jeder Bezirkshauptmannschaft eine Be¬
1503 3588 2635 3661 zirksvertretung gewählt. Den Wirkungsbereich der
1493 3642 2625 3718 Bezirksvertretung bestimmen die Bundesgesetzgebung
1499 3709 2625 3794 und die Landesgesetzgebungen innerhalb ihrer ver¬
1493 3764 2148 3858 fassungsmäßigen Zuständigkeit.
1555 3817 2624 3892 (2) In den Städten mit eigenem Statut über¬
1487 3871 2634 3949 nimmt die Gemeindevertretung zugleich die Aufgaben
1487 3931 2644 4004 der Bezirksvertretung. Diese Aufgaben können einem
