3392 4320
172 3668 343 3784 fen.
193 3827 523 3908 des Berliner
167 3898 514 3970 Zeilen General¬
173 3946 519 4019 gefragt haben,
166 3990 509 4059 ren Fehler der
196 4040 519 4110 Schöne an der
231 4087 514 4154 als Schätze
173 4137 512 4199 hlechten Launen
1166 285 1631 399 box 41/2
159 313 1029 398 1. Miscellaneons
1676 576 2958 669 schmeichelnde Hand, die des Alltags quälende Sorgen verscheucht,
592 593 1289 679 Es wird der Durst sogar gestillt
451 633 568 727 S
1677 653 2949 721 sie hat das helle, lockende Lachen, das uns erwärmt und den
601 666 1337 747 Mit Oesterreichs Malz und Hopfen,
453 698 513 767 7
1674 698 2949 780 Sinn leichter macht! Sie hat ... oh, sie hat noch vieles,
607 728 1317 773 Nach Beinfleisch sind wir alle wild,
1680 749 2949 818 und auch manches, was weniger schmeichelhaft klingen würde,
599 759 1372 848 Desgleichen nach Strudel mit Topfen.
1678 803 2960 863 aber Städte sind wie Frauen, und ich werde mich hüten, einer
600 829 1335 907 Der Wiener Walzer lockt und packt,
1686 857 2565 938 Frau die ungeschminkte Wahrheit zu sagen!
603 887 1326 943 Er läßt uns hüpfen und schweben;
2145 909 2726 968 Adolf Sliwinski,
594 939 1257 996 Es dreht sich im Dreivierteltakt
1983 959 2922 1048 Seniorchef des Bühnenverlags Felix Bloch Erben.
604 994 1207 1064 Das ganze berlinische Leben.
1795 1046 2957 1114 Als ich vor einigen Jahren einnal mit Josef Kainz über
607 1037 1387 1134 Nur Euer Geist ist's, der uns labt,
1688 1094 2966 1164 Berlin und Wien plauderte, sang er in seiner glücklichsten Laune
599 1109 1206 1168 Ihr sakrischen Sappermenter!
1686 1161 2961 1219 in begeisterten Worten das Lob Wiens (bei aller Anerkennung
605 1135 1482 1228 Das Einz'ge, was von uns Ihr habt,
1695 1197 2967 1271 für Berlin), mit warmem übervollem Herzen pries er die Stadt an
617 1215 1543 1289 Gabt Ihr uns wieder — den Schlenther!
1684 1248 2968 1314 der Donau ... „Und wenn ich in meinem kleinen Garten stehe
602 1268 1486 1365 Und da Ihr nehmt mit Fleiß und Müh'n
1691 1310 2975 1368 und den Blick über die Silhouette des Wienerwaldes streichen
609 1321 1297 1406 An unserm märkischen Sand teil,
1687 1343 2978 1415 lasse, dann beuge ich mich nieder und fasse zwei Handvoll Erde
607 1384 1329 1453 So lob' ich gern das schöne Wien
1688 1398 2979 1484 und ziehe den Duft ein. Und ich atme dann Heimat und Kraft
607 1403 1546 1517 Als echt Berliner Bestandteil!
1839 1453 2018 1516 Wien
1698 1458 1819 1536 und
1102 1469 1674 1572 Dr. Leo Leipziger.
1802 1486 2964 1555 Nicht so temperamentvoll und eindringlich, aber gleich im
1709 1542 2965 1606 Gefühl, wird schließlich jeder Oesterreicher Wien lieben und preisen.
557 1549 1713 1649 Wie? Aus heiterem Wiener Himmel wollt ihr plötzlich
1710 1585 2979 1655 Und verteidigen, was sehr oft notwendig sein wird. Besonders
452 1629 1715 1695 euch selbst erkennen? Von Tugenden und Mängeln wissen? Geht.
1704 1634 2979 1712 den Norddeutschen gegenüber — von denen ich, einer der wenigen
449 1687 1705 1741 ist das nicht schon ein fremder Tropfen im Wiener Blut? Macht
1708 1687 2983 1758 geborenen Berliner, gern eine Ausnahme mache. Und ich
454 1729 1704 1796 denn nicht gerade der unbekümmerte, leichte Sinn den Wiener?
2766 1734 2970 1802 — hier
1716 1731 2775 1808 liebe Wien, mit allen seinen Vorzügen und
454 1779 1707 1852 Und auch das bissel Leichtsinn (Schlamperei nennt ihr's, glaub'
1704 1784 2973 1848 ist die Offenheit nicht nur erlaubt, sondern auch
452 1826 1683 1895 ich, selber), das . . . pfui, wer wird von Kehrseite sprechen!..
1701 1835 2976 1901 gewünscht — mit all seinen Fehlern. Ich liebe den Duft
449 1880 1061 1962 das nun einmal dazu gehört?
1697 1882 2982 1966 jener alten leisen, ein wenig verstaubten Kultur, der über allem
558 1893 1724 1978 Und so ist's vielleicht mit allem bei euch. Ihr habt eure
1722 1919 2979 1995 in Wien liegt, der die Fröhlichkeit verfeinert und die Betrüb¬
457 1968 1711 2043 alte Kultur — und dazu auch noch ein paar uralte Zöpfe. Ihr habt
1711 1976 2983 2051 samkeit hemmt, ich liebe die schönen Frauen nachmittags bei
451 2027 2991 2093 das beste Essen der Welt (das beste Alltagsessen nämlich; das also, Dehmel und abends im Bristol und die süßen Mädel in der
447 2076 1715 2137 worauf es ankommt) — und habt noch kein Hotel nach neuen Begriffen.
1723 2067 2980 2146 Mariahilferstraße, ich sitze mit Genuß nachmittags in einem der
460 2116 1717 2179 Ihr habt das schmuckste Fuhrwerk — und keine Automobile. (Dafür
1714 2113 2979 2192 großen Korbstühle vor den Hotels am Kärntnerring und beobachte
456 2167 1716 2235 aber die Streckentarif=Logarithmentafel.) Ihr habt die Ring¬
1716 2171 2998 2243 die Spaziergänger, ich liebe einen Maimorgen im Prater und
463 2214 1720 2295 straße, das Rathaus (die Kärntnerstraße und der Graben sind
1726 2220 2982 2289 eine Jause in der Krieau, und ich liebe die Oper, die Burg,
458 2257 1718 2326 mir persönlich fast noch lieber) — und habt dreckige Gäßchen mit
1719 2258 2988 2347 „Venedig“, die Freudenau und Schönbrunn, ich schätze den
461 2304 1721 2395 schlechtem Pflaster (aber auch dort noch Reizvolles auf Schritt
1716 2316 2981 2391 „durchpassierten Roquefort“ und beuge mich vor der Notwendig¬
1302 2355 1719 2427 — und den uner¬
451 2363 1316 2419 und Tritt). Ihr habt das herrlichste Klima
1726 2368 3001 2437 keit, des „Tafelspitz“ wegen, schon um 1 Uhr zu Mittag
464 2408 1721 2474 träglichsten Wind. (Wie wär's denn da einmal mit einer Um¬
1727 2429 1943 2512 zu speisen.
467 2453 1730 2526 frag' wegen Aenderungsvorschlägen?) Ihr habt die besten
1829 2445 2981 2532 Und doch — ich möchte in Wien nur leben als völlig un¬
465 2506 1728 2566 Zeitungen — und andere. Habt den Artur Schnitzler, vielleicht
1730 2516 2993 2578 abhängiger, sehr reicher Mann. Zwei Monate im Jahr, im
466 2554 1723 2608 den einzigen, gewiß den liebsten Poeten gebildeter deutscher
1723 2567 2992 2628 Frühjahr und im Winter. Denn Wien ist die teuerste Stadt der
471 2603 1721 2663 Gegenwart. Und andere. Ihr habt den alten Kaiser und die
1737 2608 2994 2677 Welt; für den Fremden sicherlich. Wenn man das dünne
474 2651 1730 2738 vielen prächtigen Erzherzöge. Und Ihr habt den Stephansdom
1722 2649 2991 2721 Papiergeld einmal wechselt, bekommt man eine Kleinigkeit wieder
545 2704 1054 2789 und die Pfaffen drinnen!
1777 2700 2999 2764 der größere Teil ist weg. Ich wußte in Wien nie, wo das
1734 2751 2993 2824 Geld geblieben ist und ich wurde nie den peinlichen Eindruck los,
573 2735 1733 2815 Und Ihr habt ... die Erinnerung an Sonnenthal, die
1739 2793 2998 2874 geprellt worden zu sein. Das alte Klagelied über die Fiaker will
467 2802 1727 2868 Wolter, Meixner .. . Und nun habt Ihr auch den Kainz schon
1735 2852 2994 2920 ich nicht anstimmen, die lasse ich längst vom Hotelportier be¬
477 2851 1646 2921 wieder! Und habt den Hartmann und die Bleibtreu!
1738 2899 2998 2975 zahlen, aber über eine Redensart kann ich mich immer ärgern:
470 2901 1727 2985 Wenn Ihr jetzt gerade nur noch die Reinhardtsche Drehbühne
1732 2944 3006 3018 „Euer Gnaden wissen eh' schon!“ Diese paar Worte sind ein
475 2968 629 3041 hättet
2432 2996 2998 3069 für Oesterreich. Es liegt
582 2977 1732 3066 Und Ihr habt die Cafés und die Beiseln. Und den Zahl¬
1732 2981 2435 3073 Verhängnis für Wien, vielleicht
2464 3036 3001 3114 daß der dumme Kerl
1741 3049 2435 3128 darin die beleidigende Annahme,
478 3042 1736 3116 kellner, den ersten Speisenträger, den zweiten Speisenträger, den
1742 3104 3008 3160 da vielleicht doch mehr zahlt, als er nötig hat.
471 3111 1727 3183 Kellner für Bier, den Kellner für Wein, den kleinen, den kleineren,
1737 3139 3009 3209 Darum versucht es der Fiaker und der Dienstmann und der
466 3143 1735 3227 den kleinsten Pikkolo ... Und die sieben Häuferln von Trink¬
1733 3182 3003 3250 Gepäckträger und der Friseur und die Blumenverkäuferin und
479 3192 1735 3266 geld dazu! Und die Gulden und Kronen und Kreuzer und
1728 3232 3001 3316 sogar die Wäscherin (selbst wenn sie die genau spezialisierte Rech¬
484 3235 1693 3318 Heller und Sechserln. Und das Sperrsechserl noch obendrein!
1747 3290 2858 3365 nung in der Hand hat): „Euer Gnaden wissen eh schon.“
591 3279 1748 3364 Ach, und Ihr habt den Dialekt! (Der unser Ohr mit
1843 3330 3006 3402 Wie mir der schreckliche, süßliche, sächsische Dialekt die
468 3348 1746 3417 Wohlklang füllt.) Und den Ebenstein, und die Hof=Schuhmacher¬
1740 3383 3006 3453 schönsten Gegenden Thüringens verleidet hat, so verdirbt mir diese
480 3395 1743 3476 meister, und die Salons de modes! (Die unsere eisernen Kassen
1740 3431 3009 3501 Redensart immer ein wenig die reine Freude an Wien. Und
491 3446 1738 3520 leren.) Und die Höflichkeit! Und das „Vou“! Und Eure lieben
1742 3468 3017 3546 doch, sie fehlt mir wieder, wenn ich sie nichtsofort auf  der Bahr—
506 3509 815 3581 Süßen!.
618 3510 3011 3620 Und wir im kalten Norden, wir sind ja so vernarrt in schon vernehme, sie gehört zu dem Gesamtbilde, zu dem Gesamt¬
471 3612 3015 3678 Euch und Eure Feschheit, daß es uns nicht einmal stört, daß Ihr eindruck. Wie eine aufreizende Laune einer schönen Frau, die
1748 3613 3016 3695 man liebt, mit all ihren kleinen Fehlern. So geht's mir mit
493 3647 1250 3719 uns, zum mindesten, mordsfad findet.
1756 3649 3022 3742 Wien — ich liebe diese Stadt und besuche sie so oft, wie ich
600 3680 1756 3757 Also weiß ich Euch nur einen einzigen Rat: Verbessert Euch
1758 3724 2390 3812 kann — wie eine schöne Frau.
492 3745 1749 3821 nicht! Bleibt, nach Möglichkeit, wie Ihr seid! Und werdet ums
2264 3728 2972 3853 Chefredakteux ArtuxWolff.
497 3796 1274 3902 Himmels willen nur keine „Großstadt“!
1284 3825 1723 3931 Hans Olden.
610 3939 1767 4021 Wenn man als Reichsdeutscher heute über Wien spricht,
508 3988 1776 4069 muß man damit beginnen, die Stadt zu verteidigen, und zwar
511 4056 883 4144 gegen die Wiener!
614 4063 1786 4149 An Stelle des einstigen Lokalpatriotismus, der sich in
508 4127 1780 4200 harmlosen melodiös=lyrischen Sentimentalitäten erschöpfte, ist jetzt
