3392 4256
1108 245 1601 362 box 41/3
138 261 989 387 1. Miscellaneons
1345 1305 3153 1396 Aepflichten mußte, noch dor Kolaufprnse der Spposition wirien. Ich win hier nicht unter¬
566 1323 933 1414 „ — —
119 1391 3128 1493 en, daß das Schicksal des Parkaments besiegelt dieser Legislaturperiode das Wehrgesetz und ein aus= suchen, ob die Diagnose und demgemäß das in An¬
135 1403 3136 1515 und beeilen sich, die Schuld dem Scheitern dergiebiges Steuerprogramm durchzuführen. Sagen die wendung gebrachte Mittel richtig waren Diese Diagnose
118 1501 3142 1572 en Verständigungskonferenzen in Prag zuzu= Tschechen aber in ihrem Interesse und im Interesse lautet, je nachdem, bald auf Marasnuo, dann wieder
2100 1504 3131 1577 auf allgemeine Lebensunfähigkeit, ja vielfach auf noch
122 1529 2096 1625 eiben; das ist ein falscher Ton in der tschechischen des Volkshauses ja, erklären sie sich bereit, den vor¬
2099 1551 3131 1620 Schlimmeres; wie dem immer sei, die Auflösungs¬
1088 1578 2105 1643 österlichen Sessionsabschnitt würdig zu beschließen,
126 1586 1086 1677 ompete. Aus vertrauten Diskussionen klingt aber
2096 1597 3136 1673 drohung, die das erste= und zweitemal vielleicht prompt
1081 1617 2106 1684 dann eröffnet sich ihnen die Aussicht, daß sie die
131 1633 1100 1707 Hoffnung, daß der Moment nicht ungünstig sei,
132 1643 3144 1741 lan.g ersehnte Aenderung des Systems herbei=Lokalbahnen, daß sie die Sozialversicherung und nochwirkte, scheint nun im Effekt völlig zu versagen. Und
1087 1718 2785 1780 manche andre Dinge ihren Wählern heimbringen dies ist auch vollkommen begreiflich.
124 1720 1096 1801 ühren oder zu erzwingen, wie man diese Taktik
2110 1796 3154 1887 sucher der Freibibliothek bedroht den Mann, der das
1086 1829 2115 1899 gegründetes Denkprinzip. Vernard Shaw dagegen
144 1775 1098 1920 rnten e ennt eneten entere un
2102 1844 3150 1945 Institut begründet hat, mit dem Revolver. Wir sind
1079 1870 2123 1944 schaukelt vor unsern Blicken unaufhörlich her und hin.
139 1901 821 1952 1 Hans Strodl Seite 27 vom 23. März.
2104 1909 3154 1986 nicht überzeugt, daß die Schießwaffe geladen ist. Wir
1094 1935 2115 1997 Da ist es uns schließlich einerlei, wie er von der Welt
2108 1953 3153 2047 sind ober wohl überzeugt, daß auch der verrückteste Leser
222 1979 2121 2139 Feuilleton. J 47d; denn er taumelt und wackelt, indem er die Welt
2114 2016 3153 2091 einer Volksbibliothek sich niemals in einem Schwitzbad¬
1088 2037 2109 2097 betrachtet. Wir können also, vor seine jüngsten Komödien
2103 2042 3162 2139 appe ## verstecken würde, wenn ihn Bernard Shaw in
1087 2083 2119 2157 gestellt, nicht skeptisch die Beschaffenheit der Dinge in
1095 2117 2858 2209 Zweifel ziehen, sondern müssen vielmehr den Dichter in „Mesallianz“ dazu nicht genötigt hätte.
264 2067 1100 2227 Glossen zum Theater. X #/)
2196 2136 3153 2241 Bernard Shaw hält also nichts vom Bücher¬
1099 2189 2131 2267 seiner schaukelnden Verfassung für untauglich erachten,
154 2200 1096 2275 Das ndramatische Schaukelsystem des Bernard
2106 2207 3154 2308 lesen, obwohl fast alles, was er uns in seinen letzten
1104 2245 2133 2312 ein klares Weltbild zu gewinnen.... Der soziale
133 2261 1101 2329 haw ist mir lange Zeit ein Spaß,gzwesen. Ich glaube
2111 2261 3148 2354 Stücken bietet, aufgelesen und nicht beobachtet ist.
1107 2287 2121 2363 Skeptiker mag behaupten daß eine Vernunftheirat von
228 2298 1110 2400 Puolikum geschostch zu haben, das aus diesem
2107 2298 3163 2409 Gleichviel — wir sollen nicht lesen. Mithin fordert
1098 2340 2126 2419 einer Liebesheirat nicht#terscheiden sei. Der Spaß¬
128 2371 1103 2438 tigen Hin und Her nicht die volle Freude holte. Gleich¬
1104 2380 3141 2472 macher Bernard Shaw### beschäftigt sich ganz anders Bernard Shaw Leben, Betätigung, Arbeit. Er
137 2411 1105 2498 hl muß man eingestehen, daß die geschickt in Betrieb
2109 2421 3149 2511 verhöhnt aber in „Mesallianz“ den wohlhabenden
1099 2452 2132 2523 mit der Ehe. Er verspottet die Vernunftehe, indem er sie
138 2472 1099 2543 setzte Gedankenhutsche doch nur ein Sonntagsvergnügen
1100 2477 3108 2577 zugleich als die vernünftigste darstellt. Damit seine An= Wäscheerzeuger, der aus kleinsten Anfängen sich
134 2527 1098 2588 Man ersehnt nach dem beweglichen Jux wieder den
1100 2525 3145 2638 sicht aber noch mehr verhüllt werde, gibt er seiner! redlich emporgearbeitet hat. Also gilt auch die
128 2574 1111 2648 en Boden, den man mit einiger Sicherheit der
1109 2573 3161 2675 Komödie den Titel „Mesallianz“.... Der politische praktische Beschäftigung nichts. Nun denn, vielleicht
117 2617 1104 2705 einung betreten darf. Wer wollte immerfort in der
1109 2629 3158 2723 Skeptiker mag vom Sozialismus nüchtern denken — der die Idee? Bernard Sham warni aber in „Mes¬
137 2677 1106 2750 schwinge sitzen und sich an dem unablässigen Auf¬
1104 2679 3160 2771 Spaßmacher Bernard Shaw rühmt sich seiner sozialisti= allianz“ vor der Idee, da sie nicht einmal Unter¬
123 2733 1110 2808 tschen der Schleuderstricke ergötzen? Ich bin in einem
2113 2739 2682 2830 wäsche hervorbringen kann.
1108 2753 2136 2837 schen Gesinnung und stellt in „Mesallianz“ einen
128 2781 1115 2859 genblicke, den ich für den rechten hielt, aus der
2184 2767 3155 2861 Man begreist, daß das Schaukelsystem der
1100 2811 2140 2876 hungernden Sozialisten derart an den Pranger, daß er
134 2825 1114 2909 haukel des Dichters gesprungen. Er sitzt aber noch
2118 2831 3151 2929 „Mesallianz“ den Leser sowohl wie den Zuschauer
1107 2864 2128 2937 ihn schließlich die Polizei rufen läßt.... Der biologische
131 2898 1114 2958 en und schwebt mit seinen witzigen Einfällen auf und
2123 2903 3152 2980 in einen Schwindelzustand versetzt. Bernard Shaw
1113 2933 2134 2987 Skeptiker wird das Verhältnis der Eltern zu den
135 2926 1129 3003 eder. Wie ein Dichter in reifen Jahren diese ewige
2110 2962 3154 3030 weidet sich an unsrer geiitigen Serkronkheit, die
1113 2981 2138 3041 Kindern von Vorurteilen abzulösen suchen — der Spaß¬
128 2985 1115 3059 chaukelei nur ertragen kann! Auch gute Scherze wollen
2124 2991 3156 3077 um so schmerzhafter auftritt, als hier die Er¬
1109 3012 2134 3091 macher Bernard Shaw verlacht in „Mesallianz“ einen
142 3039 1114 3108 Ende haben, und um so rascher, je besser sie sind.
2129 3043 3158 3137 leichterung, die der leiblichen Seekrankheit zu folgen
1112 3064 2125 3140 Vater, der sein Kind liebreich und korrekt behandelt, und
133 3090 1116 3168 n Bernard Shaws entehrenden Ehrungen, von seiner
2121 3097 3154 3193 pflegt, leider ausgeschlossen ist. Könnte man sich in
1112 3117 2133 3208 ironisiert die Mutter, die das Herz ihrer Tochter mit
137 3146 1117 3229 tgeisternden Begeisterng, von seinen verneinenden
2120 3149 3160 3235 gleicher Weise auch zeitweilig von dem seelischen
1114 3175 2139 3258 Gefühl und Verständnis pochen hört.... Ist es laster¬
142 3204 884 3274 ejahungen hätte man nun gerade genug.
2130 3201 3169 3282 Uebelbefinden befreien, so würden die Parkettreihen
1106 3224 2135 3307 haft, daß ein reicher Leinenhändler ein Vermögen
156 3219 1116 3331 Vielleicht glaubt Bernard Shaw, in seiner Ideen¬
2127 3243 3171 3341 jenen trüben Anblick bieten, der allein der Komödie
1119 3282 2133 3358 opfert, um Freibibliotheken zu errichten? Bernard Shaw
130 3282 1126 3383 haukel die Welt aus einem höheren Gesichtspunkte zu
139 3322 3155 3420 trachten. Will er vielleicht für einen Skeptiker ge= bemüht sich, in „Mesallianz“ darzutun, daß Frei=von Bernard Shaw angemessen ist. Die aller¬
134 3356 3166 3477 lten werden? Die Skepsis leugnet die Möglichkeit der bibliotheken nur Unheil stiften, indem sie die Köpfe der bescheidenste Frage ist aber wohl erlaubt, ob die
132 3408 3182 3556 kenntnis, stützt sich damit aber selbst auf ein fest=] Leser verwirren und diese zur Tollheit reizen. Der Be=] Kunst auch nur den Gedanken solcher Katastrophen
