<?xml version="1.0" encoding="UTF-8" standalone="yes"?>
<PcGts xmlns="http://schema.primaresearch.org/PAGE/gts/pagecontent/2013-07-15" xmlns:xsi="http://www.w3.org/2001/XMLSchema-instance" xsi:schemaLocation="http://schema.primaresearch.org/PAGE/gts/pagecontent/2013-07-15 http://schema.primaresearch.org/PAGE/gts/pagecontent/2013-07-15/pagecontent.xsd">
    <Metadata>
        <Creator>prov=University of Rostock/Institute of Mathematics/CITlab/Gundram Leifert/gundram.leifert@uni-rostock.de:name=ONB_Newseye_GT_M1+(htr_id=10810)::::v=2.4.2
prov=University of Rostock/Institute of Mathematics/CITlab/Tobias Gruening/tobias.gruening@uni-rostock.de:name=de.uros.citlab.module.baseline2polygon.B2PSeamMultiOriented:v=2.4.2
prov=University of Rostock/Institute of Mathematics/CITlab/Tobias Gruening/tobias.gruening@uni-rostock.de:name=/mnt/transkribus/LA/DEA/URO/LA_news_onb_att.pb:de.uros.citlab.segmentation.CITlab_LA_ML:v=2.4.2
Transkribus</Creator>
        <Created>2019-10-07T20:35:50.555+02:00</Created>
        <LastChange>2019-10-09T04:50:26.863+02:00</LastChange>
        <TranskribusMetadata docId="224450" pageId="9577337" pageNr="21" tsid="16622426" status="IN_PROGRESS" userId="40391" imgUrl="https://files.transkribus.eu/Get?id=YTTJHYLZVHYARALDZZORULFI&amp;fileType=view" xmlUrl="https://files.transkribus.eu/Get?id=MCVCUEWUGLPAZTPOJPKLQVVM" imageId="6207723"/>
    </Metadata>
    <Page imageFilename="224450_0021.jpeg" imageWidth="3392" imageHeight="4256">
        <ReadingOrder>
            <OrderedGroup id="ro_1711442206349" caption="Regions reading order">
                <RegionRefIndexed index="0" regionRef="r1"/>
            </OrderedGroup>
        </ReadingOrder>
        <TextRegion orientation="0.0" id="r1" custom="readingOrder {index:0;}">
            <Coords points="188,310 188,4185 2632,4185 2632,310"/>
            <TextLine id="r1l1" custom="readingOrder {index:0;}">
                <Coords points="1169,366 1237,342 1303,364 1354,346 1569,352 1606,335 1606,282 1537,271 1497,293 1469,278 1441,295 1407,280 1373,297 1341,278 1292,295 1275,283 1169,289"/>
                <Baseline points="1179,341 1205,338 1231,337 1257,335 1283,335 1309,335 1335,335 1361,335 1387,335 1413,336 1439,336 1465,337 1491,337 1517,337 1543,336 1569,336 1595,334"/>
                <TextEquiv>
                    <Unicode>box 41/2</Unicode>
                </TextEquiv>
            </TextLine>
            <TextLine id="r1l2" custom="readingOrder {index:1;}">
                <Coords points="742,353 789,346 821,351 837,342 853,351 887,343 929,351 940,342 970,348 969,305 945,299 939,304 898,296 881,309 860,299 839,306 802,298 784,314 762,295 741,300"/>
                <Baseline points="752,344 777,343 803,342 829,341 855,341 880,340 906,339 932,339 958,340"/>
                <TextEquiv>
                    <Unicode>neous</Unicode>
                </TextEquiv>
            </TextLine>
            <TextLine id="r1l3" custom="readingOrder {index:2;}">
                <Coords points="178,367 453,400 1020,374 1020,346 931,320 903,343 751,345 683,281 491,321 349,293 283,344 206,290 178,299"/>
                <Baseline points="188,348 229,353 270,358 311,361 352,364 393,366 434,367 475,368 516,368 557,367 599,367 640,366 681,365 722,363 763,363 804,362 845,361 886,360 927,360 968,361 1010,362"/>
                <TextEquiv>
                    <Unicode>1. Miscella</Unicode>
                </TextEquiv>
            </TextLine>
            <TextLine id="r1l4" custom="readingOrder {index:3;}">
                <Coords points="1630,532 2444,505 2441,434 2195,473 2066,447 1831,498 1629,494"/>
                <Baseline points="1641,525 1680,525 1720,524 1759,522 1799,521 1839,519 1878,518 1918,516 1957,514 1997,513 2037,511 2076,510 2116,507 2155,506 2195,505 2235,504 2274,503 2314,503 2353,503 2393,503 2433,504"/>
                <TextEquiv>
                    <Unicode>„Mienkt Vonn- und Montags-Zeitung“.</Unicode>
                </TextEquiv>
            </TextLine>
            <TextLine id="r1l5" custom="readingOrder {index:4;}">
                <Coords points="960,532 988,533 1011,544 1029,538 1060,543 1099,532 1126,543 1150,533 1174,538 1175,487 1145,490 1094,480 1072,491 1015,470 992,486 962,483"/>
                <Baseline points="972,525 999,525 1026,525 1054,525 1081,525 1109,527 1136,528 1164,531"/>
                <TextEquiv>
                    <Unicode>Montag</Unicode>
                </TextEquiv>
            </TextLine>
            <TextLine id="r1l6" custom="readingOrder {index:5;}">
                <Coords points="417,523 434,518 460,538 511,540 524,548 538,536 600,544 622,534 622,465 575,487 556,474 509,480 487,472 464,484 455,480 445,489 417,491"/>
                <Baseline points="427,527 453,526 479,526 505,526 532,527 558,527 584,527 611,525"/>
                <TextEquiv>
                    <Unicode>Seite 4.</Unicode>
                </TextEquiv>
            </TextLine>
            <TextLine id="r1l7" custom="readingOrder {index:6;}">
                <Coords points="1590,614 2261,600 2342,591 2372,545 1588,565"/>
                <Baseline points="1599,600 1637,600 1675,599 1713,599 1751,598 1790,597 1828,596 1866,595 1904,594 1942,593 1981,592 2019,590 2057,589 2095,588 2133,587 2172,585 2210,584 2248,582 2286,581 2324,580 2363,579"/>
                <TextEquiv>
                    <Unicode>Der Komiker wendete sich an den Advokaten.</Unicode>
                </TextEquiv>
            </TextLine>
            <TextLine id="r1l8" custom="readingOrder {index:7;}">
                <Coords points="440,618 1473,628 1512,615 1512,564 440,586"/>
                <Baseline points="451,607 503,607 556,607 608,606 661,606 713,606 766,606 818,606 871,606 923,605 976,605 1029,605 1081,605 1134,605 1186,604 1239,604 1291,604 1344,603 1396,603 1449,602 1502,601"/>
                <TextEquiv>
                    <Unicode>„Zweitens hat mir die blonde Koryphäe vom Hofopernballett</Unicode>
                </TextEquiv>
            </TextLine>
            <TextLine id="r1l9" custom="readingOrder {index:8;}">
                <Coords points="1591,663 2584,648 2637,621 2636,578 1590,614"/>
                <Baseline points="1601,651 1652,650 1703,649 1754,648 1806,647 1857,646 1908,645 1959,644 2011,642 2062,641 2113,639 2164,638 2216,636 2267,635 2318,633 2369,631 2421,629 2472,627 2523,625 2574,622 2626,620"/>
                <TextEquiv>
                    <Unicode>„Doktorl,“ fragte er, „wer is denn die Künstlerin, die di</Unicode>
                </TextEquiv>
            </TextLine>
            <TextLine id="r1l10" custom="readingOrder {index:9;}">
                <Coords points="300,671 1483,663 1482,618 1408,610 300,624"/>
                <Baseline points="311,659 369,659 427,659 485,659 543,659 601,659 659,658 717,658 775,657 833,657 891,656 949,655 1007,655 1065,654 1123,654 1181,653 1239,652 1297,652 1355,651 1413,651 1471,650"/>
                <TextEquiv>
                    <Unicode>keine Ruh' gegeben. Zwei Monate lang hab' ich mit ihrem Grafen,</Unicode>
                </TextEquiv>
            </TextLine>
            <TextLine id="r1l11" custom="readingOrder {index:10;}">
                <Coords points="1490,700 1569,728 1630,699 1661,715 2112,690 2111,652 2077,644 2041,669 1981,651 1489,660"/>
                <Baseline points="1501,694 1531,696 1561,697 1591,697 1621,697 1651,697 1681,697 1711,696 1741,695 1771,694 1801,693 1831,693 1861,691 1891,689 1921,688 1951,687 1981,686 2011,685 2041,684 2071,684 2101,683"/>
                <TextEquiv>
                    <Unicode>G'schicht' mit der Bonbonniere ...“</Unicode>
                </TextEquiv>
            </TextLine>
            <TextLine id="r1l12" custom="readingOrder {index:11;}">
                <Coords points="310,718 1478,713 1478,664 310,673"/>
                <Baseline points="320,706 377,706 434,706 492,705 549,705 606,705 664,704 721,704 778,704 836,703 893,703 950,702 1008,702 1065,701 1122,701 1180,700 1237,700 1294,699 1352,699 1409,698 1467,697"/>
                <TextEquiv>
                    <Unicode>dem Trottel, verhandeln müssen. Er hat nicht recht anbeißen woll'n.</Unicode>
                </TextEquiv>
            </TextLine>
            <TextLine id="r1l13" custom="readingOrder {index:12;}">
                <Coords points="1590,758 2157,736 2155,687 2110,684 2070,703 1589,711"/>
                <Baseline points="1601,746 1628,745 1655,744 1682,744 1709,743 1737,742 1764,741 1791,740 1818,739 1845,738 1873,737 1900,736 1927,735 1954,735 1981,734 2009,733 2036,732 2063,732 2090,731 2117,731 2145,731"/>
                <TextEquiv>
                    <Unicode>Dr. Fliegenleim unterbrach ihn.</Unicode>
                </TextEquiv>
            </TextLine>
            <TextLine id="r1l14" custom="readingOrder {index:13;}">
                <Coords points="314,772 1445,763 1486,716 313,716"/>
                <Baseline points="324,753 381,753 439,753 496,754 554,754 611,754 669,753 726,753 784,753 841,752 899,752 957,751 1014,751 1072,751 1129,750 1187,749 1244,749 1302,748 1359,748 1417,748 1475,747"/>
                <TextEquiv>
                    <Unicode>Ausgerechnet einen dreijährigen Vertrag hat's haben müssen, und</Unicode>
                </TextEquiv>
            </TextLine>
            <TextLine id="r1l15" custom="readingOrder {index:14;}">
                <Coords points="1591,802 2627,775 2625,719 2549,717 1590,760"/>
                <Baseline points="1601,793 1651,792 1702,790 1753,788 1803,786 1854,785 1905,785 1955,784 2006,783 2057,783 2108,782 2158,782 2209,781 2260,780 2310,779 2361,777 2412,775 2462,774 2513,771 2564,768 2615,764"/>
                <TextEquiv>
                    <Unicode>„Pst!“ flüsterte er.“ Nicht so laut. Da am Nebentisch sitzt s</Unicode>
                </TextEquiv>
            </TextLine>
            <TextLine id="r1l16" custom="readingOrder {index:15;}">
                <Coords points="313,814 1498,793 1482,735 1376,766 313,771"/>
                <Baseline points="324,804 382,803 440,803 498,802 556,802 615,802 673,802 731,802 789,802 847,802 906,802 964,801 1022,801 1080,801 1138,800 1197,799 1255,798 1313,797 1371,796 1429,794 1488,792"/>
                <TextEquiv>
                    <Unicode>auch noch beim Notar deponiert. Ist Euch schon so was vorge¬</Unicode>
                </TextEquiv>
            </TextLine>
            <TextLine id="r1l17" custom="readingOrder {index:16;}">
                <Coords points="1484,842 2071,862 2264,824 2422,854 2517,815 2641,829 2610,781 2522,775 1649,812 1482,776"/>
                <Baseline points="1495,843 1551,842 1608,841 1665,840 1721,839 1778,838 1835,836 1891,835 1948,834 2005,833 2062,831 2118,830 2175,828 2232,826 2288,824 2345,823 2402,821 2458,818 2515,816 2572,813 2629,811"/>
                <TextEquiv>
                    <Unicode>ein Zeitungsschreiber und spitzt die Ohren.“ Laut fügte er hinzu</Unicode>
                </TextEquiv>
            </TextLine>
            <TextLine id="r1l18" custom="readingOrder {index:17;}">
                <Coords points="316,851 1412,867 1480,854 1480,805 316,825"/>
                <Baseline points="326,851 383,851 440,851 497,850 554,850 611,850 668,850 726,850 783,850 840,849 897,849 954,849 1011,849 1068,848 1126,848 1183,847 1240,846 1297,846 1354,845 1411,844 1469,843"/>
                <TextEquiv>
                    <Unicode>kommen? So ein Fratz! Schließlich ist es mir gelungen, 24.000 Kronen</Unicode>
                </TextEquiv>
            </TextLine>
            <TextLine id="r1l19" custom="readingOrder {index:18;}">
                <Coords points="312,909 1942,903 2038,840 312,875"/>
                <Baseline points="323,900 408,899 493,898 578,898 663,897 749,896 834,896 919,895 1004,895 1089,894 1175,894 1260,893 1345,892 1430,891 1515,890 1601,889 1686,888 1771,886 1856,884 1941,882 2027,880"/>
                <TextEquiv>
                    <Unicode>jährlich — außer passenden Weihnachts= und sonstigen Geschenken —„Reden wir von was anderem.“</Unicode>
                </TextEquiv>
            </TextLine>
            <TextLine id="r1l20" custom="readingOrder {index:19;}">
                <Coords points="2567,941 2582,942 2592,952 2597,948 2603,951 2609,949 2623,939 2631,944 2642,945 2647,883 2634,885 2626,875 2610,883 2604,878 2587,885 2581,880 2572,880"/>
                <Baseline points="2580,919 2606,920 2632,923"/>
                <TextEquiv>
                    <Unicode></Unicode>
                </TextEquiv>
            </TextLine>
            <TextLine id="r1l21" custom="readingOrder {index:20;}">
                <Coords points="307,960 1488,950 1455,899 307,919"/>
                <Baseline points="318,948 379,946 440,945 501,945 562,944 623,944 684,944 745,944 806,944 867,944 928,945 989,945 1050,945 1111,944 1172,944 1233,943 1294,942 1355,941 1416,940 1477,937"/>
                <TextEquiv>
                    <Unicode>von ihm herauszufetzen. Aber nur auf zwei Jahre. Es hätt' so</Unicode>
                </TextEquiv>
            </TextLine>
            <TextLine id="r1l22" custom="readingOrder {index:21;}">
                <Coords points="1718,1006 1848,993 1897,1009 1935,986 2244,963 2280,977 2352,954 2352,924 1717,934"/>
                <Baseline points="1727,963 1757,967 1788,969 1819,971 1849,973 1880,974 1911,974 1941,974 1972,974 2003,974 2034,973 2064,972 2095,970 2126,969 2156,967 2187,965 2218,963 2248,961 2279,959 2310,957 2341,956"/>
                <TextEquiv>
                    <Unicode>108· WHImTTRTRIE ASEE</Unicode>
                </TextEquiv>
            </TextLine>
            <TextLine id="r1l23" custom="readingOrder {index:22;}">
                <Coords points="1499,1030 1549,1020 1575,984 1594,981 1599,975 1644,972 1636,933 1617,936 1610,947 1600,940 1572,937 1524,940 1499,924 1480,937"/>
                <Baseline points="1502,992 1528,988 1554,982 1580,974 1606,969 1632,970"/>
                <TextEquiv>
                    <Unicode>ei</Unicode>
                </TextEquiv>
            </TextLine>
            <TextLine id="r1l24" custom="readingOrder {index:23;}">
                <Coords points="1615,1016 1626,1016 1632,1023 1647,1019 1657,1023 1664,1017 1668,1022 1677,1015 1688,1016 1694,1022 1713,1010 1726,1010 1727,961 1708,961 1700,956 1693,963 1670,951 1655,951 1633,972 1616,971"/>
                <Baseline points="1626,989 1656,991 1686,990 1716,993"/>
                <TextEquiv>
                    <Unicode>e</Unicode>
                </TextEquiv>
            </TextLine>
            <TextLine id="r1l25" custom="readingOrder {index:24;}">
                <Coords points="310,1011 1412,1007 1489,956 310,960"/>
                <Baseline points="322,996 379,995 437,994 495,994 553,993 611,993 668,993 726,993 784,993 842,993 900,993 957,993 1015,993 1073,993 1131,993 1189,993 1246,992 1304,991 1362,991 1420,990 1478,988"/>
                <TextEquiv>
                    <Unicode>keinen praktischen Zweck, hat er gemeint, der Trottel, denn es wird</Unicode>
                </TextEquiv>
            </TextLine>
            <TextLine id="r1l26" custom="readingOrder {index:25;}">
                <Coords points="316,1061 1062,1035 1369,1066 1465,1051 1501,1004 316,1007"/>
                <Baseline points="326,1046 384,1044 442,1043 500,1042 559,1042 617,1041 675,1041 733,1041 792,1041 850,1041 908,1042 966,1042 1025,1042 1083,1042 1141,1042 1199,1042 1258,1042 1316,1041 1374,1040 1432,1039 1491,1037"/>
                <TextEquiv>
                    <Unicode>kaum länger wie zwei Jahre dauern und er wird sowieso unter</Unicode>
                </TextEquiv>
            </TextLine>
            <TextLine id="r1l27" custom="readingOrder {index:26;}">
                <Coords points="307,1107 354,1117 397,1104 467,1111 499,1102 527,1106 580,1088 579,1056 564,1052 488,1055 469,1066 456,1053 434,1065 426,1056 417,1065 396,1057 370,1064 347,1053 307,1071"/>
                <Baseline points="318,1092 343,1092 368,1092 393,1091 418,1090 443,1090 468,1089 493,1089 518,1089 543,1088 569,1089"/>
                <TextEquiv>
                    <Unicode>Kuratel sein.“</Unicode>
                </TextEquiv>
            </TextLine>
            <TextLine id="r1l28" custom="readingOrder {index:27;}">
                <Coords points="437,1156 1296,1128 1384,1153 1501,1124 1500,1094 1366,1087 437,1107"/>
                <Baseline points="447,1142 499,1142 551,1142 603,1142 655,1142 707,1142 759,1141 812,1141 864,1140 916,1140 968,1139 1020,1139 1072,1138 1124,1137 1177,1137 1229,1136 1281,1136 1333,1136 1385,1136 1437,1136 1490,1136"/>
                <TextEquiv>
                    <Unicode>„Sagen Sie, Doktorl, bei der Heirat der Claire mit dem</Unicode>
                </TextEquiv>
            </TextLine>
            <TextLine id="r1l29" custom="readingOrder {index:28;}">
                <Coords points="320,1215 1411,1203 1453,1156 319,1162"/>
                <Baseline points="330,1190 385,1190 441,1189 496,1188 552,1188 608,1187 663,1187 719,1187 775,1186 830,1186 886,1186 942,1186 997,1185 1053,1185 1109,1185 1164,1185 1220,1185 1276,1184 1331,1184 1387,1184 1443,1184"/>
                <TextEquiv>
                    <Unicode>niederländischen Grafen haben S' net interveniert?“ fragte Bretzl.</Unicode>
                </TextEquiv>
            </TextLine>
            <TextLine id="r1l30" custom="readingOrder {index:29;}">
                <Coords points="430,1247 1409,1253 1502,1227 1502,1199 430,1201"/>
                <Baseline points="441,1239 493,1239 546,1238 598,1238 651,1238 703,1237 756,1237 808,1237 861,1237 913,1236 966,1236 1019,1236 1071,1236 1124,1236 1176,1236 1229,1236 1281,1235 1334,1235 1386,1235 1439,1236 1492,1236"/>
                <TextEquiv>
                    <Unicode>„Leider nein! Das ärgert mich ja so! Wenn ich hätt' nach</Unicode>
                </TextEquiv>
            </TextLine>
            <TextLine id="r1l31" custom="readingOrder {index:30;}">
                <Coords points="317,1307 1433,1296 1495,1236 316,1252"/>
                <Baseline points="327,1286 384,1286 442,1286 500,1286 558,1286 616,1286 674,1286 732,1286 790,1285 848,1285 906,1285 963,1285 1021,1285 1079,1284 1137,1284 1195,1284 1253,1283 1311,1283 1369,1282 1427,1281 1485,1281"/>
                <TextEquiv>
                    <Unicode>Scheveningen können, wie ich's geplant hab', der echte Niederländer</Unicode>
                </TextEquiv>
            </TextLine>
            <TextLine id="r1l32" custom="readingOrder {index:31;}">
                <Coords points="318,1348 1364,1349 1483,1336 1483,1284 317,1307"/>
                <Baseline points="328,1338 385,1336 442,1335 499,1333 557,1333 614,1332 671,1332 728,1331 786,1331 843,1331 900,1331 957,1332 1015,1332 1072,1332 1129,1332 1186,1331 1244,1331 1301,1331 1358,1330 1415,1329 1473,1327"/>
                <TextEquiv>
                    <Unicode>wär' mir nicht ausgekommen. Mir nicht! Tut mir leid, auf Ehre!</Unicode>
                </TextEquiv>
            </TextLine>
            <TextLine id="r1l33" custom="readingOrder {index:32;}">
                <Coords points="319,1399 1442,1397 1495,1388 1495,1324 318,1350"/>
                <Baseline points="330,1387 387,1385 445,1384 503,1383 561,1383 618,1382 676,1381 734,1381 792,1381 849,1380 907,1380 965,1380 1023,1380 1080,1380 1138,1380 1196,1380 1254,1380 1311,1380 1369,1381 1427,1381 1485,1381"/>
                <TextEquiv>
                    <Unicode>Theatergräfinnen sind meine Spezialität. Die Renard mit'n Rudi,</Unicode>
                </TextEquiv>
            </TextLine>
            <TextLine id="r1l34" custom="readingOrder {index:33;}">
                <Coords points="307,1457 604,1433 755,1450 774,1431 964,1454 1060,1422 1060,1394 307,1404"/>
                <Baseline points="319,1430 355,1429 392,1429 428,1429 465,1429 501,1429 538,1429 574,1429 611,1429 647,1429 684,1429 721,1429 757,1429 794,1429 830,1429 867,1429 903,1428 940,1428 976,1428 1013,1428 1050,1427"/>
                <TextEquiv>
                    <Unicode>die Palmay mit'n Jenny, ecetera, cetera.“</Unicode>
                </TextEquiv>
            </TextLine>
            <TextLine id="r1l35" custom="readingOrder {index:34;}">
                <Coords points="431,1491 1491,1500 1491,1444 1433,1427 431,1453"/>
                <Baseline points="442,1475 493,1476 545,1476 597,1477 649,1477 701,1478 753,1478 805,1479 857,1479 909,1480 961,1480 1012,1481 1064,1481 1116,1481 1168,1481 1220,1481 1272,1481 1324,1480 1376,1479 1428,1478 1480,1476"/>
                <TextEquiv>
                    <Unicode>Aram Schwelberg lachte. Es war ihm ein Witz eingefallen.</Unicode>
                </TextEquiv>
            </TextLine>
            <TextLine id="r1l36" custom="readingOrder {index:35;}">
                <Coords points="313,1557 1498,1519 1497,1476 312,1510"/>
                <Baseline points="323,1531 381,1531 439,1531 497,1530 555,1530 613,1529 671,1528 730,1528 788,1527 846,1527 904,1526 962,1525 1020,1524 1078,1524 1137,1523 1195,1523 1253,1523 1311,1522 1369,1522 1427,1522 1486,1523"/>
                <TextEquiv>
                    <Unicode>„Schad',“ sagte er „daß Lindners „Bluthochzeit einen so traurigen</Unicode>
                </TextEquiv>
            </TextLine>
            <TextLine id="r1l37" custom="readingOrder {index:36;}">
                <Coords points="308,1586 1504,1592 1503,1519 308,1558"/>
                <Baseline points="319,1576 377,1576 436,1577 494,1577 553,1576 612,1576 670,1576 729,1575 788,1574 846,1574 905,1573 964,1572 1022,1572 1081,1571 1140,1570 1198,1570 1257,1570 1316,1570 1374,1570 1433,1570 1492,1571"/>
                <TextEquiv>
                    <Unicode>Stoff hat. Man könnte ihn sonst als Operette verwenden unter dem</Unicode>
                </TextEquiv>
            </TextLine>
            <TextLine id="r1l38" custom="readingOrder {index:37;}">
                <Coords points="313,1631 1453,1641 1493,1589 313,1601"/>
                <Baseline points="323,1624 381,1625 439,1625 497,1625 555,1625 613,1625 671,1624 729,1623 787,1623 845,1622 903,1622 961,1621 1019,1620 1077,1620 1135,1620 1193,1619 1251,1619 1309,1619 1367,1620 1425,1620 1483,1621"/>
                <TextEquiv>
                    <Unicode>Titel „Blaubluthochzeit“. Die schwarze Olga vom Ballett kriegt auch</Unicode>
                </TextEquiv>
            </TextLine>
            <TextLine id="r1l39" custom="readingOrder {index:38;}">
                <Coords points="321,1677 1427,1691 1495,1676 1495,1624 321,1636"/>
                <Baseline points="332,1678 389,1677 447,1677 504,1676 562,1675 620,1675 677,1674 735,1674 793,1673 850,1673 908,1672 966,1672 1023,1671 1081,1671 1139,1670 1196,1670 1254,1669 1312,1669 1369,1669 1427,1669 1485,1669"/>
                <TextEquiv>
                    <Unicode>ihren Grafen, die Käthe von den Jarnoschen Bühnen einen Baron.</Unicode>
                </TextEquiv>
            </TextLine>
            <TextLine id="r1l40" custom="readingOrder {index:39;}">
                <Coords points="312,1733 881,1722 1077,1751 1294,1722 1294,1692 312,1701"/>
                <Baseline points="322,1721 370,1721 418,1722 466,1722 514,1721 562,1721 610,1721 658,1721 706,1721 754,1721 803,1720 851,1720 899,1720 947,1719 995,1719 1043,1719 1091,1718 1139,1718 1187,1717 1235,1717 1284,1717"/>
                <TextEquiv>
                    <Unicode>Bald wird's heißen: Gothaischer Alman ach und Krach.“</Unicode>
                </TextEquiv>
            </TextLine>
            <TextLine id="r1l41" custom="readingOrder {index:40;}">
                <Coords points="429,1788 1431,1783 1497,1763 1497,1733 429,1745"/>
                <Baseline points="441,1772 493,1771 545,1771 597,1770 650,1770 702,1770 754,1770 806,1770 859,1770 911,1770 963,1770 1015,1769 1068,1769 1120,1769 1172,1769 1224,1768 1277,1768 1329,1767 1381,1766 1433,1765 1486,1764"/>
                <TextEquiv>
                    <Unicode>Der Komiker Bretzl sah tiefernst drein, drückte dem Librettisten</Unicode>
                </TextEquiv>
            </TextLine>
            <TextLine id="r1l42" custom="readingOrder {index:41;}">
                <Coords points="306,1841 1403,1830 1490,1803 1490,1765 305,1790"/>
                <Baseline points="316,1825 374,1822 432,1821 490,1819 548,1819 607,1818 665,1818 723,1818 781,1818 839,1818 898,1818 956,1818 1014,1818 1072,1818 1130,1817 1189,1817 1247,1816 1305,1814 1363,1812 1421,1810 1480,1807"/>
                <TextEquiv>
                    <Unicode>die Hand und hauchte mit tonloser Stimme: „Hab' nie so gelacht!“</Unicode>
                </TextEquiv>
            </TextLine>
            <TextLine id="r1l43" custom="readingOrder {index:42;}">
                <Coords points="319,1884 1436,1881 1510,1875 1510,1813 319,1839"/>
                <Baseline points="329,1871 387,1870 446,1869 504,1869 563,1868 621,1868 680,1868 738,1868 797,1868 855,1868 914,1867 972,1867 1031,1867 1089,1867 1148,1867 1206,1866 1265,1865 1323,1864 1382,1863 1440,1862 1499,1860"/>
                <TextEquiv>
                    <Unicode>Theatersekretär Muckerl aber ärgerte sich über den Hauslibrettisten</Unicode>
                </TextEquiv>
            </TextLine>
            <TextLine id="r1l44" custom="readingOrder {index:43;}">
                <Coords points="319,1932 1460,1930 1508,1872 319,1883"/>
                <Baseline points="329,1923 387,1922 445,1921 504,1920 562,1920 621,1919 679,1919 737,1918 796,1917 854,1917 913,1916 971,1916 1029,1915 1088,1915 1146,1914 1205,1914 1263,1913 1321,1913 1380,1912 1438,1911 1497,1911"/>
                <TextEquiv>
                    <Unicode>seiner Bühne: „Aram,“ sagte er, „verschieß nicht Dein Pulver. Noch</Unicode>
                </TextEquiv>
            </TextLine>
            <TextLine id="r1l45" custom="readingOrder {index:44;}">
                <Coords points="315,1991 1328,1954 1296,1920 315,1931"/>
                <Baseline points="325,1971 374,1969 424,1968 473,1967 523,1967 573,1966 622,1966 672,1965 721,1965 771,1965 821,1965 870,1965 920,1965 969,1965 1019,1965 1069,1964 1118,1964 1168,1964 1217,1964 1267,1963 1317,1963"/>
                <TextEquiv>
                    <Unicode>zwei so gute Kalauer und Du hast eine famose Operette.“</Unicode>
                </TextEquiv>
            </TextLine>
            <TextLine id="r1l46" custom="readingOrder {index:45;}">
                <Coords points="434,2010 579,2037 1402,2006 1434,2030 1491,2019 1491,1955 1306,1983 434,1976"/>
                <Baseline points="444,2015 495,2014 547,2013 599,2013 651,2012 703,2012 755,2012 806,2012 858,2012 910,2012 962,2012 1014,2012 1066,2012 1118,2012 1169,2012 1221,2012 1273,2011 1325,2010 1377,2010 1429,2009 1481,2007"/>
                <TextEquiv>
                    <Unicode>Geschmeichelt erwiderte Herr Aram Schwelberg: „Ich bitt'</Unicode>
                </TextEquiv>
            </TextLine>
            <TextLine id="r1l47" custom="readingOrder {index:46;}">
                <Coords points="325,2073 1086,2081 1200,2048 1422,2078 1510,2062 1509,1996 1435,2029 324,2024"/>
                <Baseline points="336,2069 394,2067 452,2066 510,2064 568,2063 626,2062 684,2062 742,2061 800,2061 858,2060 917,2060 975,2060 1033,2060 1091,2060 1149,2060 1207,2059 1265,2059 1323,2059 1381,2058 1439,2058 1498,2057"/>
                <TextEquiv>
                    <Unicode>Dich, Muckerl, zerbrich Dir nicht meinen Kopf. Sorg' Du nur</Unicode>
                </TextEquiv>
            </TextLine>
            <TextLine id="r1l48" custom="readingOrder {index:47;}">
                <Coords points="319,2133 1464,2106 1463,2074 1395,2061 319,2069"/>
                <Baseline points="329,2115 385,2114 441,2113 497,2113 553,2112 609,2111 665,2110 722,2110 778,2109 834,2108 890,2108 946,2107 1002,2107 1058,2106 1115,2106 1171,2106 1227,2106 1283,2105 1339,2105 1395,2106 1452,2106"/>
                <TextEquiv>
                    <Unicode>für einen anständigen Vorschuß. „Schlager — Du kennst mich ja —</Unicode>
                </TextEquiv>
            </TextLine>
            <TextLine id="r1l49" custom="readingOrder {index:48;}">
                <Coords points="316,2168 1454,2172 1509,2157 1509,2114 315,2134"/>
                <Baseline points="327,2167 385,2166 444,2166 502,2164 561,2163 620,2162 678,2161 737,2160 795,2159 854,2158 913,2158 971,2157 1030,2156 1088,2155 1147,2155 1206,2154 1264,2154 1323,2153 1381,2153 1440,2153 1499,2153"/>
                <TextEquiv>
                    <Unicode>schüttel ich nur so aus dem Aermel. Wenn Artur Schnitzler mich</Unicode>
                </TextEquiv>
            </TextLine>
            <TextLine id="r1l50" custom="readingOrder {index:49;}">
                <Coords points="324,2222 1469,2218 1500,2169 323,2166"/>
                <Baseline points="334,2220 391,2217 449,2213 507,2211 565,2209 622,2208 680,2206 738,2206 796,2205 853,2204 911,2204 969,2204 1027,2204 1084,2204 1142,2204 1200,2204 1258,2204 1315,2204 1373,2203 1431,2203 1489,2202"/>
                <TextEquiv>
                    <Unicode>schon früher gekannt hätte — übrigens lauft er mir nach, ich soll</Unicode>
                </TextEquiv>
            </TextLine>
            <TextLine id="r1l51" custom="readingOrder {index:50;}">
                <Coords points="316,2276 1410,2268 1501,2243 1501,2205 316,2227"/>
                <Baseline points="326,2264 384,2263 442,2261 500,2259 559,2258 617,2257 675,2256 733,2256 792,2255 850,2254 908,2254 966,2253 1025,2253 1083,2252 1141,2251 1199,2251 1258,2250 1316,2249 1374,2248 1432,2247 1491,2245"/>
                <TextEquiv>
                    <Unicode>eine Operette mit ihm schreiben — er hätt' eine seiner besten Figuren</Unicode>
                </TextEquiv>
            </TextLine>
            <TextLine id="r1l52" custom="readingOrder {index:51;}">
                <Coords points="333,2321 1469,2311 1507,2298 1506,2238 1379,2270 332,2274"/>
                <Baseline points="343,2311 400,2311 458,2310 516,2309 573,2308 631,2308 689,2307 746,2306 804,2305 862,2304 920,2304 977,2303 1035,2302 1093,2301 1150,2300 1208,2300 1266,2299 1323,2298 1381,2297 1439,2296 1497,2295"/>
                <TextEquiv>
                    <Unicode>statt Schlager Mizzi' Schlager Aram genannt. Meine Witze sind rein</Unicode>
                </TextEquiv>
            </TextLine>
            <TextLine id="r1l53" custom="readingOrder {index:52;}">
                <Coords points="326,2355 1489,2360 1512,2298 325,2319"/>
                <Baseline points="336,2362 394,2360 452,2358 511,2357 569,2356 627,2355 686,2354 744,2354 802,2353 861,2352 919,2352 977,2351 1036,2351 1094,2350 1152,2350 1211,2349 1269,2348 1327,2348 1386,2347 1444,2345 1503,2344"/>
                <TextEquiv>
                    <Unicode>Derschlager für alle anderen Librettisten. Auch um Stoffe bin ich nicht</Unicode>
                </TextEquiv>
            </TextLine>
            <TextLine id="r1l54" custom="readingOrder {index:53;}">
                <Coords points="326,2417 1464,2415 1506,2359 325,2368"/>
                <Baseline points="336,2409 397,2408 458,2406 519,2405 580,2404 641,2403 702,2402 763,2401 824,2400 885,2400 946,2399 1007,2398 1068,2397 1129,2397 1190,2396 1251,2395 1312,2395 1373,2394 1434,2394 1495,2394"/>
                <TextEquiv>
                    <Unicode>verlegen. Denkt Euch: Eine große Künstlerin — wär' eine Bombenrolle</Unicode>
                </TextEquiv>
            </TextLine>
            <TextLine id="r1l55" custom="readingOrder {index:54;}">
                <Coords points="318,2462 1506,2472 1505,2414 1398,2401 318,2409"/>
                <Baseline points="329,2456 387,2455 445,2455 503,2454 562,2453 620,2452 678,2451 737,2450 795,2449 853,2448 912,2447 970,2447 1028,2446 1086,2445 1145,2445 1203,2444 1261,2444 1320,2444 1378,2444 1436,2444 1495,2445"/>
                <TextEquiv>
                    <Unicode>für die Günther — bekommt an ihrem Namenstag von ihrem Bräutigam,</Unicode>
                </TextEquiv>
            </TextLine>
            <TextLine id="r1l56" custom="readingOrder {index:55;}">
                <Coords points="331,2522 1501,2522 1511,2466 330,2470"/>
                <Baseline points="341,2505 399,2505 457,2504 515,2503 573,2502 631,2501 689,2500 747,2499 805,2498 863,2497 921,2497 979,2496 1037,2495 1095,2494 1153,2494 1211,2493 1269,2493 1327,2492 1385,2492 1443,2492 1501,2492"/>
                <TextEquiv>
                    <Unicode>einem vielfachen Millionär, nichts als ein Bukett und eine Bonbonniere.</Unicode>
                </TextEquiv>
            </TextLine>
            <TextLine id="r1l57" custom="readingOrder {index:56;}">
                <Coords points="325,2566 1472,2557 1519,2543 1518,2477 1465,2508 324,2511"/>
                <Baseline points="335,2554 393,2554 452,2553 510,2552 569,2551 628,2550 686,2549 745,2548 803,2548 862,2547 921,2546 979,2545 1038,2544 1096,2543 1155,2543 1214,2542 1272,2541 1331,2541 1389,2540 1448,2539 1507,2539"/>
                <TextEquiv>
                    <Unicode>Wütend schmeißt sie 's Bukett hinaus und die Bonbonniere schenkts's</Unicode>
                </TextEquiv>
            </TextLine>
            <TextLine id="r1l58" custom="readingOrder {index:57;}">
                <Coords points="328,2613 1515,2589 1486,2545 327,2564"/>
                <Baseline points="338,2604 396,2603 454,2603 513,2601 571,2600 629,2599 688,2598 746,2597 804,2596 863,2596 921,2595 979,2594 1038,2593 1096,2592 1154,2592 1213,2591 1271,2591 1329,2591 1388,2590 1446,2590 1505,2590"/>
                <TextEquiv>
                    <Unicode>dem Stubenmädel. Aus dem Stubenmädel könnt' man ganz gut eine</Unicode>
                </TextEquiv>
            </TextLine>
            <TextLine id="r1l59" custom="readingOrder {index:58;}">
                <Coords points="324,2648 1514,2652 1470,2599 324,2611"/>
                <Baseline points="336,2653 394,2652 452,2651 511,2650 569,2649 627,2648 686,2647 744,2646 802,2645 861,2644 919,2643 977,2642 1036,2641 1094,2640 1152,2640 1211,2640 1269,2640 1327,2640 1386,2640 1444,2640 1503,2641"/>
                <TextEquiv>
                    <Unicode>Rolle für Grete Freund machen. Wie später der Bräutigam kommt,</Unicode>
                </TextEquiv>
            </TextLine>
            <TextLine id="r1l60" custom="readingOrder {index:59;}">
                <Coords points="325,2713 1433,2706 1516,2690 1516,2650 324,2660"/>
                <Baseline points="336,2700 394,2700 452,2700 511,2699 569,2698 628,2698 686,2697 745,2696 803,2695 862,2694 920,2693 978,2692 1037,2691 1095,2690 1154,2689 1212,2688 1271,2688 1329,2687 1388,2687 1446,2687 1505,2687"/>
                <TextEquiv>
                    <Unicode>um auch mündlich zu gratulieren, schmollt die Künstlerin und gibt</Unicode>
                </TextEquiv>
            </TextLine>
            <TextLine id="r1l61" custom="readingOrder {index:60;}">
                <Coords points="328,2751 529,2774 1304,2735 1400,2765 1496,2732 1404,2693 328,2711"/>
                <Baseline points="338,2749 395,2748 452,2747 510,2746 567,2746 625,2745 682,2744 739,2743 797,2742 854,2742 912,2741 969,2740 1026,2739 1084,2738 1141,2737 1199,2736 1256,2736 1313,2734 1371,2734 1428,2733 1486,2732"/>
                <TextEquiv>
                    <Unicode>ihm endlich den Grund dafür zu verstehen. Vornehm und blasiert —</Unicode>
                </TextEquiv>
            </TextLine>
            <TextLine id="r1l62" custom="readingOrder {index:61;}">
                <Coords points="331,2796 1514,2811 1483,2743 330,2757"/>
                <Baseline points="342,2798 400,2798 458,2797 516,2797 574,2796 632,2795 690,2794 748,2793 806,2792 864,2791 922,2790 980,2788 1038,2787 1096,2786 1154,2785 1212,2784 1270,2783 1328,2783 1386,2783 1444,2783 1502,2783"/>
                <TextEquiv>
                    <Unicode>eine Rolle, sag' ich Euch, auf die Treumann fliegen wird — sagt</Unicode>
                </TextEquiv>
            </TextLine>
            <TextLine id="r1l63" custom="readingOrder {index:62;}">
                <Coords points="321,2854 1464,2854 1514,2798 320,2800"/>
                <Baseline points="332,2846 390,2846 449,2845 507,2845 566,2844 624,2843 683,2842 741,2841 800,2840 858,2839 917,2838 976,2836 1034,2835 1093,2834 1151,2834 1210,2833 1268,2832 1327,2832 1385,2832 1444,2832 1503,2833"/>
                <TextEquiv>
                    <Unicode>der Bräutigam zu ihr: „Bedauere sehr, daß Sie so oberflächlich sind.</Unicode>
                </TextEquiv>
            </TextLine>
            <TextLine id="r1l64" custom="readingOrder {index:63;}">
                <Coords points="329,2897 1431,2899 1503,2885 1503,2840 328,2859"/>
                <Baseline points="340,2894 397,2892 455,2891 512,2890 570,2889 628,2888 685,2887 743,2886 800,2885 858,2884 916,2883 973,2883 1031,2882 1088,2882 1146,2881 1204,2881 1261,2881 1319,2880 1376,2880 1434,2880 1492,2880"/>
                <TextEquiv>
                    <Unicode>Tiefer unten in der Bonbonniere hätten Sie einen Brillantschmuck ge¬</Unicode>
                </TextEquiv>
            </TextLine>
            <TextLine id="r1l65" custom="readingOrder {index:64;}">
                <Coords points="334,2951 1517,2954 1516,2879 334,2902"/>
                <Baseline points="345,2937 403,2937 461,2937 519,2937 577,2937 635,2936 693,2936 751,2935 809,2934 867,2934 926,2933 984,2932 1042,2931 1100,2931 1158,2930 1216,2929 1274,2929 1332,2928 1390,2928 1448,2928 1507,2928"/>
                <TextEquiv>
                    <Unicode>funden.“ Und verläßt sie zur selbigen Stunde. Die Künstlerin will</Unicode>
                </TextEquiv>
            </TextLine>
            <TextLine id="r1l66" custom="readingOrder {index:65;}">
                <Coords points="321,3002 1408,2997 1517,2987 1517,2953 321,2959"/>
                <Baseline points="332,2988 390,2988 449,2988 508,2987 567,2986 625,2986 684,2985 743,2984 802,2983 860,2982 919,2981 978,2980 1037,2979 1095,2978 1154,2978 1213,2978 1272,2977 1330,2978 1389,2978 1448,2979 1507,2980"/>
                <TextEquiv>
                    <Unicode>den Schmuck zurück; das Stubenmädel verweigert die Zurückgabe mit</Unicode>
                </TextEquiv>
            </TextLine>
            <TextLine id="r1l67" custom="readingOrder {index:66;}">
                <Coords points="324,3050 1516,3050 1515,2984 324,3001"/>
                <Baseline points="335,3037 393,3037 451,3037 510,3036 568,3036 627,3035 685,3034 744,3033 802,3032 861,3031 919,3030 977,3029 1036,3028 1094,3027 1153,3026 1211,3026 1270,3025 1328,3025 1387,3025 1445,3026 1504,3026"/>
                <TextEquiv>
                    <Unicode>der richtigen Behauptung, es wäre ihr die Bonbonniere mit allem</Unicode>
                </TextEquiv>
            </TextLine>
            <TextLine id="r1l68" custom="readingOrder {index:67;}">
                <Coords points="331,3101 1514,3087 1513,3047 1394,3029 331,3048"/>
                <Baseline points="341,3087 399,3086 457,3085 515,3085 573,3084 631,3083 689,3083 747,3082 805,3082 863,3081 922,3080 980,3080 1038,3079 1096,3079 1154,3078 1212,3077 1270,3076 1328,3075 1386,3074 1444,3073 1503,3072"/>
                <TextEquiv>
                    <Unicode>was drin ist geschenkt worden. Kolossales zweites Finale! Was? Der</Unicode>
                </TextEquiv>
            </TextLine>
            <TextLine id="r1l69" custom="readingOrder {index:68;}">
                <Coords points="320,3139 391,3157 770,3128 971,3146 1036,3120 1036,3086 320,3101"/>
                <Baseline points="332,3134 366,3133 401,3133 435,3132 470,3131 505,3131 539,3131 574,3130 609,3129 643,3129 678,3128 713,3128 747,3127 782,3127 817,3126 851,3126 886,3125 921,3125 955,3124 990,3124 1025,3123"/>
                <TextEquiv>
                    <Unicode>dritte Akt spielt vor dem Bezirksgericht.“</Unicode>
                </TextEquiv>
            </TextLine>
            <TextLine id="r1l70" custom="readingOrder {index:69;}">
                <Coords points="447,3186 1515,3182 1501,3110 1278,3144 1114,3118 447,3139"/>
                <Baseline points="457,3181 509,3181 561,3180 614,3180 666,3179 719,3178 771,3178 823,3177 876,3176 928,3176 981,3175 1033,3175 1085,3174 1138,3174 1190,3173 1243,3172 1295,3172 1347,3171 1400,3171 1452,3170 1505,3170"/>
                <TextEquiv>
                    <Unicode>„Sehr gut!“ schrie Dr. Fliegenleim. „Aus meinen Prozessen</Unicode>
                </TextEquiv>
            </TextLine>
            <TextLine id="r1l71" custom="readingOrder {index:70;}">
                <Coords points="332,3230 1517,3247 1517,3181 332,3189"/>
                <Baseline points="342,3232 400,3230 458,3229 516,3228 575,3227 633,3227 691,3226 749,3225 808,3225 866,3225 924,3224 982,3224 1041,3223 1099,3223 1157,3222 1215,3222 1274,3221 1332,3220 1390,3219 1448,3218 1507,3217"/>
                <TextEquiv>
                    <Unicode>möchtest Du Operetten schnitzen, aber die Tantiemen natürlich selber</Unicode>
                </TextEquiv>
            </TextLine>
            <TextLine id="r1l72" custom="readingOrder {index:71;}">
                <Coords points="331,3305 623,3273 973,3296 1100,3266 1100,3234 330,3239"/>
                <Baseline points="342,3279 379,3277 416,3277 454,3276 491,3275 529,3275 566,3275 603,3274 641,3274 678,3274 716,3274 753,3274 790,3274 828,3274 865,3273 903,3272 940,3271 977,3269 1015,3267 1052,3264 1090,3262"/>
                <TextEquiv>
                    <Unicode>einstecken. Was? Das möcht Dir gefallen?“</Unicode>
                </TextEquiv>
            </TextLine>
            <TextLine id="r1l73" custom="readingOrder {index:72;}">
                <Coords points="454,3337 1407,3312 1513,3343 1513,3272 454,3294"/>
                <Baseline points="465,3330 516,3329 568,3327 620,3326 672,3325 724,3324 776,3324 828,3323 880,3323 932,3323 984,3323 1035,3323 1087,3323 1139,3322 1191,3322 1243,3321 1295,3320 1347,3319 1399,3318 1451,3316 1503,3313"/>
                <TextEquiv>
                    <Unicode>„Bah!“ rief Aram Schwelberg. „Meine Tantiemen? Der</Unicode>
                </TextEquiv>
            </TextLine>
            <TextLine id="r1l74" custom="readingOrder {index:73;}">
                <Coords points="332,3390 1498,3380 1506,3335 331,3338"/>
                <Baseline points="343,3377 400,3376 458,3375 515,3374 573,3373 631,3372 688,3371 746,3371 804,3370 861,3370 919,3369 977,3369 1034,3368 1092,3368 1150,3367 1207,3367 1265,3366 1323,3366 1380,3365 1438,3364 1496,3364"/>
                <TextEquiv>
                    <Unicode>Müh' wert! Du kenn' ich einen Kollegen von mir, der noch vor zwei</Unicode>
                </TextEquiv>
            </TextLine>
            <TextLine id="r1l75" custom="readingOrder {index:74;}">
                <Coords points="335,3439 1505,3434 1504,3389 1449,3372 334,3388"/>
                <Baseline points="345,3425 402,3424 460,3422 517,3421 575,3420 632,3420 690,3419 747,3419 805,3418 862,3418 920,3418 977,3417 1035,3417 1092,3417 1150,3416 1207,3416 1265,3415 1322,3414 1380,3413 1437,3411 1495,3410"/>
                <TextEquiv>
                    <Unicode>Jahren froh war, wenn ich ihm aus Mitleid ein paar abgelegte Witze</Unicode>
                </TextEquiv>
            </TextLine>
            <TextLine id="r1l76" custom="readingOrder {index:75;}">
                <Coords points="338,3490 1438,3478 1521,3469 1521,3426 338,3437"/>
                <Baseline points="349,3477 407,3474 465,3473 523,3472 581,3470 639,3470 697,3469 755,3469 813,3468 871,3468 930,3468 988,3468 1046,3468 1104,3468 1162,3467 1220,3467 1278,3466 1336,3465 1394,3464 1452,3463 1511,3461"/>
                <TextEquiv>
                    <Unicode>geschenkt habe, und heute läßt er sich seine neue Wohnung von einem</Unicode>
                </TextEquiv>
            </TextLine>
            <TextLine id="r1l77" custom="readingOrder {index:76;}">
                <Coords points="335,3537 1512,3517 1494,3462 335,3492"/>
                <Baseline points="345,3524 402,3522 460,3521 518,3519 576,3518 634,3517 691,3516 749,3515 807,3515 865,3514 923,3514 980,3513 1038,3513 1096,3512 1154,3512 1212,3511 1269,3511 1327,3511 1385,3510 1443,3510 1501,3509"/>
                <TextEquiv>
                    <Unicode>Berliner Dekorateur um 50.000 Mark möblieren. Tut sich was?</Unicode>
                </TextEquiv>
            </TextLine>
            <TextLine id="r1l78" custom="readingOrder {index:77;}">
                <Coords points="332,3580 942,3573 928,3522 332,3538"/>
                <Baseline points="342,3571 371,3570 400,3568 430,3567 459,3566 489,3566 518,3565 548,3565 577,3565 607,3565 636,3565 665,3565 695,3565 724,3565 754,3565 783,3565 813,3565 842,3565 872,3564 901,3564 931,3563"/>
                <TextEquiv>
                    <Unicode>Portois wär' ihm nicht fix genug.“</Unicode>
                </TextEquiv>
            </TextLine>
            <TextLine id="r1l79" custom="readingOrder {index:78;}">
                <Coords points="451,3647 694,3619 1043,3635 1162,3611 1162,3568 450,3583"/>
                <Baseline points="461,3623 495,3620 530,3618 564,3617 599,3616 633,3615 668,3614 702,3614 737,3614 771,3614 806,3614 840,3614 875,3614 909,3614 944,3614 978,3614 1013,3614 1047,3614 1082,3613 1116,3612 1151,3611"/>
                <TextEquiv>
                    <Unicode>Herr Muckerl war nun ernstlich erzürnt.</Unicode>
                </TextEquiv>
            </TextLine>
            <TextLine id="r1l80" custom="readingOrder {index:79;}">
                <Coords points="450,3683 1166,3667 1367,3693 1518,3674 1518,3638 1244,3602 450,3647"/>
                <Baseline points="461,3670 513,3668 565,3667 617,3666 670,3665 722,3664 774,3663 827,3663 879,3662 931,3662 984,3662 1036,3662 1088,3662 1140,3661 1193,3661 1245,3661 1297,3660 1350,3659 1402,3658 1454,3657 1507,3656"/>
                <TextEquiv>
                    <Unicode>„Aram!“ rief er. „Schmeiß Deine Witz nicht so zum Fenster</Unicode>
                </TextEquiv>
            </TextLine>
            <TextLine id="r1l81" custom="readingOrder {index:80;}">
                <Coords points="335,3741 644,3721 734,3739 783,3718 843,3739 885,3717 1024,3731 1023,3672 988,3668 613,3668 475,3694 372,3660 334,3673"/>
                <Baseline points="345,3718 378,3717 411,3717 445,3717 478,3716 511,3716 545,3715 578,3715 611,3714 645,3713 678,3712 711,3711 745,3710 778,3710 811,3709 845,3709 878,3708 911,3708 945,3708 978,3708 1012,3708"/>
                <TextEquiv>
                    <Unicode>hinaus. Das ist ja rein Kontraktbruch.“</Unicode>
                </TextEquiv>
            </TextLine>
            <TextLine id="r1l82" custom="readingOrder {index:81;}">
                <Coords points="335,3911 1512,3914 1556,3899 1556,3803 335,3804"/>
                <Baseline points="346,3914 409,3909 472,3905 535,3901 598,3899 661,3898 724,3898 787,3898 850,3899 913,3900 977,3901 1040,3903 1103,3904 1166,3905 1229,3905 1292,3905 1355,3905 1418,3903 1481,3901 1545,3897"/>
                <TextEquiv>
                    <Unicode>Für Einjährig=Frein</Unicode>
                </TextEquiv>
            </TextLine>
            <TextLine id="r1l83" custom="readingOrder {index:82;}">
                <Coords points="580,4051 874,4073 918,4051 1219,4058 1253,4049 1252,3991 645,3988 579,4030"/>
                <Baseline points="591,4049 623,4048 656,4047 688,4046 721,4046 754,4046 786,4046 819,4045 851,4045 884,4045 917,4045 949,4045 982,4045 1014,4044 1047,4044 1080,4043 1112,4042 1145,4041 1177,4041 1210,4039 1243,4037"/>
                <TextEquiv>
                    <Unicode>Militärische Nachrichten.</Unicode>
                </TextEquiv>
            </TextLine>
            <TextLine id="r1l84" custom="readingOrder {index:83;}">
                <Coords points="320,4133 1518,4128 1517,4070 1468,4056 1238,4053 488,4067 320,4114"/>
                <Baseline points="331,4133 389,4131 448,4129 507,4128 566,4126 625,4125 683,4124 742,4123 801,4122 860,4121 919,4121 977,4120 1036,4120 1095,4119 1154,4119 1213,4118 1271,4118 1330,4117 1389,4117 1448,4116 1507,4116"/>
                <TextEquiv>
                    <Unicode>Die Institution der Einjährig=Freiwilligen im</Unicode>
                </TextEquiv>
            </TextLine>
            <TextLine id="r1l85" custom="readingOrder {index:84;}">
                <Coords points="703,4187 952,4179 1004,4190 1161,4173 1161,4147 1104,4128 940,4138 889,4125 865,4138 833,4121 814,4138 703,4140"/>
                <Baseline points="713,4173 738,4172 764,4170 790,4170 816,4169 841,4169 867,4170 893,4170 919,4170 944,4171 970,4171 996,4172 1022,4172 1047,4172 1073,4172 1099,4171 1125,4170 1151,4169"/>
                <TextEquiv>
                    <Unicode>neuen Wehrgesetz.</Unicode>
                </TextEquiv>
            </TextLine>
            <TextEquiv>
                <Unicode>box 41/2
neous
1. Miscella
„Mienkt Vonn- und Montags-Zeitung“.
Montag
Seite 4.
Der Komiker wendete sich an den Advokaten.
„Zweitens hat mir die blonde Koryphäe vom Hofopernballett
„Doktorl,“ fragte er, „wer is denn die Künstlerin, die di
keine Ruh' gegeben. Zwei Monate lang hab' ich mit ihrem Grafen,
G'schicht' mit der Bonbonniere ...“
dem Trottel, verhandeln müssen. Er hat nicht recht anbeißen woll'n.
Dr. Fliegenleim unterbrach ihn.
Ausgerechnet einen dreijährigen Vertrag hat's haben müssen, und
„Pst!“ flüsterte er.“ Nicht so laut. Da am Nebentisch sitzt s
auch noch beim Notar deponiert. Ist Euch schon so was vorge¬
ein Zeitungsschreiber und spitzt die Ohren.“ Laut fügte er hinzu
kommen? So ein Fratz! Schließlich ist es mir gelungen, 24.000 Kronen
jährlich — außer passenden Weihnachts= und sonstigen Geschenken —„Reden wir von was anderem.“

von ihm herauszufetzen. Aber nur auf zwei Jahre. Es hätt' so
108· WHImTTRTRIE ASEE
ei
e
keinen praktischen Zweck, hat er gemeint, der Trottel, denn es wird
kaum länger wie zwei Jahre dauern und er wird sowieso unter
Kuratel sein.“
„Sagen Sie, Doktorl, bei der Heirat der Claire mit dem
niederländischen Grafen haben S' net interveniert?“ fragte Bretzl.
„Leider nein! Das ärgert mich ja so! Wenn ich hätt' nach
Scheveningen können, wie ich's geplant hab', der echte Niederländer
wär' mir nicht ausgekommen. Mir nicht! Tut mir leid, auf Ehre!
Theatergräfinnen sind meine Spezialität. Die Renard mit'n Rudi,
die Palmay mit'n Jenny, ecetera, cetera.“
Aram Schwelberg lachte. Es war ihm ein Witz eingefallen.
„Schad',“ sagte er „daß Lindners „Bluthochzeit einen so traurigen
Stoff hat. Man könnte ihn sonst als Operette verwenden unter dem
Titel „Blaubluthochzeit“. Die schwarze Olga vom Ballett kriegt auch
ihren Grafen, die Käthe von den Jarnoschen Bühnen einen Baron.
Bald wird's heißen: Gothaischer Alman ach und Krach.“
Der Komiker Bretzl sah tiefernst drein, drückte dem Librettisten
die Hand und hauchte mit tonloser Stimme: „Hab' nie so gelacht!“
Theatersekretär Muckerl aber ärgerte sich über den Hauslibrettisten
seiner Bühne: „Aram,“ sagte er, „verschieß nicht Dein Pulver. Noch
zwei so gute Kalauer und Du hast eine famose Operette.“
Geschmeichelt erwiderte Herr Aram Schwelberg: „Ich bitt'
Dich, Muckerl, zerbrich Dir nicht meinen Kopf. Sorg' Du nur
für einen anständigen Vorschuß. „Schlager — Du kennst mich ja —
schüttel ich nur so aus dem Aermel. Wenn Artur Schnitzler mich
schon früher gekannt hätte — übrigens lauft er mir nach, ich soll
eine Operette mit ihm schreiben — er hätt' eine seiner besten Figuren
statt Schlager Mizzi' Schlager Aram genannt. Meine Witze sind rein
Derschlager für alle anderen Librettisten. Auch um Stoffe bin ich nicht
verlegen. Denkt Euch: Eine große Künstlerin — wär' eine Bombenrolle
für die Günther — bekommt an ihrem Namenstag von ihrem Bräutigam,
einem vielfachen Millionär, nichts als ein Bukett und eine Bonbonniere.
Wütend schmeißt sie 's Bukett hinaus und die Bonbonniere schenkts's
dem Stubenmädel. Aus dem Stubenmädel könnt' man ganz gut eine
Rolle für Grete Freund machen. Wie später der Bräutigam kommt,
um auch mündlich zu gratulieren, schmollt die Künstlerin und gibt
ihm endlich den Grund dafür zu verstehen. Vornehm und blasiert —
eine Rolle, sag' ich Euch, auf die Treumann fliegen wird — sagt
der Bräutigam zu ihr: „Bedauere sehr, daß Sie so oberflächlich sind.
Tiefer unten in der Bonbonniere hätten Sie einen Brillantschmuck ge¬
funden.“ Und verläßt sie zur selbigen Stunde. Die Künstlerin will
den Schmuck zurück; das Stubenmädel verweigert die Zurückgabe mit
der richtigen Behauptung, es wäre ihr die Bonbonniere mit allem
was drin ist geschenkt worden. Kolossales zweites Finale! Was? Der
dritte Akt spielt vor dem Bezirksgericht.“
„Sehr gut!“ schrie Dr. Fliegenleim. „Aus meinen Prozessen
möchtest Du Operetten schnitzen, aber die Tantiemen natürlich selber
einstecken. Was? Das möcht Dir gefallen?“
„Bah!“ rief Aram Schwelberg. „Meine Tantiemen? Der
Müh' wert! Du kenn' ich einen Kollegen von mir, der noch vor zwei
Jahren froh war, wenn ich ihm aus Mitleid ein paar abgelegte Witze
geschenkt habe, und heute läßt er sich seine neue Wohnung von einem
Berliner Dekorateur um 50.000 Mark möblieren. Tut sich was?
Portois wär' ihm nicht fix genug.“
Herr Muckerl war nun ernstlich erzürnt.
„Aram!“ rief er. „Schmeiß Deine Witz nicht so zum Fenster
hinaus. Das ist ja rein Kontraktbruch.“
Für Einjährig=Frein
Militärische Nachrichten.
Die Institution der Einjährig=Freiwilligen im
neuen Wehrgesetz.</Unicode>
            </TextEquiv>
        </TextRegion>
    </Page>
</PcGts>
