3392 4224
440 281 692 355 Misce
744 283 916 355 lan
279 289 1132 411 T0s
2629 184 3010 276 — ——
1735 186 2477 291 —
1279 282 1721 385 box 41/3
1687 584 1839 793 e
1088 836 2489 903 134 Werner Sombart, Die Grundzüge des jüdischen Wesens.
1067 988 2759 1056 wird der Jude jene halten, die darauf erwidern würden: nicht Tachlis,
1058 1043 2565 1120 sondern Tragik sei der Inhalt des Lebens, sei der Inhalt der Welt.
1164 1098 2761 1175 Wie sehr die Zweckbedachtheit tief im jüdischen Wesen eingesenkt ist,
1058 1167 2769 1231 können wir besonders deutlich bei den Juden wahrnehmen, in denen gerade
1066 1221 2763 1300 alle Rücksichten auf die praktischen Zwecke des Lebens abgestorben sind wie
1063 1274 2760 1354 bei den Chassidim, die, weil es doch „keinen Zweck hat“, für das tägliche
1060 1341 2767 1397 Brot zu sorgen, ihre Familien hungern lassen und sich lieber dem Studium der
1071 1412 2770 1478 heiligen Bücher widmen. Aber auch bei allen denen, denen eine Müdigkeit der
1070 1458 2763 1540 Seele, ein mildlächelndes Verstehen und Verzeihen, eine weltentrückte frucht¬
1071 1518 2770 1585 reife Lebensbetrachtung eigen ist. Ich denke an so feine Geister unter den
1061 1572 2770 1653 Schriftstellern unserer Tage wie Georg Hirschfeld, Arthur Schnitzler, Georg
1071 1639 2765 1720 Hermann. Was ihren Werken den großen Reiz verleiht, ist jene mildver¬
1075 1709 2773 1770 klärende Weise, mit der sie das Leben anschauen; ist der wehmütig=weiche
1067 1748 2770 1833 Zug, der alle ihre Dichtungen durchweht; ist das in gutem Sinne Sentimentale
1068 1834 2770 1894 ihres Wesens. Gerade darin aber tritt das Willenhafte, das Zweckbedachte
1071 1871 2769 1960 zutage, das hier zum Willenlosen, Zwecklosen umgewandelt ist, aber doch,
1071 1949 2769 2008 wenn auch mit umgekehrten Vorzeichen, das ganze Wesen beherrscht. Es klingt
1077 1988 2772 2056 durch alle Weisen derselbe ganz still klagende Schmerzensruf hindurch: wie
1074 2080 2773 2124 zwecklos und darum wie traurig ist die Welt. Die Natur selbst wird mit
1068 2104 2773 2180 dieser Traurigkeit durchwebt; im Grunde ist, auch wenn die ersten Blumen
1071 2174 2772 2234 blühen in Garten und Wald, immer Herbst; der Wind spielt mit den dürren
1069 2242 2774 2300 Blättern, und die Sonne leuchtet mit goldener Pracht „als wolle sie eilen, da
1081 2285 2769 2351 sie doch bald sinken wird“ am ruhigen, klaren Himmel. Zweckbedachtheit und
1087 2341 2775 2406 Subjektivismus, die schließlich dasselbe sind, rauben den jüdischen Dichter¬
1083 2409 2766 2475 werken ihre Unbefangenheit, ihre Selbstvergessenheit, ihre Unmittelbarkeit,
1080 2461 2766 2535 weil ihr Schöpfer keiner Erscheinung dieser Welt — nicht dem Menschen¬
1084 2532 2770 2602 schicksal, nicht dem Naturgeschehen — harmlos genießend oder harmlos be¬
1080 2586 2772 2650 trachtend gegenübersteht, sondern immer bedenkend und bedacht, immer sinnend
1085 2635 2777 2708 und überlegend. Es duftet nirgend nach Primeln und Veilchen, nirgend stäubt
1080 2712 2768 2765 der Sprühregen eines frischen Waldbaches. (Goethes Jugendlyrik und Heines
1070 2777 2781 2829 Buch der Lieder!) Aber sie haben dafür dieses wundervolle Arom wie ganz
1087 2825 2781 2905 alter Wein; den unendlichen Zauber eines halbverschleierten Blickes lieber,
1077 2887 1672 2958 trauriger, schöner Augen.
1181 2934 2776 3003 Paart sich dann aber die Zweckbedachtheit mit einem starken Willen, mit
1084 2993 2781 3057 einem großen Fon##s von Energien (wie es normalerweise beim Juden
1077 3045 2768 3112 bisher der Fall ist), so wird sie zu dem, was man Zielstrebigkeit nennen kann.
1084 3133 2783 3188 Daß jemand ein Ziel fest ins Auge faßt und im Auge behält, daß er von
1082 3177 2780 3246 einem Ziel, das er sich gesteckt hat, durch keine Widerstände abzubringen ist:
1081 3259 2786 3303 das ist, was ihn zum zielstrebigen, ausdauernden, zähen, hartnäckigen Menschen
1085 3311 2788 3365 macht. Oder auch zum „halsstaarigen“, wie Heine sein Volk charakterisiert.
1095 3352 2760 3440 „Jüdisches Wesen: Energie der Grund von allem. Unmittelbare Zwecke“
1087 3423 1324 3496 (Goethe).
1188 3460 2781 3535 Wenn ich nun noch als einen vierten Grundzug des jüdischen Wesens die
1083 3539 2773 3604 Beweglichkeit bezeichne, so bin ich nicht ganz mit mir einig, ob diese Eigen¬
1081 3590 2795 3668 schaft dem Juden überhaupt oder nur dem aschkenazischen Juden zukommt.
1999 4040 2091 4141 5
