3392 4352
145 331 1603 443 1. Miscellaneous box 41/2
404 1391 1037 1475 SateiusEiscg
394 1514 1496 1577 Symbol, das ragende Panier; sich zu ihr bekennen,
390 1553 1504 1625 wird Ehrenpflicht und Mannesstolz. Mit der gleichen
392 1613 1500 1670 Selbstverständlichkeit und Anspruchslosigkeit teilt die
399 1662 1495 1733 Offizierfrau ihres Mannes Los. Manche verwöhnte
401 1700 1495 1753 Großstädterin bei uns würde schaudern, ihre Ver¬
403 1752 1492 1832 setzung betreiben, in Berlin intrigieren, Konnexionen
400 1800 675 1867 einspannen.
441 1821 1506 1906 Ist es größere Leichtherzigkeit? Und liegt in
392 1894 1491 1952 dieser Leichtherzigkeit nicht viel mehr Vornehmheit,
389 1948 1498 1999 Liebenswürdigkeit, Güte als in unserer vielbetonten,
397 1992 1185 2069 pflichtmäßigen Hausfrauentüchtigkeit?
444 2032 1498 2096 Weil sie nicht viel Wesens von sich machen,
393 2081 1496 2145 kennt das Reich sie nicht. Die Allianz mit Öster¬
400 2144 1498 2202 reich ist populär. Gewiß! Es könnte nichts Volks¬
402 2198 1500 2258 tümlicheres geben, dem jeder roteste Sozialdemokrat
392 2233 663 2300 zustimmte!
433 2281 1494 2343 Und in dieser Volkstümlichkeit, deren Gründe wohl
404 2333 1500 2393 die große Masse, die dem greisen Herrscher oder
400 2380 1500 2447 irgendeinem mannhaften Bekenntnis vom Regierungs¬
395 2421 1502 2476 tisch zujubelt, nicht klar erkennt, liegt doch noch
408 2485 1493 2543 Tieferes, ruht eine Anerkennung, eine Ahnung. Der
397 2523 1498 2577 Feinde ringsum sind viele, regsame, erfolgreiche,
401 2565 1499 2632 kühne und listige Gegner, das Zerbröckeln des alten
402 2622 1492 2671 Kaiserstaates bildet den Lieblingsgegenstand ihrer
398 2662 1494 2729 Preßerörterungen, dunklere Zettelungen der Politiker
405 2716 1488 2774 und Volkswirte erscheinen noch gefährlicher, nach wie
407 2764 1490 2820 vor mögen sich eigennützige und uneigennützige
401 2813 1495 2864 Schwärmer für sogenannte natürliche Rechte, die
402 2859 1503 2903 Ansprüche irgendeines sagenhaften Kasimir oder
401 2905 1490 2951 Stepan begeistern — hier an der Grenzwacht sollte
387 2954 1483 3003 jeder deutsche Posten, Soldat oder Matrose, wissen,
397 3000 1489 3066 daß bis zum Ostseestrand und zum Belt das ganze
393 3053 1498 3109 große Deutsche Reich Mann für Mann hinter ihm
404 3100 1500 3167 steht, und daß wir mit uns nicht feilschen und markten
1531 1407 2062 1486 ente der rassischen dehterung
1522 1487 3319 1563 lassen um deutsche Macht und Heerlichkeit, um Sitte, I/vorstehen. Erst kürzlich hat uns de
2640 1564 3317 1625 Konflikt auf diese „russische Gefahr“
1520 1561 2191 1636 Sprache und erworbenen Besitz.
2646 1610 3318 1673 merksam gemacht. Die beständigen Un
2643 1658 3331 1728 auch nicht ohne ihren Hintergrund sein
2004 1654 2143 1745 622
2640 1704 3322 1763 daß Europa nicht eher zur Vollend
2651 1755 3321 1810 Gleichgewichts gelangen wird, als bis
1902 1760 2220 1855 Russisches.
2641 1788 3338 1865 seine Lösung erfahren hat. Wie so
2648 1857 3320 1912 nöten sein, daß wir uns mit ihm ver
1521 1840 2619 1904 Es sind hundert Jahre her, daß Nikolaus Gogol geboren
2678 1894 3330 1956 Keiner der großen russischen Dichter
1517 1897 2620 1964 wurde. Wir sind in Deutschland vertraut mit seinen
2630 1945 3336 2001 ist so russisch oder russischer als Go##
1523 1949 2606 2021 komantischen Zeitgenossen Puschkin und Lermontoff, ungleich
2641 1990 3322 2052 „Taras Bulba“ und den Dijanka =Erz
1523 2001 2619 2045 vertrauter noch mit seinen großen Nachfolgern Turgenjeff,
2637 2042 3325 2107 intimsten Kenner der russischen Volks
1524 2047 2616 2113 Dostoj#wski, Tolstoi; den Vater des großen russischen
2639 2083 3324 2152 der zugleich auch als der eigentlich
1513 2096 2607 2162 Naturalismus aber, der, wie in Frankreich Balzac, den
2641 2133 3331 2204 russischen „Anklageliteratur“ anzusehen
1522 2142 2611 2191 modernen Realismus aus der Romantik hervorentwickelte,
2679 2189 3323 2246 Die beiden ersten, umfangreichen
1527 2188 2605 2242 Gogol, kannten wir bisher nur in unzulänglicher Weise.
2642 2245 3339 2297 gestatteten, mit zwei Porträten von Go#
1523 2235 2608 2293 Fast ausschließlich Reclams Universalbibliothek hat uns seine
2634 2283 3318 2345 dieser neuen, vollständigen und seh
1522 2286 2620 2342 Bekanntschaft vermittelt; aber teilweise, z. B. was die
2636 2317 3338 2398 Ausgabe bieten „Die Abenteuer Tsc
1520 2335 2609 2395 „Toten Seelen“ anbetrifft, mangelhaft; denn gut ein Dritteil
2637 2380 3327 2423 toten Seelen“ und ferner die drei
1515 2381 2620 2441 der eigentlichen Fassung dieses bedeutendsten Werkes von
2638 2419 3330 2488 Mantel“, „Die Nase“ und „Das Porträ
1516 2442 2610 2493 Gogol fehlt in der Reclam=Ausgabe. Jetzt wird all dies
2631 2474 3337 2525 Fragment der „Toten Seelen“ ist tre#
1521 2477 2609 2530 Versäumnis nachgeholt mit einer achtbändigen Gesamt¬
2633 2521 3330 2575 dargeboten, wie es von Gogol hinterl
1519 2530 2606 2581 Ausgabe von Gogols Werken, die, übertragen von
2625 2569 3322 2644 paar Lücken im Text und mit den von
1517 2577 2613 2636 Dr. Otto Bunk, vorzüglich eingeleitet von dem namhaften
2633 2620 2866 2682 Varianten.
1516 2626 2613 2684 Gogol=Forscher und Mitglied der Petersburger Akademie
2663 2661 3333 2733 In gewisser Hinsicht könnte man
1521 2672 2613 2725 der Wissenschaften Nestor Kotljarewski, und mit ausführ¬
2645 2711 3319 2769 Rußlands nennen. Er hat etwas
1522 2720 2611 2773 lichen Anhängen in Gestalt von längeren Text=Varianten
2643 2758 3338 2822 des alten Epos; auch von seiner unv
1522 2768 2612 2845 versehen, in dem verdienstvollen Verlag von Georg Müller
1518 2813 1920 2881 (München) erscheint.
2635 2812 3332 2869 autochthonen Volkstümlichkeit. „Tar
2627 2856 3326 2928 Dijanka=Erzählungen zeigen diese Ei
1561 2869 2606 2918 Uns heute so eingehend wie möglich für russisches Leben
1513 2908 2614 2966 und russische Kulturentwicklung zu interessieren, ist kein bloßes
2634 2912 3335 2974 Deutlichkeit; doch auch die „Toten Se
2637 2956 3343 3008 wir bedauern müssen, daß die „Toten
1522 2961 2603 3018 ästhetisches Interesse mehr, sondern ist fast schon unerläßlich
2636 3000 3337 3068 blieben, ist fraglich. So sehr es sich
1521 3008 2610 3069 geboten durch dringlichste aktuelle europäische Entwicklungs¬
2633 3052 3335 3119 läßt, daß Gogol, der seinem Vaterla
1518 3062 2603 3115 zustände und durch gewisse ernste Entscheidungen von Osten
2619 3100 3336 3177 zugetan war, nach dem ersten, negative
1503 3111 2613 3168 her, die Europa in einer wohl kaum so fernen Zukunft be¬
