3392 4352
273 297 488 364 isce
92 305 934 394 1aneous
1085 289 1541 368 box 41/3
2108 139 2835 211 Bitte Rückseite beachten!
2549 206 2881 293 Telephon 12.
2091 381 2830 512 „OBSERPER
1936 480 3023 535 I. österr. behördl. konz. Unternehmen für
2242 528 2731 604 Zeitungsausschnitte
1955 568 3038 677 Wien, I., Konkordiaplatz 4.
2361 642 2639 698 Vertretungen
1962 678 3024 747 in Berlin, Basel, Budapest, Chicago, Cleveland, Christiania,
1958 716 3033 774 Genf, Kopenhagen, London, Madrid, Mailand, Minneapolis,
1964 755 3046 825 New-Vork, Paris, Rom, San Francisco, Stockholm, St. Peters¬
2366 799 2646 862 burg, Toronto.
2207 845 2811 927 (Quellenangabe ohne Gewähr).
1960 924 2362 988 Ausschnitt aus:
2521 931 2872 1035 Eeit, Wier
2643 997 2784 1056 16N
2092 937 2539 1070 1.5 MN. 1911.
1964 1033 2122 1096 vem:
2049 1126 2975 1215 — Hinter den Kulissen eines Marionetten¬
1982 1195 2983 1266 theaters. Das Gastspiel des Marionetten¬
2006 1235 2978 1304 theaters „Münchener Künstler“ das im heuri¬
2023 1281 2982 1336 gen Winter in der Wiener Urgnia stattfand,
2019 1332 2983 1391 hatte gestern, beim Wiener Zivillandesgericht
2020 1372 2978 1446 ein gerichtliches Nachspielz Der Vexein „Wiener
2016 1423 2982 1473 Urania“ hatte durch Dr. Gustav Harpner
2018 1460 2989 1516 den Direktor Paul Brann des Marionetten¬
2021 1496 2981 1558 theaters auf 7200 Kronen Schadenersatz geklagt
2025 1552 2985 1610 und seinen Anspruch damit begründet, daß
2024 1578 2996 1648 Brann seine Verpflichtüngen, die er im Vertrag
2027 1626 2983 1692 mit der Urania übernommen hatte, vernach¬
2022 1680 2992 1726 lässigt habe. Insbesondere sei Direktor Brann
2027 1719 2979 1782 seiner Verpflichtung zuwider sehr oft von Wien
2025 1765 2981 1822 abwesend gewesen und habe bei solchen Anlässen
2018 1812 2986 1867 auch nicht für einen geeigneten Stellvertreter
2019 1853 2980 1916 gesorgt. Die häufige Abwesenheit des Direktors
2025 1897 2987 1953 übte begreiflichertoeise auch auf das künstlerische
2020 1941 2991 2004 Niveau der Vorstellungen einen sehr ungünsti¬
2024 1991 2999 2050 gen Einfluß: einzelne Aufführungen waren
2013 2028 2991 2079 ungenügend vorbereitet, andere mußten ab¬
2023 2085 2975 2135 geändert werden, weil für Ersatz kranker Schau¬
2020 2123 2981 2173 spieler nicht rechtzeitig gesorgt war. In einer
2018 2165 2978 2218 Vorstellung der „Zaubergeige“ sei der für das
2028 2210 2986 2262 Stück wichtige Donnerschlag ausgeblieben, in
2025 2260 2985 2306 einer anderen erschien die Fee zu früh auf der
2013 2281 2976 2351 Bühne, so daß die Vorstellung lächerlich wurde.
2023 2350 2985 2395 Die Mängel der Aufführungen brachten es mit
2014 2385 2980 2439 sich, daß der Besuch immer mehr nachließ und
2011 2425 2989 2485 die Einnahmen von 1200 Kronen auf weniger
2014 2472 2982 2528 als 600 Kronen täglich sanken, so daß die
2022 2515 2986 2570 Urania, die dem: Marionettentheater
2026 2555 2989 2621 500 Kronen töglich zu zahlen hatte, schließlich
2022 2614 2981 2661 ein Defizit hatte. Den Ersatz des Schadens,
2013 2661 2989 2706 der mit 7200 Kronen berechget wird, begehrt die
2027 2690 2986 2750 Urania im Klageweg. Der Beklagtenanwalt
2019 2735 2973 2792 Dr. Vinzenz Rabenlechner bestritt, daß
2028 2770 2979 2841 Direktor Brann sich Vertragswidrigkeiten habe
2010 2826 2982 2892 zuschulden kommen lassen. Daß er schor vor
2029 2867 2986 2929 seinem Vertragsabschluß mit der Uransa für
2029 2924 2987 2972 Berlin verpflichtet war, hatte er dem Präsi¬
2025 2951 2994 3019 denten des Vereins mitgeteilt, der keine Ein¬
2018 2999 2989 3056 wendung dagegen erhob, daß der Beklagte von
2029 3054 2991 3102 Zeit zu Zeit nach Berlin fahre. In solchen
2026 3070 2988 3146 Fällen wurde stets ein Stellvertreter, anfangs
2023 3132 2995 3195 der Schauspieler Wieland, später der Kapell¬
2034 3175 2985 3231 meister Pastor bestellt. Die Qualität der Vor¬
2027 3220 2985 3268 stellungen erlitt dadurch keinen Abbruch. Als
2038 3262 2986 3321 Zeugen über das hohe künstlerische Niveau der
2038 3305 2982 3361 Aufführungen werden Arthur Schnitzler,
2023 3342 2985 3404 Hugo v. Hofmannsthal und Hugo
2021 3402 2990 3454 Thimig geführt. Wenn die Einnahmen des
2032 3447 2989 3495 Marionettentheaters im Laufe des Gastspiels
2035 3483 2991 3541 sanken, so sei das nicht auf die Verschlechterung
2031 3519 2984 3581 des Niveaus der Aufführungen, sondern auf
2027 3574 2995 3622 die lange Dauer des Gastspiels zurückzuführen,
2016 3623 2989 3675 das nicht drei Monate lang die Aufmerksamkeit
2022 3661 2991 3713 fesseln konnte; es sei Schuld der Urania, daß
2029 3696 3001 3753 sie eine zu lange Dauer des Gast¬
2026 3740 2993 3805 spiels vereinbarte. Der Schadenersatz¬
2025 3799 2999 3844 anspruch des Vereins sei also unbegründet. Da¬
2019 3836 2986 3886 gegen klagt Direktor Brann sein Honorar
2015 3878 2985 3935 von 7300 Kronen ein, das ihm die Urania zur
2028 3918 2998 3964 Deckung ihres Schadens vorenthalten hat. Bei
2013 3959 2992 4012 der gestrigen Verhandlung wurde, da Aus¬
2023 4004 3003 4061 gleichsverhandlungen im Zuge sind, drei¬
2020 4052 3002 4113 nonatiges Ruhen des Verfahrens vereinbart.
2011 4087 3033 4192 EnMMilchdiebstahl für die kranken Kinder. Die —
