<?xml version="1.0" encoding="UTF-8" standalone="yes"?>
<PcGts xmlns="http://schema.primaresearch.org/PAGE/gts/pagecontent/2013-07-15" xmlns:xsi="http://www.w3.org/2001/XMLSchema-instance" xsi:schemaLocation="http://schema.primaresearch.org/PAGE/gts/pagecontent/2013-07-15 http://schema.primaresearch.org/PAGE/gts/pagecontent/2013-07-15/pagecontent.xsd">
    <Metadata>
        <Creator>prov=University of Rostock/Institute of Mathematics/CITlab/Gundram Leifert/gundram.leifert@uni-rostock.de:name=ONB_Newseye_GT_M1+(htr_id=10810)::::v=2.4.2
prov=University of Rostock/Institute of Mathematics/CITlab/Tobias Gruening/tobias.gruening@uni-rostock.de:name=de.uros.citlab.module.baseline2polygon.B2PSeamMultiOriented:v=2.4.2
prov=University of Rostock/Institute of Mathematics/CITlab/Tobias Gruening/tobias.gruening@uni-rostock.de:name=/mnt/transkribus/LA/DEA/URO/LA_news_onb_att.pb:de.uros.citlab.segmentation.CITlab_LA_ML:v=2.4.2
Transkribus</Creator>
        <Created>2019-10-07T20:35:46.875+02:00</Created>
        <LastChange>2019-10-09T04:41:52.143+02:00</LastChange>
        <TranskribusMetadata docId="224450" pageId="9577189" pageNr="9" tsid="16622359" status="IN_PROGRESS" userId="40391" imgUrl="https://files.transkribus.eu/Get?id=XPKVVKIIVNSGQTKCXOKZGTVQ&amp;fileType=view" xmlUrl="https://files.transkribus.eu/Get?id=GTJZJFBQAWGBSYIFJDQJJMQB" imageId="6207679"/>
    </Metadata>
    <Page imageFilename="224450_0009.jpeg" imageWidth="3392" imageHeight="4352">
        <ReadingOrder>
            <OrderedGroup id="ro_1711442200048" caption="Regions reading order">
                <RegionRefIndexed index="0" regionRef="r1"/>
                <RegionRefIndexed index="1" regionRef="r2"/>
                <RegionRefIndexed index="2" regionRef="r3"/>
            </OrderedGroup>
        </ReadingOrder>
        <TextRegion orientation="0.0" id="r1" custom="readingOrder {index:0;}">
            <Coords points="131,379 131,3171 1345,3171 1345,379"/>
            <TextLine id="r1l1" custom="readingOrder {index:0;}">
                <Coords points="124,410 490,440 921,434 981,403 981,378 905,347 367,345 245,391 124,349"/>
                <Baseline points="131,401 173,405 215,408 257,410 299,412 341,413 383,413 426,413 468,412 510,411 552,410 594,408 636,407 678,405 721,403 763,402 805,401 847,400 889,400 931,400 974,401"/>
                <TextEquiv>
                    <Unicode>1. Miscellaneous</Unicode>
                </TextEquiv>
            </TextLine>
            <TextLine id="r1l2" custom="readingOrder {index:1;}">
                <Coords points="614,1533 767,1529 813,1508 944,1534 1046,1507 1093,1534 1126,1514 1178,1520 1177,1410 1154,1399 1028,1420 851,1402 821,1422 721,1401 663,1441 614,1439"/>
                <Baseline points="621,1515 648,1514 676,1513 703,1512 731,1512 758,1511 786,1511 813,1510 841,1510 868,1510 896,1510 923,1509 951,1509 978,1509 1006,1509 1033,1509 1061,1509 1088,1509 1116,1509 1143,1509 1171,1509"/>
                <TextEquiv>
                    <Unicode>„OBSERVEl</Unicode>
                </TextEquiv>
            </TextLine>
            <TextLine id="r1l3" custom="readingOrder {index:2;}">
                <Coords points="390,1592 1228,1588 1227,1559 1165,1526 1116,1546 1059,1516 968,1551 869,1523 772,1544 733,1518 656,1548 389,1538"/>
                <Baseline points="396,1582 437,1582 478,1581 519,1581 560,1580 602,1580 643,1579 684,1579 725,1579 766,1578 808,1578 849,1577 890,1577 931,1577 972,1577 1014,1576 1055,1576 1096,1576 1137,1576 1178,1576 1220,1577"/>
                <TextEquiv>
                    <Unicode>I. österr. behördl. konz. Unternehmen für Zeitur</Unicode>
                </TextEquiv>
            </TextLine>
            <TextLine id="r1l4" custom="readingOrder {index:3;}">
                <Coords points="514,1662 1022,1651 1106,1680 1171,1647 1239,1657 1239,1614 1197,1591 1049,1588 990,1615 746,1597 698,1628 597,1594 514,1606"/>
                <Baseline points="522,1645 557,1646 593,1647 628,1648 664,1648 699,1649 735,1649 770,1648 806,1648 841,1648 877,1647 912,1647 948,1647 983,1647 1019,1646 1054,1646 1090,1647 1125,1647 1161,1648 1196,1650 1232,1651"/>
                <TextEquiv>
                    <Unicode>Wien, I., Concordiapla</Unicode>
                </TextEquiv>
            </TextLine>
            <TextLine id="r1l5" custom="readingOrder {index:4;}">
                <Coords points="716,1724 771,1712 849,1728 896,1712 915,1727 928,1715 968,1731 986,1720 1071,1730 1160,1712 1160,1689 1134,1678 1028,1684 998,1662 861,1683 716,1671"/>
                <Baseline points="723,1708 748,1709 773,1709 798,1710 824,1712 849,1713 874,1713 900,1714 925,1715 950,1715 975,1715 1001,1715 1026,1714 1051,1713 1077,1713 1102,1711 1127,1710 1153,1707"/>
                <TextEquiv>
                    <Unicode>Vertrefungen</Unicode>
                </TextEquiv>
            </TextLine>
            <TextLine id="r1l6" custom="readingOrder {index:5;}">
                <Coords points="392,1775 1240,1762 1239,1727 1167,1720 391,1729"/>
                <Baseline points="399,1766 440,1767 482,1767 523,1767 565,1767 607,1767 648,1766 690,1766 732,1765 773,1765 815,1764 857,1763 898,1763 940,1762 982,1762 1023,1761 1065,1761 1107,1760 1148,1760 1190,1760 1232,1760"/>
                <TextEquiv>
                    <Unicode>in Berlin, Budapest, Chicago, Christiania, C</Unicode>
                </TextEquiv>
            </TextLine>
            <TextLine id="r1l7" custom="readingOrder {index:6;}">
                <Coords points="401,1811 1205,1812 1270,1798 1270,1768 401,1778"/>
                <Baseline points="408,1806 450,1805 493,1805 536,1804 578,1804 621,1804 664,1804 706,1804 749,1803 792,1803 835,1803 877,1803 920,1803 963,1803 1005,1803 1048,1802 1091,1801 1133,1800 1176,1799 1219,1798 1262,1796"/>
                <TextEquiv>
                    <Unicode>hagen, London, Madrid, Mailand, Minneapolie</Unicode>
                </TextEquiv>
            </TextLine>
            <TextLine id="r1l8" custom="readingOrder {index:7;}">
                <Coords points="441,1862 1126,1860 1271,1840 1271,1801 441,1820"/>
                <Baseline points="448,1843 488,1843 529,1843 570,1843 611,1843 652,1843 692,1842 733,1842 774,1841 815,1841 856,1840 896,1840 937,1839 978,1839 1019,1839 1060,1838 1100,1839 1141,1839 1182,1840 1223,1840 1264,1842"/>
                <TextEquiv>
                    <Unicode>Paris, Rom, San Francisco, Stockholm, St. P.</Unicode>
                </TextEquiv>
            </TextLine>
            <TextLine id="r1l9" custom="readingOrder {index:8;}">
                <Coords points="723,1885 803,1901 851,1889 892,1898 919,1882 942,1895 1012,1876 1160,1882 1160,1863 1082,1843 1050,1855 1027,1844 1008,1855 723,1853"/>
                <Baseline points="731,1876 757,1876 783,1875 809,1875 836,1875 862,1874 888,1874 915,1874 941,1874 967,1874 994,1874 1020,1874 1046,1874 1073,1875 1099,1875 1125,1876 1152,1877"/>
                <TextEquiv>
                    <Unicode>(Quellenangabe ohne Gewähr).</Unicode>
                </TextEquiv>
            </TextLine>
            <TextLine id="r1l10" custom="readingOrder {index:9;}">
                <Coords points="384,1956 760,1959 759,1906 735,1900 688,1918 642,1901 553,1915 539,1902 509,1916 443,1898 384,1907"/>
                <Baseline points="392,1952 417,1952 443,1952 469,1952 494,1952 520,1951 546,1951 572,1950 597,1950 623,1949 649,1949 674,1949 700,1949 726,1949 752,1950"/>
                <TextEquiv>
                    <Unicode>Ausschnitt aus:</Unicode>
                </TextEquiv>
            </TextLine>
            <TextLine id="r1l11" custom="readingOrder {index:10;}">
                <Coords points="625,2005 711,2032 831,2029 872,2008 963,2016 999,1994 1145,2005 1142,1932 1105,1946 1025,1930 902,1959 858,1941 830,1967 772,1939 720,1973 681,1953 623,1956"/>
                <Baseline points="633,2006 658,2006 683,2005 708,2004 733,2003 759,2002 784,2001 809,2000 834,1999 859,1998 885,1996 910,1995 935,1994 960,1993 985,1991 1011,1990 1036,1989 1061,1988 1086,1986 1111,1986 1137,1985"/>
                <TextEquiv>
                    <Unicode>Der Merker, Wien</Unicode>
                </TextEquiv>
            </TextLine>
            <TextLine id="r1l12" custom="readingOrder {index:11;}">
                <Coords points="393,2060 424,2062 433,2056 442,2062 459,2058 465,2062 526,2060 527,2020 509,2015 499,2022 490,2016 479,2019 451,2004 424,2027 393,2022"/>
                <Baseline points="400,2055 429,2058 459,2058 489,2058 519,2058"/>
                <TextEquiv>
                    <Unicode>vom:</Unicode>
                </TextEquiv>
            </TextLine>
            <TextLine id="r1l13" custom="readingOrder {index:12;}">
                <Coords points="578,2109 638,2110 711,2137 866,2140 910,2120 997,2129 1010,2126 1013,2065 951,2073 839,2024 796,2040 753,2032 718,2058 655,2041 621,2057 581,2047"/>
                <Baseline points="586,2102 612,2102 638,2103 664,2103 690,2105 716,2105 742,2107 768,2108 794,2110 820,2111 846,2112 872,2113 898,2114 924,2116 950,2116 976,2117 1003,2118"/>
                <TextEquiv>
                    <Unicode>II TES 1910</Unicode>
                </TextEquiv>
            </TextLine>
            <TextLine id="r1l14" custom="readingOrder {index:13;}">
                <Coords points="484,2196 1274,2163 1260,2123 1084,2122 974,2156 832,2137 483,2174"/>
                <Baseline points="492,2200 530,2199 569,2198 608,2195 647,2194 685,2192 724,2190 763,2189 802,2186 840,2185 879,2182 918,2180 957,2178 995,2176 1034,2174 1073,2171 1112,2169 1150,2167 1189,2165 1228,2163 1267,2160"/>
                <TextEquiv>
                    <Unicode>Bei Brahm spielen sie zur Zeit ein</Unicode>
                </TextEquiv>
            </TextLine>
            <TextLine id="r1l15" custom="readingOrder {index:14;}">
                <Coords points="403,2240 1283,2214 1307,2209 1304,2146 1168,2188 402,2217"/>
                <Baseline points="411,2246 455,2243 499,2241 544,2238 588,2235 633,2233 677,2231 722,2229 766,2227 811,2224 855,2222 899,2220 944,2218 988,2216 1033,2214 1077,2211 1122,2210 1166,2207 1211,2205 1255,2203 1300,2201"/>
                <TextEquiv>
                    <Unicode>reizendes Feuilleton von Hermann Bahr: „Das</Unicode>
                </TextEquiv>
            </TextLine>
            <TextLine id="r1l16" custom="readingOrder {index:15;}">
                <Coords points="419,2284 1283,2251 1281,2214 1211,2207 418,2252"/>
                <Baseline points="427,2283 469,2281 511,2279 554,2278 596,2276 639,2274 681,2272 723,2270 766,2268 808,2266 851,2263 893,2262 935,2259 978,2257 1020,2255 1063,2252 1105,2249 1147,2247 1190,2245 1232,2242 1275,2239"/>
                <TextEquiv>
                    <Unicode>Konzert“, Ich gestehe, daß ich für Stücke</Unicode>
                </TextEquiv>
            </TextLine>
            <TextLine id="r1l17" custom="readingOrder {index:16;}">
                <Coords points="420,2323 1298,2277 1296,2247 1218,2246 419,2294"/>
                <Baseline points="428,2323 471,2320 514,2317 557,2315 600,2312 643,2311 686,2308 730,2306 773,2305 816,2302 859,2301 902,2299 945,2297 988,2295 1032,2293 1075,2290 1118,2288 1161,2285 1204,2281 1247,2279 1291,2274"/>
                <TextEquiv>
                    <Unicode>dieses graubärtigen Eulenspiegels, so sehr</Unicode>
                </TextEquiv>
            </TextLine>
            <TextLine id="r1l18" custom="readingOrder {index:17;}">
                <Coords points="417,2359 1253,2327 1283,2287 415,2327"/>
                <Baseline points="424,2362 466,2360 509,2358 551,2356 594,2354 637,2352 679,2350 722,2348 765,2346 807,2343 850,2341 893,2339 935,2336 978,2333 1021,2331 1063,2328 1106,2326 1149,2324 1191,2321 1234,2318 1277,2315"/>
                <TextEquiv>
                    <Unicode>ihnen gerade das letzte, für die Bühne ent¬</Unicode>
                </TextEquiv>
            </TextLine>
            <TextLine id="r1l19" custom="readingOrder {index:18;}">
                <Coords points="421,2406 1241,2373 1309,2362 1306,2311 1274,2335 419,2374"/>
                <Baseline points="428,2400 471,2398 515,2396 558,2394 602,2391 646,2389 689,2387 733,2385 777,2383 820,2382 864,2379 908,2377 951,2375 995,2373 1039,2370 1082,2367 1126,2365 1170,2363 1213,2360 1257,2357 1301,2353"/>
                <TextEquiv>
                    <Unicode>scheidende Körnchen Salz fehlt, ein unbezwing¬</Unicode>
                </TextEquiv>
            </TextLine>
            <TextLine id="r1l20" custom="readingOrder {index:19;}">
                <Coords points="418,2434 677,2444 1289,2395 1287,2369 1220,2365 417,2409"/>
                <Baseline points="426,2440 468,2438 511,2436 554,2434 597,2432 639,2430 682,2427 725,2426 768,2423 810,2421 853,2419 896,2416 939,2414 981,2412 1024,2410 1067,2408 1110,2405 1152,2403 1195,2401 1238,2399 1281,2397"/>
                <TextEquiv>
                    <Unicode>liches Faible habe. Aus einem einzigen Grunde;</Unicode>
                </TextEquiv>
            </TextLine>
            <TextLine id="r1l21" custom="readingOrder {index:20;}">
                <Coords points="423,2478 1238,2449 1304,2403 422,2453"/>
                <Baseline points="430,2479 473,2477 516,2475 560,2473 603,2471 647,2469 690,2467 733,2464 777,2462 820,2459 864,2458 907,2455 950,2452 994,2450 1037,2448 1081,2445 1124,2443 1167,2441 1211,2438 1254,2435 1298,2433"/>
                <TextEquiv>
                    <Unicode>weil es gescheite Stücke sind. Was für himmel¬</Unicode>
                </TextEquiv>
            </TextLine>
            <TextLine id="r1l22" custom="readingOrder {index:21;}">
                <Coords points="428,2517 1180,2499 1304,2459 1281,2438 427,2493"/>
                <Baseline points="436,2519 479,2516 522,2513 565,2511 608,2509 651,2506 694,2504 737,2502 780,2500 823,2498 866,2496 909,2494 952,2493 995,2490 1038,2489 1081,2486 1124,2484 1167,2482 1210,2479 1253,2477 1297,2474"/>
                <TextEquiv>
                    <Unicode>schreiende Dummheiten muß man nicht jahr¬</Unicode>
                </TextEquiv>
            </TextLine>
            <TextLine id="r1l23" custom="readingOrder {index:22;}">
                <Coords points="426,2557 1199,2535 1274,2523 1287,2494 624,2509 425,2541"/>
                <Baseline points="434,2556 476,2555 518,2554 561,2552 603,2550 645,2548 688,2546 730,2544 772,2542 815,2540 857,2537 899,2534 942,2532 984,2530 1026,2527 1069,2525 1111,2523 1153,2521 1196,2518 1238,2517 1281,2515"/>
                <TextEquiv>
                    <Unicode>aus, jahrein hinunterschlucken und ernst</Unicode>
                </TextEquiv>
            </TextLine>
            <TextLine id="r1l24" custom="readingOrder {index:23;}">
                <Coords points="419,2596 1098,2577 1302,2544 1301,2522 1163,2523 418,2569"/>
                <Baseline points="427,2598 470,2595 513,2593 557,2591 600,2588 644,2586 687,2584 730,2582 774,2580 817,2577 861,2575 904,2573 947,2571 991,2568 1034,2566 1078,2564 1121,2562 1164,2560 1208,2557 1251,2555 1295,2553"/>
                <TextEquiv>
                    <Unicode>nehmen und ja dazu sagen, bloß weil wir arm</Unicode>
                </TextEquiv>
            </TextLine>
            <TextLine id="r1l25" custom="readingOrder {index:24;}">
                <Coords points="432,2634 1261,2606 1287,2567 431,2611"/>
                <Baseline points="440,2636 482,2634 524,2632 566,2630 608,2628 650,2626 692,2624 734,2622 776,2620 818,2618 860,2616 902,2614 944,2612 986,2610 1028,2607 1070,2605 1112,2603 1154,2601 1196,2599 1238,2597 1281,2594"/>
                <TextEquiv>
                    <Unicode>sind an Dichtern, und in der Hot Probleme</Unicode>
                </TextEquiv>
            </TextLine>
            <TextLine id="r1l26" custom="readingOrder {index:25;}">
                <Coords points="427,2676 1300,2630 1299,2603 1241,2599 426,2642"/>
                <Baseline points="435,2674 477,2672 520,2669 563,2668 606,2666 649,2663 692,2662 735,2660 778,2658 821,2656 864,2654 906,2652 949,2649 992,2647 1035,2645 1078,2642 1121,2640 1164,2637 1207,2634 1250,2631 1293,2628"/>
                <TextEquiv>
                    <Unicode>für Dramen eskomptieren müssen. Aber dann</Unicode>
                </TextEquiv>
            </TextLine>
            <TextLine id="r1l27" custom="readingOrder {index:26;}">
                <Coords points="436,2718 1309,2682 1323,2617 1251,2647 434,2682"/>
                <Baseline points="442,2712 485,2710 529,2708 573,2706 617,2704 661,2702 705,2699 748,2697 792,2695 836,2693 880,2690 924,2689 968,2686 1012,2684 1055,2682 1099,2680 1143,2678 1187,2676 1231,2674 1275,2672 1319,2670"/>
                <TextEquiv>
                    <Unicode>kommt einer und balanziert uns einen Abend</Unicode>
                </TextEquiv>
            </TextLine>
            <TextLine id="r1l28" custom="readingOrder {index:27;}">
                <Coords points="435,2749 1304,2715 1173,2680 434,2723"/>
                <Baseline points="442,2752 484,2750 527,2748 570,2746 613,2744 655,2742 698,2740 741,2737 784,2736 826,2733 869,2731 912,2729 955,2727 997,2725 1040,2723 1083,2721 1126,2719 1168,2717 1211,2715 1254,2713 1297,2711"/>
                <TextEquiv>
                    <Unicode>lung, nach dem System „Schwerer als Huern¬</Unicode>
                </TextEquiv>
            </TextLine>
            <TextLine id="r1l29" custom="readingOrder {index:28;}">
                <Coords points="439,2802 1304,2741 1161,2720 437,2762"/>
                <Baseline points="446,2789 488,2789 531,2787 573,2786 616,2785 658,2783 701,2781 743,2778 786,2776 828,2774 871,2772 914,2769 956,2767 999,2764 1041,2763 1084,2760 1126,2759 1169,2757 1211,2755 1254,2754 1297,2753"/>
                <TextEquiv>
                    <Unicode>heimer, leichter als Schnikler“, so köstlich an</Unicode>
                </TextEquiv>
            </TextLine>
            <TextLine id="r1l30" custom="readingOrder {index:29;}">
                <Coords points="443,2834 1305,2800 1304,2768 1264,2757 734,2774 677,2808 599,2785 442,2800"/>
                <Baseline points="450,2829 492,2828 534,2827 577,2825 619,2823 662,2821 704,2819 746,2817 789,2815 831,2813 874,2810 916,2807 958,2805 1001,2803 1043,2801 1086,2799 1128,2797 1170,2795 1213,2793 1255,2792 1298,2791"/>
                <TextEquiv>
                    <Unicode>aller trüben, erdsek vorbei, daß</Unicode>
                </TextEquiv>
            </TextLine>
            <TextLine id="r1l31" custom="readingOrder {index:30;}">
                <Coords points="833,2889 963,2880 1005,2897 1104,2869 1323,2872 1313,2819 1236,2842 1154,2846 1132,2832 1003,2848 955,2835 924,2856 832,2853"/>
                <Baseline points="840,2874 865,2874 890,2873 915,2872 940,2872 965,2871 990,2871 1015,2871 1040,2870 1065,2869 1090,2869 1115,2868 1140,2867 1165,2866 1190,2865 1215,2864 1240,2862 1265,2861 1290,2860 1315,2857"/>
                <TextEquiv>
                    <Unicode></Unicode>
                </TextEquiv>
            </TextLine>
            <TextLine id="r1l32" custom="readingOrder {index:31;}">
                <Coords points="473,2967 1337,2939 1243,2902 472,2935"/>
                <Baseline points="481,2961 523,2960 565,2960 608,2959 650,2957 693,2956 735,2954 777,2954 820,2951 862,2950 905,2948 947,2947 989,2945 1032,2943 1074,2942 1117,2940 1159,2939 1201,2938 1244,2937 1286,2936 1329,2935"/>
                <TextEquiv>
                    <Unicode>man am Ende, ohne sich Rechenschaft zu geben,</Unicode>
                </TextEquiv>
            </TextLine>
            <TextLine id="r1l33" custom="readingOrder {index:32;}">
                <Coords points="480,3007 1339,2979 1309,2944 1242,2941 479,2977"/>
                <Baseline points="486,3003 528,3002 570,3001 612,3000 655,2998 697,2998 739,2996 781,2995 824,2993 866,2992 908,2990 950,2989 993,2987 1035,2986 1077,2984 1119,2983 1162,2981 1204,2979 1246,2978 1288,2977 1331,2975"/>
                <TextEquiv>
                    <Unicode>am liebsten den Hut schwenken und laut</Unicode>
                </TextEquiv>
            </TextLine>
            <TextLine id="r1l34" custom="readingOrder {index:33;}">
                <Coords points="471,3042 1343,3011 1239,2981 470,3016"/>
                <Baseline points="478,3043 520,3042 563,3040 606,3039 649,3038 692,3036 735,3035 777,3033 820,3032 863,3030 906,3029 949,3027 992,3025 1035,3024 1077,3022 1120,3021 1163,3019 1206,3018 1249,3016 1292,3015 1335,3013"/>
                <TextEquiv>
                    <Unicode>herausjuchezen möchte: Küß die Hand, Herr</Unicode>
                </TextEquiv>
            </TextLine>
            <TextLine id="r1l35" custom="readingOrder {index:34;}">
                <Coords points="475,3089 1352,3067 1307,3018 474,3051"/>
                <Baseline points="482,3078 525,3078 568,3077 611,3076 654,3075 697,3074 740,3073 783,3072 826,3070 869,3069 913,3067 956,3065 999,3064 1042,3062 1085,3061 1128,3059 1171,3057 1214,3056 1257,3054 1300,3053 1344,3052"/>
                <TextEquiv>
                    <Unicode>Hermann Bohr! Woran die Herren Brahm und</Unicode>
                </TextEquiv>
            </TextLine>
            <TextLine id="r1l36" custom="readingOrder {index:35;}">
                <Coords points="469,3130 1221,3116 1339,3091 1351,3064 468,3093"/>
                <Baseline points="476,3117 519,3118 562,3119 606,3119 649,3118 693,3117 736,3116 780,3115 823,3114 867,3112 910,3110 953,3108 997,3105 1040,3103 1084,3101 1127,3099 1171,3096 1214,3095 1258,3093 1301,3091 1345,3089"/>
                <TextEquiv>
                    <Unicode>Reicher und die prachtvolle Eise Tehmann</Unicode>
                </TextEquiv>
            </TextLine>
            <TextLine id="r1l37" custom="readingOrder {index:36;}">
                <Coords points="475,3158 510,3174 1008,3161 1116,3147 1141,3123 1024,3108 474,3127"/>
                <Baseline points="482,3161 514,3161 547,3161 579,3161 612,3161 645,3160 677,3159 710,3158 742,3157 775,3156 808,3154 840,3153 873,3151 905,3149 938,3148 971,3146 1003,3144 1036,3142 1068,3141 1101,3139 1134,3138"/>
                <TextEquiv>
                    <Unicode>natürlich auch ihr Verdienst haben.</Unicode>
                </TextEquiv>
            </TextLine>
            <TextEquiv>
                <Unicode>1. Miscellaneous
„OBSERVEl
I. österr. behördl. konz. Unternehmen für Zeitur
Wien, I., Concordiapla
Vertrefungen
in Berlin, Budapest, Chicago, Christiania, C
hagen, London, Madrid, Mailand, Minneapolie
Paris, Rom, San Francisco, Stockholm, St. P.
(Quellenangabe ohne Gewähr).
Ausschnitt aus:
Der Merker, Wien
vom:
II TES 1910
Bei Brahm spielen sie zur Zeit ein
reizendes Feuilleton von Hermann Bahr: „Das
Konzert“, Ich gestehe, daß ich für Stücke
dieses graubärtigen Eulenspiegels, so sehr
ihnen gerade das letzte, für die Bühne ent¬
scheidende Körnchen Salz fehlt, ein unbezwing¬
liches Faible habe. Aus einem einzigen Grunde;
weil es gescheite Stücke sind. Was für himmel¬
schreiende Dummheiten muß man nicht jahr¬
aus, jahrein hinunterschlucken und ernst
nehmen und ja dazu sagen, bloß weil wir arm
sind an Dichtern, und in der Hot Probleme
für Dramen eskomptieren müssen. Aber dann
kommt einer und balanziert uns einen Abend
lung, nach dem System „Schwerer als Huern¬
heimer, leichter als Schnikler“, so köstlich an
aller trüben, erdsek vorbei, daß

man am Ende, ohne sich Rechenschaft zu geben,
am liebsten den Hut schwenken und laut
herausjuchezen möchte: Küß die Hand, Herr
Hermann Bohr! Woran die Herren Brahm und
Reicher und die prachtvolle Eise Tehmann
natürlich auch ihr Verdienst haben.</Unicode>
            </TextEquiv>
        </TextRegion>
        <TextRegion orientation="0.0" id="r2" custom="readingOrder {index:1;}">
            <Coords points="1141,293 1141,448 1565,448 1565,293"/>
            <TextLine id="r2l1" custom="readingOrder {index:0;}">
                <Coords points="1133,404 1220,427 1307,404 1378,422 1572,399 1572,351 1524,334 1407,355 1389,345 1337,370 1314,356 1200,362 1165,336 1133,339"/>
                <Baseline points="1141,398 1167,398 1194,397 1220,397 1247,397 1273,397 1300,397 1326,398 1353,398 1379,398 1406,398 1432,398 1459,397 1485,396 1512,396 1538,395 1565,393"/>
                <TextEquiv>
                    <Unicode>box 41//2</Unicode>
                </TextEquiv>
            </TextLine>
            <TextEquiv>
                <Unicode>box 41//2</Unicode>
            </TextEquiv>
        </TextRegion>
        <TextRegion orientation="0.0" id="r3" custom="readingOrder {index:2;}">
            <Coords points="1723,1004 1723,3890 2929,3890 2929,1004"/>
            <TextLine id="r3l1" custom="readingOrder {index:0;}">
                <Coords points="2035,1047 2087,1032 2118,1048 2157,1028 2174,1043 2284,1031 2392,1041 2392,1002 2373,1003 2313,965 2282,989 2240,983 2215,1003 2186,1004 2152,972 2131,992 2072,965 2036,970"/>
                <Baseline points="2043,1024 2069,1024 2095,1024 2121,1025 2148,1025 2174,1026 2200,1027 2227,1028 2253,1028 2279,1028 2306,1028 2332,1028 2358,1027 2385,1025"/>
                <TextEquiv>
                    <Unicode>SSEIK</Unicode>
                </TextEquiv>
            </TextLine>
            <TextLine id="r3l2" custom="readingOrder {index:1;}">
                <Coords points="2001,1105 2082,1086 2463,1094 2502,1082 2502,1056 2422,1040 2404,1055 2367,1037 2346,1052 2000,1045"/>
                <Baseline points="2008,1079 2033,1080 2059,1081 2084,1082 2110,1082 2136,1082 2161,1082 2187,1082 2213,1081 2238,1081 2264,1081 2289,1080 2315,1080 2341,1079 2366,1079 2392,1079 2418,1080 2443,1081 2469,1081 2495,1083"/>
                <TextEquiv>
                    <Unicode>konz. Unternehmen für 2e.</Unicode>
                </TextEquiv>
            </TextLine>
            <TextLine id="r3l3" custom="readingOrder {index:2;}">
                <Coords points="1986,1157 2354,1139 2414,1160 2456,1138 2560,1164 2560,1119 2477,1080 2445,1102 2164,1089 2115,1111 2075,1091 2042,1119 1985,1096"/>
                <Baseline points="1993,1136 2021,1137 2049,1138 2077,1138 2105,1138 2133,1138 2161,1138 2189,1138 2217,1137 2245,1136 2273,1136 2301,1135 2329,1135 2357,1134 2385,1134 2413,1134 2441,1134 2469,1134 2497,1134 2525,1135 2553,1136"/>
                <TextEquiv>
                    <Unicode>In, I., Concordiaplatz</Unicode>
                </TextEquiv>
            </TextLine>
            <TextLine id="r3l4" custom="readingOrder {index:3;}">
                <Coords points="2101,1180 2127,1196 2184,1189 2201,1203 2254,1193 2322,1203 2332,1192 2364,1206 2393,1184 2415,1190 2415,1154 2387,1165 2319,1142 2289,1162 2147,1144 2102,1151"/>
                <Baseline points="2109,1184 2136,1185 2163,1185 2190,1186 2217,1187 2244,1188 2272,1188 2299,1188 2326,1188 2353,1187 2380,1186 2408,1184"/>
                <TextEquiv>
                    <Unicode>Vertretungen</Unicode>
                </TextEquiv>
            </TextLine>
            <TextLine id="r3l5" custom="readingOrder {index:4;}">
                <Coords points="1907,1245 2693,1249 2726,1210 2680,1216 2605,1171 2458,1206 2014,1193 1907,1214"/>
                <Baseline points="1914,1233 1954,1234 1994,1234 2034,1234 2075,1234 2115,1234 2155,1234 2195,1233 2236,1233 2276,1232 2316,1232 2356,1231 2397,1231 2437,1231 2477,1231 2517,1231 2558,1231 2598,1232 2638,1233 2678,1234 2719,1236"/>
                <TextEquiv>
                    <Unicode>Asel, Budapest, Chicago, Cleveland, Chris.</Unicode>
                </TextEquiv>
            </TextLine>
            <TextLine id="r3l6" custom="readingOrder {index:5;}">
                <Coords points="1876,1274 2764,1287 2794,1251 1944,1240 1876,1264"/>
                <Baseline points="1883,1274 1928,1274 1973,1275 2018,1275 2063,1275 2109,1275 2154,1275 2199,1275 2244,1275 2289,1274 2335,1274 2380,1273 2425,1273 2470,1273 2515,1272 2561,1272 2606,1272 2651,1272 2696,1273 2741,1273 2787,1274"/>
                <TextEquiv>
                    <Unicode>enhagen, London, Madrid, Mailand, Minneapods,</Unicode>
                </TextEquiv>
            </TextLine>
            <TextLine id="r3l7" custom="readingOrder {index:6;}">
                <Coords points="1856,1349 1942,1318 2544,1335 2791,1303 2402,1273 1855,1295"/>
                <Baseline points="1863,1315 1909,1315 1955,1315 2001,1315 2047,1315 2093,1315 2139,1315 2185,1314 2231,1314 2277,1313 2323,1313 2369,1312 2415,1312 2461,1312 2507,1312 2553,1312 2599,1312 2645,1313 2691,1313 2737,1314 2784,1316"/>
                <TextEquiv>
                    <Unicode>X, Paris, Rom, San Francisco, Stockholm, St. Peters¬</Unicode>
                </TextEquiv>
            </TextLine>
            <TextLine id="r3l8" custom="readingOrder {index:7;}">
                <Coords points="2104,1358 2168,1369 2203,1367 2227,1353 2277,1367 2313,1368 2333,1356 2354,1369 2389,1360 2388,1323 2368,1328 2340,1315 2326,1326 2209,1316 2185,1327 2104,1324"/>
                <Baseline points="2111,1350 2138,1353 2165,1354 2192,1355 2219,1354 2246,1353 2273,1352 2300,1351 2327,1350 2354,1350 2381,1349"/>
                <TextEquiv>
                    <Unicode>burg, Toronto.</Unicode>
                </TextEquiv>
            </TextLine>
            <TextLine id="r3l9" custom="readingOrder {index:8;}">
                <Coords points="2012,1406 2260,1394 2316,1414 2361,1396 2403,1409 2467,1397 2467,1371 2415,1358 2146,1372 2077,1355 2012,1377"/>
                <Baseline points="2019,1392 2044,1393 2070,1393 2096,1393 2122,1393 2148,1393 2174,1393 2200,1392 2226,1392 2252,1392 2278,1391 2304,1391 2330,1390 2356,1390 2382,1390 2408,1390 2434,1390 2460,1391"/>
                <TextEquiv>
                    <Unicode>(Ouelienangabe chne dew ähr.</Unicode>
                </TextEquiv>
            </TextLine>
            <TextLine id="r3l10" custom="readingOrder {index:9;}">
                <Coords points="1765,1486 1955,1494 1994,1473 2033,1486 2124,1486 2138,1484 2138,1442 2105,1441 2085,1424 2042,1443 1967,1433 1954,1420 1922,1439 1871,1422 1813,1427 1765,1456"/>
                <Baseline points="1772,1466 1797,1467 1823,1467 1848,1468 1874,1468 1899,1468 1925,1469 1951,1469 1976,1469 2002,1469 2027,1470 2053,1470 2078,1470 2104,1470 2130,1470"/>
                <TextEquiv>
                    <Unicode>Aschnitt aus:</Unicode>
                </TextEquiv>
            </TextLine>
            <TextLine id="r3l11" custom="readingOrder {index:10;}">
                <Coords points="1716,1568 2553,1561 2777,1539 2827,1481 1714,1529"/>
                <Baseline points="1723,1566 1777,1567 1832,1567 1887,1567 1942,1567 1997,1566 2052,1565 2107,1564 2162,1562 2217,1560 2272,1558 2326,1555 2381,1553 2436,1550 2491,1546 2546,1543 2601,1540 2656,1537 2711,1533 2766,1529 2821,1525"/>
                <TextEquiv>
                    <Unicode>(om: 12. FEB. Migemnelne Zeitung, München</Unicode>
                </TextEquiv>
            </TextLine>
            <TextLine id="r3l12" custom="readingOrder {index:11;}">
                <Coords points="1999,1708 2676,1710 2676,1669 2571,1644 2528,1660 2496,1638 2444,1663 2329,1646 1999,1660"/>
                <Baseline points="2006,1699 2039,1699 2072,1699 2105,1700 2138,1700 2171,1700 2204,1701 2237,1701 2270,1701 2303,1702 2337,1702 2370,1702 2403,1702 2436,1702 2469,1702 2502,1702 2535,1701 2568,1701 2601,1699 2634,1698 2668,1697"/>
                <TextEquiv>
                    <Unicode>Die bundeskreue Zensur.</Unicode>
                </TextEquiv>
            </TextLine>
            <TextLine id="r3l13" custom="readingOrder {index:12;}">
                <Coords points="1837,1775 2869,1779 2919,1748 2672,1708 2592,1742 1837,1733"/>
                <Baseline points="1844,1769 1897,1770 1950,1770 2004,1771 2057,1771 2111,1771 2164,1772 2217,1771 2271,1771 2324,1771 2378,1771 2431,1770 2484,1770 2538,1769 2591,1769 2645,1768 2698,1768 2751,1767 2805,1766 2858,1766 2912,1765"/>
                <TextEquiv>
                    <Unicode>In der Wiener Residenz gab es jüngst einen höchst seltsamen</Unicode>
                </TextEquiv>
            </TextLine>
            <TextLine id="r3l14" custom="readingOrder {index:13;}">
                <Coords points="1764,1818 2920,1789 2919,1749 2708,1782 1764,1767"/>
                <Baseline points="1771,1812 1828,1812 1885,1811 1942,1811 1999,1811 2056,1811 2113,1811 2170,1811 2227,1811 2284,1811 2341,1811 2398,1811 2455,1811 2512,1811 2569,1810 2626,1810 2683,1809 2740,1808 2797,1807 2854,1806 2912,1804"/>
                <TextEquiv>
                    <Unicode>Zensurspektakel.*) Nachdem ein Soldaten=Lustspiel „Der Feldherrn¬</Unicode>
                </TextEquiv>
            </TextLine>
            <TextLine id="r3l15" custom="readingOrder {index:14;}">
                <Coords points="1762,1851 2675,1860 2916,1851 2916,1823 1761,1819"/>
                <Baseline points="1769,1852 1828,1852 1888,1852 1948,1852 2008,1852 2068,1852 2128,1851 2188,1851 2248,1851 2308,1850 2368,1850 2428,1850 2488,1849 2548,1848 2608,1848 2668,1847 2728,1846 2788,1845 2848,1844 2908,1843"/>
                <TextEquiv>
                    <Unicode>hügel“, welches sich die fröhliche Kompagnie der Herren Roda¬</Unicode>
                </TextEquiv>
            </TextLine>
            <TextLine id="r3l16" custom="readingOrder {index:15;}">
                <Coords points="1772,1893 2912,1896 2928,1849 1772,1855"/>
                <Baseline points="1779,1891 1836,1891 1893,1891 1950,1891 2007,1891 2064,1891 2121,1891 2178,1891 2235,1891 2292,1891 2350,1891 2407,1890 2464,1890 2521,1889 2578,1889 2635,1888 2692,1887 2749,1886 2806,1885 2863,1884 2921,1883"/>
                <TextEquiv>
                    <Unicode>Roda und Karl Rößler zuschulden kommen ließ, sechzehn Abende</Unicode>
                </TextEquiv>
            </TextLine>
            <TextLine id="r3l17" custom="readingOrder {index:16;}">
                <Coords points="1770,1941 2927,1948 2927,1892 2876,1885 1770,1891"/>
                <Baseline points="1777,1928 1834,1928 1891,1928 1948,1929 2005,1929 2062,1929 2119,1929 2177,1929 2234,1929 2291,1929 2348,1929 2405,1928 2462,1928 2519,1928 2577,1928 2634,1927 2691,1926 2748,1926 2805,1925 2862,1925 2920,1924"/>
                <TextEquiv>
                    <Unicode>hindurch die Gemüter erfreute, ohne dem Staatswohl gefährlich</Unicode>
                </TextEquiv>
            </TextLine>
            <TextLine id="r3l18" custom="readingOrder {index:17;}">
                <Coords points="1762,1968 2821,1975 2924,1940 1762,1944"/>
                <Baseline points="1769,1969 1826,1968 1883,1967 1941,1966 1998,1966 2055,1966 2113,1966 2170,1966 2227,1966 2285,1966 2342,1966 2399,1966 2457,1966 2514,1966 2571,1965 2629,1965 2686,1964 2743,1963 2801,1961 2858,1959 2916,1956"/>
                <TextEquiv>
                    <Unicode>zu werden, war es auf einmal mit der Spottfreiheit aus. Irgend¬</Unicode>
                </TextEquiv>
            </TextLine>
            <TextLine id="r3l19" custom="readingOrder {index:18;}">
                <Coords points="1765,2010 2863,2011 2921,1975 1765,1980"/>
                <Baseline points="1773,2005 1830,2004 1887,2004 1944,2004 2001,2004 2058,2003 2115,2003 2172,2003 2229,2003 2286,2003 2343,2003 2400,2003 2457,2003 2514,2003 2571,2003 2628,2002 2685,2001 2742,2001 2799,2000 2856,1998 2914,1996"/>
                <TextEquiv>
                    <Unicode>eine heimliche Militärdiktatur kommandierte die Zensurbehörde zu</Unicode>
                </TextEquiv>
            </TextLine>
            <TextLine id="r3l20" custom="readingOrder {index:19;}">
                <Coords points="1766,2044 2925,2038 2845,1997 1766,2013"/>
                <Baseline points="1773,2041 1830,2041 1887,2042 1944,2042 2001,2042 2059,2042 2116,2042 2173,2042 2230,2042 2287,2042 2345,2042 2402,2042 2459,2042 2516,2041 2573,2041 2631,2041 2688,2040 2745,2040 2802,2039 2859,2038 2917,2037"/>
                <TextEquiv>
                    <Unicode>Schleichwegen, und der Direktor der Neuen Wiener Bühne ließ</Unicode>
                </TextEquiv>
            </TextLine>
            <TextLine id="r3l21" custom="readingOrder {index:20;}">
                <Coords points="1759,2086 2918,2067 2907,2039 1759,2052"/>
                <Baseline points="1767,2083 1824,2082 1881,2082 1938,2081 1995,2081 2052,2081 2109,2081 2167,2081 2224,2081 2281,2081 2338,2081 2395,2081 2452,2080 2509,2080 2567,2079 2624,2079 2681,2078 2738,2077 2795,2076 2852,2074 2910,2072"/>
                <TextEquiv>
                    <Unicode>sich zum Absetzen des Stückes bereden. Die Wiener Schriftsteller¬</Unicode>
                </TextEquiv>
            </TextLine>
            <TextLine id="r3l22" custom="readingOrder {index:21;}">
                <Coords points="1774,2132 2874,2125 2919,2120 2919,2066 1773,2095"/>
                <Baseline points="1780,2121 1836,2121 1893,2121 1949,2121 2006,2121 2063,2120 2119,2120 2176,2120 2232,2120 2289,2120 2346,2119 2402,2119 2459,2118 2515,2118 2572,2117 2629,2116 2685,2115 2742,2114 2798,2113 2855,2111 2912,2110"/>
                <TextEquiv>
                    <Unicode>welt leistete sich hierauf einen Waffengang, der in seiner Schärfe</Unicode>
                </TextEquiv>
            </TextLine>
            <TextLine id="r3l23" custom="readingOrder {index:22;}">
                <Coords points="1760,2166 2927,2174 2927,2119 1759,2130"/>
                <Baseline points="1767,2161 1824,2161 1882,2160 1939,2160 1997,2160 2055,2159 2112,2159 2170,2158 2227,2158 2285,2157 2343,2157 2400,2157 2458,2156 2515,2156 2573,2155 2631,2155 2688,2154 2746,2154 2803,2153 2861,2153 2919,2152"/>
                <TextEquiv>
                    <Unicode>und Kampflust im literarischen Leben Wiens vereinzelt dasteht.</Unicode>
                </TextEquiv>
            </TextLine>
            <TextLine id="r3l24" custom="readingOrder {index:23;}">
                <Coords points="1757,2190 2761,2208 2883,2200 2919,2149 1757,2177"/>
                <Baseline points="1765,2200 1822,2199 1879,2198 1937,2197 1994,2196 2051,2196 2109,2196 2166,2196 2223,2196 2281,2196 2338,2196 2395,2196 2453,2196 2510,2196 2567,2196 2625,2196 2682,2195 2739,2195 2797,2194 2854,2193 2912,2191"/>
                <TextEquiv>
                    <Unicode>Die Gelegenheit wurde ausgenutzt, um den kniffigen und</Unicode>
                </TextEquiv>
            </TextLine>
            <TextLine id="r3l25" custom="readingOrder {index:24;}">
                <Coords points="1764,2237 2872,2238 2921,2197 1764,2208"/>
                <Baseline points="1772,2239 1829,2238 1886,2237 1943,2236 2000,2236 2057,2235 2114,2235 2171,2235 2228,2235 2285,2236 2343,2236 2400,2236 2457,2235 2514,2235 2571,2235 2628,2234 2685,2232 2742,2231 2799,2229 2856,2226 2914,2223"/>
                <TextEquiv>
                    <Unicode>in der Wahl der Mittel nicht gerade einwandfreien Bevor¬</Unicode>
                </TextEquiv>
            </TextLine>
            <TextLine id="r3l26" custom="readingOrder {index:25;}">
                <Coords points="1761,2285 2855,2281 2935,2264 2935,2229 1760,2250"/>
                <Baseline points="1768,2276 1829,2275 1890,2275 1951,2275 2012,2275 2073,2275 2134,2275 2195,2275 2256,2275 2317,2275 2378,2275 2439,2274 2500,2274 2561,2273 2622,2272 2683,2271 2744,2270 2805,2268 2866,2266 2927,2263"/>
                <TextEquiv>
                    <Unicode>mundungsapparat in geistigen Dingen rücksichtslos in Arbeit?</Unicode>
                </TextEquiv>
            </TextLine>
            <TextLine id="r3l27" custom="readingOrder {index:26;}">
                <Coords points="1766,2324 2862,2321 2920,2268 1766,2287"/>
                <Baseline points="1773,2317 1830,2316 1887,2315 1944,2315 2001,2314 2058,2314 2115,2314 2172,2314 2229,2314 2286,2314 2343,2314 2400,2314 2457,2314 2514,2313 2571,2313 2628,2312 2685,2311 2742,2310 2799,2308 2856,2306 2913,2304"/>
                <TextEquiv>
                    <Unicode>zu nehmen. Es war ganz interessant, von Hermann Bahr</Unicode>
                </TextEquiv>
            </TextLine>
            <TextLine id="r3l28" custom="readingOrder {index:27;}">
                <Coords points="1766,2369 2923,2347 2922,2295 1766,2324"/>
                <Baseline points="1773,2356 1830,2356 1887,2355 1944,2355 2001,2355 2058,2354 2115,2354 2172,2354 2229,2353 2286,2353 2344,2353 2401,2352 2458,2352 2515,2351 2572,2350 2629,2350 2686,2349 2743,2348 2800,2347 2857,2346 2915,2344"/>
                <TextEquiv>
                    <Unicode>zu hören, welcher Schacher von der Zensur getrieben wird,</Unicode>
                </TextEquiv>
            </TextLine>
            <TextLine id="r3l29" custom="readingOrder {index:28;}">
                <Coords points="1766,2404 2923,2380 2922,2348 2792,2344 1765,2365"/>
                <Baseline points="1773,2391 1830,2392 1887,2393 1944,2393 2001,2394 2058,2394 2115,2393 2173,2393 2230,2392 2287,2392 2344,2391 2401,2390 2458,2390 2515,2389 2573,2388 2630,2388 2687,2388 2744,2387 2801,2387 2858,2388 2916,2388"/>
                <TextEquiv>
                    <Unicode>wenn es gilt, ein unerwünschtes Stück an der Aufführung</Unicode>
                </TextEquiv>
            </TextLine>
            <TextLine id="r3l30" custom="readingOrder {index:29;}">
                <Coords points="1774,2445 2810,2442 2894,2430 2929,2379 1773,2404"/>
                <Baseline points="1781,2436 1838,2435 1895,2434 1952,2433 2009,2432 2066,2432 2123,2431 2180,2431 2237,2430 2294,2430 2351,2429 2408,2429 2465,2429 2522,2428 2579,2427 2636,2427 2693,2426 2750,2425 2807,2424 2864,2423 2922,2421"/>
                <TextEquiv>
                    <Unicode>zu hindern. Die Einteilung in verbotene Stücke, die freigegeben</Unicode>
                </TextEquiv>
            </TextLine>
            <TextLine id="r3l31" custom="readingOrder {index:30;}">
                <Coords points="1777,2476 2872,2472 2931,2424 1777,2444"/>
                <Baseline points="1784,2472 1841,2472 1898,2471 1955,2471 2012,2470 2069,2470 2126,2469 2183,2469 2240,2469 2297,2468 2354,2468 2411,2467 2468,2467 2525,2466 2582,2466 2639,2465 2696,2464 2753,2463 2810,2462 2867,2460 2924,2459"/>
                <TextEquiv>
                    <Unicode>werden, und freie Stücke, die ohne Verbot zugunsten der ver¬</Unicode>
                </TextEquiv>
            </TextLine>
            <TextLine id="r3l32" custom="readingOrder {index:31;}">
                <Coords points="1771,2518 2834,2516 2909,2512 2909,2473 1771,2479"/>
                <Baseline points="1778,2508 1834,2509 1890,2509 1946,2509 2002,2509 2059,2509 2115,2509 2171,2508 2227,2508 2283,2507 2340,2507 2396,2506 2452,2505 2508,2504 2564,2504 2621,2503 2677,2502 2733,2502 2789,2501 2845,2501 2902,2501"/>
                <TextEquiv>
                    <Unicode>botenen in die Versenkung geraten, war immerhin ganz amüsant.</Unicode>
                </TextEquiv>
            </TextLine>
            <TextLine id="r3l33" custom="readingOrder {index:32;}">
                <Coords points="1762,2539 2919,2542 2918,2496 1761,2510"/>
                <Baseline points="1769,2547 1826,2547 1883,2547 1940,2547 1997,2547 2054,2547 2111,2547 2168,2547 2225,2546 2282,2546 2340,2546 2397,2545 2454,2545 2511,2544 2568,2543 2625,2543 2682,2542 2739,2541 2796,2540 2853,2540 2911,2539"/>
                <TextEquiv>
                    <Unicode>Befremdend war nur der Gedanke, daß der Aufruhr gerade um</Unicode>
                </TextEquiv>
            </TextLine>
            <TextLine id="r3l34" custom="readingOrder {index:33;}">
                <Coords points="1764,2594 2894,2589 2917,2546 1764,2556"/>
                <Baseline points="1771,2587 1830,2587 1890,2587 1950,2587 2010,2586 2070,2586 2130,2586 2190,2585 2250,2585 2310,2584 2370,2584 2430,2583 2490,2582 2550,2582 2610,2581 2670,2580 2730,2579 2790,2578 2850,2578 2910,2577"/>
                <TextEquiv>
                    <Unicode>ein Bühnenwerk losbrach, dessen Autoren Roda=Roda und Karl</Unicode>
                </TextEquiv>
            </TextLine>
            <TextLine id="r3l35" custom="readingOrder {index:34;}">
                <Coords points="1767,2630 2931,2633 2931,2579 1767,2595"/>
                <Baseline points="1774,2629 1831,2628 1889,2626 1946,2626 2004,2625 2061,2624 2119,2624 2176,2624 2234,2623 2291,2623 2349,2623 2406,2623 2464,2623 2521,2622 2579,2622 2636,2621 2694,2621 2751,2620 2809,2618 2866,2617 2924,2615"/>
                <TextEquiv>
                    <Unicode>Rößler heißen. In derselben Stadt aber ließ sich die literarische</Unicode>
                </TextEquiv>
            </TextLine>
            <TextLine id="r3l36" custom="readingOrder {index:35;}">
                <Coords points="1773,2669 2795,2673 2928,2633 1772,2636"/>
                <Baseline points="1780,2665 1837,2665 1894,2664 1951,2664 2008,2664 2065,2663 2122,2663 2179,2663 2236,2662 2293,2662 2350,2661 2407,2661 2464,2660 2521,2660 2578,2659 2635,2658 2692,2657 2749,2656 2806,2655 2863,2654 2921,2653"/>
                <TextEquiv>
                    <Unicode>Öffentlichkeit bisher ohne jeglichen Öffentlichkeitstumult gefallen,</Unicode>
                </TextEquiv>
            </TextLine>
            <TextLine id="r3l37" custom="readingOrder {index:36;}">
                <Coords points="1777,2710 2923,2688 2922,2656 1777,2670"/>
                <Baseline points="1784,2705 1840,2704 1897,2703 1953,2703 2010,2702 2067,2702 2123,2702 2180,2701 2236,2701 2293,2701 2350,2700 2406,2700 2463,2699 2519,2699 2576,2698 2633,2697 2689,2696 2746,2695 2802,2694 2859,2692 2916,2690"/>
                <TextEquiv>
                    <Unicode>daß ein seriöses Drama wie Grillparzers „Libussa“ aus über¬</Unicode>
                </TextEquiv>
            </TextLine>
            <TextLine id="r3l38" custom="readingOrder {index:37;}">
                <Coords points="1768,2752 2904,2747 2931,2694 1767,2715"/>
                <Baseline points="1775,2746 1832,2744 1889,2742 1947,2741 2004,2740 2062,2739 2119,2739 2177,2739 2234,2739 2292,2738 2349,2738 2406,2738 2464,2738 2521,2738 2579,2738 2636,2738 2694,2737 2751,2736 2809,2735 2866,2734 2924,2732"/>
                <TextEquiv>
                    <Unicode>zarten Rücksichten gegen die tschechische Nation seit Jahrzehnten</Unicode>
                </TextEquiv>
            </TextLine>
            <TextLine id="r3l39" custom="readingOrder {index:38;}">
                <Coords points="1769,2787 2826,2785 2926,2778 2926,2739 1769,2753"/>
                <Baseline points="1777,2782 1834,2781 1891,2780 1948,2779 2005,2779 2062,2778 2119,2778 2176,2778 2233,2777 2290,2777 2348,2776 2405,2776 2462,2776 2519,2775 2576,2774 2633,2773 2690,2773 2747,2772 2804,2770 2861,2769 2919,2767"/>
                <TextEquiv>
                    <Unicode>von der Bühne gebannt ist, und welchen Hemmungen bedeutende</Unicode>
                </TextEquiv>
            </TextLine>
            <TextLine id="r3l40" custom="readingOrder {index:39;}">
                <Coords points="1774,2825 2868,2823 2934,2817 2934,2772 1774,2786"/>
                <Baseline points="1781,2819 1838,2819 1895,2820 1952,2820 2010,2821 2067,2821 2124,2821 2182,2821 2239,2820 2296,2820 2354,2819 2411,2818 2468,2818 2525,2817 2583,2816 2640,2814 2697,2813 2755,2812 2812,2810 2869,2809 2927,2807"/>
                <TextEquiv>
                    <Unicode>Autoren wie Artur Schnitzler preisgegeben sind, weiß man dort</Unicode>
                </TextEquiv>
            </TextLine>
            <TextLine id="r3l41" custom="readingOrder {index:40;}">
                <Coords points="1771,2860 2933,2870 2907,2809 1771,2823"/>
                <Baseline points="1778,2860 1835,2860 1892,2859 1950,2858 2007,2858 2064,2858 2122,2857 2179,2857 2236,2857 2294,2856 2351,2856 2408,2856 2466,2855 2523,2855 2580,2854 2638,2853 2695,2852 2752,2851 2810,2850 2867,2848 2925,2847"/>
                <TextEquiv>
                    <Unicode>auch sehr genau. Aber gerade ein literarisch nicht wertvolles und</Unicode>
                </TextEquiv>
            </TextLine>
            <TextLine id="r3l42" custom="readingOrder {index:41;}">
                <Coords points="1769,2900 2877,2900 2919,2858 1769,2868"/>
                <Baseline points="1776,2898 1832,2897 1889,2896 1946,2896 2003,2896 2060,2895 2116,2895 2173,2895 2230,2895 2287,2895 2344,2894 2400,2894 2457,2893 2514,2893 2571,2892 2628,2891 2684,2890 2741,2889 2798,2887 2855,2885 2912,2883"/>
                <TextEquiv>
                    <Unicode>den heikelsten Punkt des Staatswesens, den sakrosankten Militaris¬</Unicode>
                </TextEquiv>
            </TextLine>
            <TextLine id="r3l43" custom="readingOrder {index:42;}">
                <Coords points="1780,2944 2932,2939 2905,2883 1780,2903"/>
                <Baseline points="1788,2937 1844,2936 1901,2935 1958,2934 2015,2933 2072,2932 2129,2932 2185,2932 2242,2932 2299,2931 2356,2931 2413,2931 2470,2931 2527,2931 2583,2931 2640,2930 2697,2930 2754,2929 2811,2929 2868,2928 2925,2927"/>
                <TextEquiv>
                    <Unicode>mus, berührendes Bühnenwerk mußte es sein, das die Entrüstung</Unicode>
                </TextEquiv>
            </TextLine>
            <TextLine id="r3l44" custom="readingOrder {index:43;}">
                <Coords points="1777,2978 2933,2988 2932,2913 1777,2948"/>
                <Baseline points="1785,2975 1842,2975 1899,2974 1956,2974 2013,2973 2070,2973 2127,2973 2184,2972 2241,2972 2298,2972 2355,2971 2412,2971 2469,2970 2526,2969 2583,2969 2640,2968 2697,2967 2754,2966 2811,2965 2868,2964 2925,2962"/>
                <TextEquiv>
                    <Unicode>und den Mannesmut der Wiener Literaten erregte. Immerhink</Unicode>
                </TextEquiv>
            </TextLine>
            <TextLine id="r3l45" custom="readingOrder {index:44;}">
                <Coords points="1778,3020 2932,3006 2897,2970 1778,2987"/>
                <Baseline points="1786,3014 1845,3013 1905,3013 1965,3012 2025,3012 2085,3011 2145,3011 2205,3011 2265,3011 2325,3010 2385,3010 2445,3010 2505,3009 2565,3009 2625,3008 2685,3008 2745,3007 2805,3006 2865,3005 2925,3003"/>
                <TextEquiv>
                    <Unicode>erregte die literarische Kampagne gegen die Wiener Zensur so vielt</Unicode>
                </TextEquiv>
            </TextLine>
            <TextLine id="r3l46" custom="readingOrder {index:45;}">
                <Coords points="1782,3056 2740,3059 2927,3045 2927,3010 1781,3020"/>
                <Baseline points="1789,3053 1845,3052 1902,3051 1958,3051 2015,3050 2071,3050 2128,3050 2184,3049 2241,3049 2297,3049 2354,3048 2411,3048 2467,3048 2524,3047 2580,3047 2637,3047 2693,3046 2750,3046 2806,3045 2863,3044 2920,3043"/>
                <TextEquiv>
                    <Unicode>Sensation, daß die Wirkung nicht ausblieb. Der „Feldherrn¬</Unicode>
                </TextEquiv>
            </TextLine>
            <TextLine id="r3l47" custom="readingOrder {index:46;}">
                <Coords points="1782,3095 2936,3096 2914,3044 1781,3056"/>
                <Baseline points="1789,3090 1848,3090 1908,3090 1968,3090 2028,3090 2088,3089 2148,3089 2208,3089 2268,3088 2328,3088 2388,3087 2448,3087 2508,3086 2568,3086 2628,3085 2688,3084 2748,3084 2808,3083 2868,3082 2928,3082"/>
                <TextEquiv>
                    <Unicode>hügel“ bleibt in Oesterreich zwar weiter verboten, aber dafür hats¬</Unicode>
                </TextEquiv>
            </TextLine>
            <TextLine id="r3l48" custom="readingOrder {index:47;}">
                <Coords points="1782,3142 2933,3116 2882,3086 1782,3095"/>
                <Baseline points="1789,3132 1845,3130 1902,3129 1959,3128 2016,3128 2073,3127 2130,3127 2186,3127 2243,3126 2300,3126 2357,3126 2414,3126 2471,3125 2528,3125 2584,3125 2641,3124 2698,3123 2755,3122 2812,3121 2869,3119 2926,3118"/>
                <TextEquiv>
                    <Unicode>sich der Berliner Zensor seinem Kollegen an der Donau an¬</Unicode>
                </TextEquiv>
            </TextLine>
            <TextLine id="r3l49" custom="readingOrder {index:48;}">
                <Coords points="1779,3176 2925,3174 2924,3116 1779,3143"/>
                <Baseline points="1787,3168 1843,3167 1900,3166 1956,3166 2013,3165 2069,3165 2126,3165 2182,3165 2239,3165 2295,3165 2352,3165 2408,3165 2465,3165 2521,3165 2578,3165 2634,3165 2691,3164 2747,3163 2804,3162 2860,3160 2917,3158"/>
                <TextEquiv>
                    <Unicode>geschlossen. Ich weiß nicht, ob diese Verfügung auf den Einfluß</Unicode>
                </TextEquiv>
            </TextLine>
            <TextLine id="r3l50" custom="readingOrder {index:49;}">
                <Coords points="1781,3210 2893,3211 2934,3174 1781,3177"/>
                <Baseline points="1789,3201 1845,3203 1902,3204 1959,3204 2016,3205 2073,3205 2130,3206 2187,3206 2244,3206 2301,3205 2358,3205 2414,3205 2471,3204 2528,3204 2585,3203 2642,3203 2699,3202 2756,3201 2813,3201 2870,3200 2927,3200"/>
                <TextEquiv>
                    <Unicode>des Barons Aehrenthal zurückzuführen ist. Man sollte meinen,</Unicode>
                </TextEquiv>
            </TextLine>
            <TextLine id="r3l51" custom="readingOrder {index:50;}">
                <Coords points="1779,3254 2913,3250 2936,3191 1779,3216"/>
                <Baseline points="1786,3246 1843,3245 1900,3245 1957,3244 2014,3244 2071,3244 2128,3244 2186,3244 2243,3243 2300,3243 2357,3243 2414,3243 2471,3242 2528,3242 2586,3241 2643,3241 2700,3240 2757,3239 2814,3239 2871,3238 2929,3236"/>
                <TextEquiv>
                    <Unicode>daß die auswärtige Politik Oesterreichs sich um wichtigere Dinge</Unicode>
                </TextEquiv>
            </TextLine>
            <TextLine id="r3l52" custom="readingOrder {index:51;}">
                <Coords points="1774,3294 2735,3295 2927,3281 2935,3246 1774,3255"/>
                <Baseline points="1781,3286 1838,3286 1895,3285 1953,3284 2010,3284 2067,3283 2125,3283 2182,3282 2239,3281 2297,3281 2354,3281 2411,3280 2469,3280 2526,3279 2583,3279 2641,3279 2698,3278 2755,3278 2813,3278 2870,3278 2928,3278"/>
                <TextEquiv>
                    <Unicode>zu kümmern hätte. Man wird unter keinen Umständen den</Unicode>
                </TextEquiv>
            </TextLine>
            <TextLine id="r3l53" custom="readingOrder {index:52;}">
                <Coords points="1764,3407 2924,3404 2890,3351 1764,3378"/>
                <Baseline points="1771,3404 1828,3405 1885,3405 1942,3405 2000,3405 2057,3404 2114,3404 2171,3403 2229,3402 2286,3401 2343,3400 2400,3399 2458,3397 2515,3396 2572,3395 2629,3394 2687,3393 2744,3392 2801,3392 2858,3391 2916,3391"/>
                <TextEquiv>
                    <Unicode>Sympathiebeweis der Berliner Zensur für das österreichische</Unicode>
                </TextEquiv>
            </TextLine>
            <TextLine id="r3l54" custom="readingOrder {index:53;}">
                <Coords points="1775,3450 2762,3449 2915,3440 2917,3389 1774,3420"/>
                <Baseline points="1782,3447 1838,3446 1894,3446 1951,3445 2007,3444 2064,3444 2120,3443 2176,3442 2233,3442 2289,3441 2346,3440 2402,3440 2458,3439 2515,3438 2571,3437 2628,3436 2684,3434 2740,3433 2797,3431 2853,3430 2910,3428"/>
                <TextEquiv>
                    <Unicode>blaue Tuch begreifen können, und die Konsequenz ist nicht abzu¬</Unicode>
                </TextEquiv>
            </TextLine>
            <TextLine id="r3l55" custom="readingOrder {index:54;}">
                <Coords points="1781,3494 2929,3461 2928,3431 1780,3452"/>
                <Baseline points="1788,3486 1844,3485 1901,3485 1958,3484 2014,3483 2071,3482 2128,3482 2184,3481 2241,3480 2298,3479 2355,3478 2411,3478 2468,3477 2525,3476 2581,3475 2638,3474 2695,3473 2751,3472 2808,3471 2865,3470 2922,3469"/>
                <TextEquiv>
                    <Unicode>sehen, wenn die jeweilige politische Lage zur Richtschnur für den</Unicode>
                </TextEquiv>
            </TextLine>
            <TextLine id="r3l56" custom="readingOrder {index:55;}">
                <Coords points="1785,3531 2846,3523 2911,3515 2911,3469 1784,3496"/>
                <Baseline points="1792,3525 1847,3524 1903,3523 1958,3522 2014,3522 2070,3521 2125,3520 2181,3520 2236,3519 2292,3519 2348,3518 2403,3517 2459,3517 2514,3516 2570,3515 2626,3514 2681,3513 2737,3512 2792,3511 2848,3509 2904,3507"/>
                <TextEquiv>
                    <Unicode>Blaustift genommen wird. Oder fürchtet die Berliner Zensur¬</Unicode>
                </TextEquiv>
            </TextLine>
            <TextLine id="r3l57" custom="readingOrder {index:56;}">
                <Coords points="1771,3577 2925,3569 2899,3513 1770,3526"/>
                <Baseline points="1778,3564 1835,3563 1892,3561 1949,3560 2006,3559 2063,3558 2120,3557 2177,3557 2234,3556 2291,3555 2348,3555 2405,3554 2462,3554 2519,3553 2576,3552 2633,3551 2690,3551 2747,3550 2804,3549 2861,3548 2918,3546"/>
                <TextEquiv>
                    <Unicode>behörde, daß die Witzbomben des Herrn Roda=Roda das Bündnis</Unicode>
                </TextEquiv>
            </TextLine>
            <TextLine id="r3l58" custom="readingOrder {index:57;}">
                <Coords points="1776,3603 2688,3604 2923,3565 1776,3577"/>
                <Baseline points="1783,3602 1839,3601 1896,3599 1952,3598 2009,3597 2066,3596 2122,3596 2179,3595 2235,3595 2292,3594 2349,3594 2405,3594 2462,3593 2518,3592 2575,3592 2632,3591 2688,3590 2745,3588 2801,3587 2858,3585 2915,3583"/>
                <TextEquiv>
                    <Unicode>in die Luft sprengen könnten? Zittert sie um die noch ungebauten¬</Unicode>
                </TextEquiv>
            </TextLine>
            <TextLine id="r3l59" custom="readingOrder {index:58;}">
                <Coords points="1778,3644 2903,3638 2912,3604 1778,3609"/>
                <Baseline points="1786,3640 1844,3639 1903,3637 1962,3636 2021,3636 2080,3635 2139,3634 2198,3634 2257,3633 2316,3633 2374,3632 2433,3632 2492,3631 2551,3630 2610,3629 2669,3628 2728,3626 2787,3624 2846,3622 2905,3619"/>
                <TextEquiv>
                    <Unicode>österreichischen Dreadnoughts? So gefährlich ist der Witz Roda¬</Unicode>
                </TextEquiv>
            </TextLine>
            <TextLine id="r3l60" custom="readingOrder {index:59;}">
                <Coords points="1776,3680 2916,3675 2916,3635 1776,3644"/>
                <Baseline points="1783,3677 1839,3677 1895,3677 1951,3676 2008,3676 2064,3675 2120,3675 2176,3674 2233,3674 2289,3673 2345,3672 2401,3672 2458,3671 2514,3670 2570,3669 2626,3668 2683,3668 2739,3667 2795,3666 2851,3664 2908,3664"/>
                <TextEquiv>
                    <Unicode>Rodas wirklich nicht. Und warum war man in Berlin noch</Unicode>
                </TextEquiv>
            </TextLine>
            <TextLine id="r3l61" custom="readingOrder {index:60;}">
                <Coords points="1779,3728 2816,3716 2911,3673 1779,3689"/>
                <Baseline points="1787,3716 1842,3716 1898,3715 1954,3714 2010,3714 2066,3713 2122,3712 2177,3711 2233,3710 2289,3709 2345,3708 2401,3707 2457,3707 2513,3705 2568,3705 2624,3703 2680,3703 2736,3702 2792,3701 2848,3700 2904,3699"/>
                <TextEquiv>
                    <Unicode>strenger als in dem Hauptquartier polizeihafter Rückständigkeit?</Unicode>
                </TextEquiv>
            </TextLine>
            <TextLine id="r3l62" custom="readingOrder {index:61;}">
                <Coords points="1778,3755 2931,3735 2920,3696 1778,3728"/>
                <Baseline points="1786,3754 1842,3754 1899,3753 1956,3753 2013,3753 2070,3752 2127,3751 2184,3751 2241,3750 2298,3749 2355,3749 2411,3748 2468,3747 2525,3747 2582,3746 2639,3745 2696,3744 2753,3743 2810,3742 2867,3741 2924,3740"/>
                <TextEquiv>
                    <Unicode>Dort ließ man den „Feldherrnhügel“ wenigstens sechzehnmal</Unicode>
                </TextEquiv>
            </TextLine>
            <TextLine id="r3l63" custom="readingOrder {index:62;}">
                <Coords points="1774,3797 2933,3786 2922,3734 1774,3772"/>
                <Baseline points="1781,3791 1838,3791 1895,3791 1952,3790 2009,3790 2067,3790 2124,3789 2181,3788 2238,3788 2295,3787 2353,3786 2410,3786 2467,3785 2524,3784 2581,3783 2639,3782 2696,3781 2753,3780 2810,3779 2867,3778 2925,3777"/>
                <TextEquiv>
                    <Unicode>aufführen. Ist bei uns der Respekt vor Oesterreichs Wehrmacht</Unicode>
                </TextEquiv>
            </TextLine>
            <TextLine id="r3l64" custom="readingOrder {index:63;}">
                <Coords points="1780,3842 2927,3820 2926,3788 2832,3785 1779,3798"/>
                <Baseline points="1787,3829 1843,3830 1900,3831 1956,3831 2013,3832 2070,3832 2126,3831 2183,3831 2239,3831 2296,3830 2353,3829 2409,3829 2466,3827 2522,3826 2579,3825 2636,3825 2692,3823 2749,3822 2805,3821 2862,3821 2919,3820"/>
                <TextEquiv>
                    <Unicode>sechzehnmal größer: Warum, weshalb, wieso, weswegen,</Unicode>
                </TextEquiv>
            </TextLine>
            <TextLine id="r3l65" custom="readingOrder {index:64;}">
                <Coords points="1778,3880 1818,3902 1904,3891 1918,3879 1962,3888 1979,3875 2011,3898 2121,3886 2121,3860 2072,3866 2010,3828 1978,3840 1897,3834 1878,3851 1813,3835 1779,3842"/>
                <Baseline points="1786,3873 1811,3871 1836,3870 1861,3870 1886,3870 1912,3870 1937,3870 1962,3871 1987,3872 2013,3873 2038,3875 2063,3877 2088,3878 2114,3880"/>
                <TextEquiv>
                    <Unicode>Herr Zensor?</Unicode>
                </TextEquiv>
            </TextLine>
            <TextEquiv>
                <Unicode>SSEIK
konz. Unternehmen für 2e.
In, I., Concordiaplatz
Vertretungen
Asel, Budapest, Chicago, Cleveland, Chris.
enhagen, London, Madrid, Mailand, Minneapods,
X, Paris, Rom, San Francisco, Stockholm, St. Peters¬
burg, Toronto.
(Ouelienangabe chne dew ähr.
Aschnitt aus:
(om: 12. FEB. Migemnelne Zeitung, München
Die bundeskreue Zensur.
In der Wiener Residenz gab es jüngst einen höchst seltsamen
Zensurspektakel.*) Nachdem ein Soldaten=Lustspiel „Der Feldherrn¬
hügel“, welches sich die fröhliche Kompagnie der Herren Roda¬
Roda und Karl Rößler zuschulden kommen ließ, sechzehn Abende
hindurch die Gemüter erfreute, ohne dem Staatswohl gefährlich
zu werden, war es auf einmal mit der Spottfreiheit aus. Irgend¬
eine heimliche Militärdiktatur kommandierte die Zensurbehörde zu
Schleichwegen, und der Direktor der Neuen Wiener Bühne ließ
sich zum Absetzen des Stückes bereden. Die Wiener Schriftsteller¬
welt leistete sich hierauf einen Waffengang, der in seiner Schärfe
und Kampflust im literarischen Leben Wiens vereinzelt dasteht.
Die Gelegenheit wurde ausgenutzt, um den kniffigen und
in der Wahl der Mittel nicht gerade einwandfreien Bevor¬
mundungsapparat in geistigen Dingen rücksichtslos in Arbeit?
zu nehmen. Es war ganz interessant, von Hermann Bahr
zu hören, welcher Schacher von der Zensur getrieben wird,
wenn es gilt, ein unerwünschtes Stück an der Aufführung
zu hindern. Die Einteilung in verbotene Stücke, die freigegeben
werden, und freie Stücke, die ohne Verbot zugunsten der ver¬
botenen in die Versenkung geraten, war immerhin ganz amüsant.
Befremdend war nur der Gedanke, daß der Aufruhr gerade um
ein Bühnenwerk losbrach, dessen Autoren Roda=Roda und Karl
Rößler heißen. In derselben Stadt aber ließ sich die literarische
Öffentlichkeit bisher ohne jeglichen Öffentlichkeitstumult gefallen,
daß ein seriöses Drama wie Grillparzers „Libussa“ aus über¬
zarten Rücksichten gegen die tschechische Nation seit Jahrzehnten
von der Bühne gebannt ist, und welchen Hemmungen bedeutende
Autoren wie Artur Schnitzler preisgegeben sind, weiß man dort
auch sehr genau. Aber gerade ein literarisch nicht wertvolles und
den heikelsten Punkt des Staatswesens, den sakrosankten Militaris¬
mus, berührendes Bühnenwerk mußte es sein, das die Entrüstung
und den Mannesmut der Wiener Literaten erregte. Immerhink
erregte die literarische Kampagne gegen die Wiener Zensur so vielt
Sensation, daß die Wirkung nicht ausblieb. Der „Feldherrn¬
hügel“ bleibt in Oesterreich zwar weiter verboten, aber dafür hats¬
sich der Berliner Zensor seinem Kollegen an der Donau an¬
geschlossen. Ich weiß nicht, ob diese Verfügung auf den Einfluß
des Barons Aehrenthal zurückzuführen ist. Man sollte meinen,
daß die auswärtige Politik Oesterreichs sich um wichtigere Dinge
zu kümmern hätte. Man wird unter keinen Umständen den
Sympathiebeweis der Berliner Zensur für das österreichische
blaue Tuch begreifen können, und die Konsequenz ist nicht abzu¬
sehen, wenn die jeweilige politische Lage zur Richtschnur für den
Blaustift genommen wird. Oder fürchtet die Berliner Zensur¬
behörde, daß die Witzbomben des Herrn Roda=Roda das Bündnis
in die Luft sprengen könnten? Zittert sie um die noch ungebauten¬
österreichischen Dreadnoughts? So gefährlich ist der Witz Roda¬
Rodas wirklich nicht. Und warum war man in Berlin noch
strenger als in dem Hauptquartier polizeihafter Rückständigkeit?
Dort ließ man den „Feldherrnhügel“ wenigstens sechzehnmal
aufführen. Ist bei uns der Respekt vor Oesterreichs Wehrmacht
sechzehnmal größer: Warum, weshalb, wieso, weswegen,
Herr Zensor?</Unicode>
            </TextEquiv>
        </TextRegion>
    </Page>
</PcGts>
