3392 4352
1168 341 1617 428 box 41/2
171 352 986 453 1. Miscellaneous
761 405 1007 451 —
188 565 455 617 15 Geuoft¬.
190 584 1051 661 uch ihrerseits rege Tätigkeit zu entsalte.,
178 639 1164 706 m Sommer 1910 Bedeutendes und Anziehende
172 692 1569 752 alle zusammenwirken, kann der Erfolg nicht ausbleiden und wird
178 731 1193 832 Wien hinter München nicht allzuweit zurückstehen.
1221 745 1518 876 100
585 802 1168 884 Hermann Bahr:
293 792 508 893 M
277 846 1572 926 Das Geheimnis der Münchner ist: sie wissen, was den
178 896 1581 987 Fremden anzieht, und das bieten sie ihm, manchmal im stillen bei
179 959 1562 1040 sich ganz verwundert, wie ihm denn „so was“ eigentlich ge¬
186 1025 432 1092 fallen kann.
282 1050 1576 1126 Wir hätten in Wien manches in unserer Kunst, um den
176 1113 1568 1172 Fremden anzuziehen. Machen wir doch eine Mahler=Woche zum
169 1151 1582 1214 Beispiel! Machen wir eine Schönherr=Woche! Gebt den Leuten von
179 1227 1571 1276 der Kunstschau die Mittel, ein Gartentheater nach ihrem Sinn zu
169 1272 1575 1327 machen! Führt einen Monat lang uns auf! Den ganzen Schnitzler,
173 1305 1570 1377 den ganzen Hofmannsthal, den ganzen Schönherr, Beer=Hofmann
172 1332 1567 1422 und mich! Und statt auf uns zu schimpfen, sagt den Fremden:
173 1401 1568 1471 „Das ist das Beste, was wir haben, und in dieser Art können Sie
166 1446 1573 1520 nirgends was Besseres sehen!" Im Winter, wenn die Fremden
168 1503 1572 1579 wieder fort und wir wieder unter uns sind, könnt Ihr ja wieder
178 1539 602 1620 auf uns schimpfen!
1936 211 2624 282 ling, men det samme gelder on
1936 257 2665 341 Donaustadens kvindelige Ind¬
1942 334 2150 391 vaanere.
1980 360 2679 452 Af de fleste anses hun for for¬
1925 428 2690 506 nejelseslysten og behagesyg. Men
1942 483 2686 567 naar hun sanledes frakendes alle
1944 532 2702 618 husmoderlige Dyder, maa Grunden
1946 595 2695 675 til dette seges hos hendes Lands
1952 644 2710 736 Digtere, som har indiert hende i
1946 706 2693 784 Literaturen. Ved evig og altid
1952 757 2707 852 at fortelle om hendes Skenhed,
1942 829 2699 911 Elskveerdigbed og letrerte Natur
1945 880 2698 972 har de bibragt det evrige Europa
1961 952 2707 1024 den Forestilling, at hun over¬
1961 1002 2704 1088 hovedet ikke duer til andet end!
1956 1039 2715 1136 at vaere smuk og elskverdig. Sei
1958 1112 2702 1199 I. Eks. paa „das süsse Mädel“.
1953 1166 2706 1257 Hun eksisterer kun hos Arthur
1963 1236 2703 1320 Schnitzler og i de agte wienske
1960 1305 2210 1373 Operetter.
2001 1345 2708 1429 Trods det, at den unge Wiener¬
1952 1408 2718 1496 inde elsker Solskin, baade det
1967 1466 2726 1538 meteorologiske og det ude i Livet,
1972 1519 2719 1593 og trods det, at hun hellere lytter
1972 1560 2722 1653 til sit Hjerte end dil sin Forstand,
1963 1636 2734 1725 kan hun meget vel vere en god
1972 1697 2726 1783 og dygtig Husmoder, som passer
1982 1738 2725 1832 eit Hus fra Morgen til Alten.
1979 1812 2729 1904 Wienerinden, som ikke bestiller!
1982 1860 2729 1957 andet end at ligge paa en Sola
1979 1927 2731 2006 hele den lange Dag eller at fore¬
1978 1988 2741 2073 tage Koreture i en Fiacre med
1983 2031 2759 2129 med Gummihjul har lige saa mege1
1960 2091 2748 2188 e.Tmed Virkeligheden at gere som
2028 2167 2436 2255 „das süsse Mädel“.
2042 2217 2755 2308 At regne ud, dreje-paa Skil¬
1996 2284 2749 2366 lingen og spare, det kan Wiener¬
2007 2332 2753 2419 inden lige saa godt som anden.
1996 2388 2766 2482 Hun stiller heller ikke store For¬
1999 2468 2760 2541 dringer. En almindelig Spad¬
2007 2506 2762 2601 seredragt, en Silke- og en Battist-
2002 2572 2747 2653 bluse udger ofte hendes Garderobe.
2019 2638 2752 2714 Men den Maade, paa hvilken hun
2012 2688 2756 2782 berer dette relativt simple Skrud
2103 2752 2753 2829 er der ingen i hele Verden
2009 2813 2764 2893 der ger hende efter med Und¬
2020 2874 2544 2960 tagelse al Pariserinden.
2054 2932 2754 3006 Saadan er Wienerinden. Sin
2007 2974 2755 3068 sollyse Livsglaede, sin varme Fe¬
2003 3042 2746 3125 Tlelse ferer hun med sig ind i
1992 3085 2761 3193 Familjen. Naar Manden er glad,
2017 3166 2758 3229 deler hun hans Gliede, og naar
2001 3225 2752 3300 han er nedtrykt, gaar hun i Tavs¬
2001 3282 2767 3356 bed hen og pantsetter sine Bren¬
2014 3322 2768 3423 ringe for at kunne skaffe ham
2001 3389 2781 3488 hans Yndlingsretter. Naar hendes!
2020 3459 2773 3534 Barn greder, tager hun det med
2026 3519 2766 3584 ud paa „Prateren“ og viser det,
2017 3565 2759 3671 hvor rart der er i deres Fedeby
2036 3622 2760 3712 og i hele Verden i det hele taget.
2026 3694 2777 3777 Og naar en Fremmed treder ind
2033 3739 2764 3820 over hendes Dertaerskel og ger
2028 3784 2767 3896 sin dybeste Bojning for hende,
2026 3864 2770 3954 tager hun Hatten ud af Haanden
2023 3931 2468 4003 paa ham og siger:
2134 3987 2760 4061 Vier saa god og siet Dem
2025 4048 2754 4109 ned og lad som om De var
2023 4097 2244 4182 hjemme!
