3392 4224
1146 204 1627 309 box 41/3
174 212 1016 344 1. Miscellaneons
312 1282 2352 1342 aufregen darf. Obgleich Bernard Shaw hinter der Oskar Wilde wären. Wir wissen zudem, daß diese
2346 1287 3355 1365 Probleme sind — dann nehmen Sie sich in achtl
309 1327 2360 1409 Selbstironie eine kluge Deckung sucht, obgleich er in kleinen Kunstwerke von dem Meister des aphoristischen
2350 1339 3351 1413 Der Ausspruch wurde als politisches Bekenntn
315 1377 1339 1448 seinem Stücke, das keine rechte Handlung hat, die
1323 1384 2355 1441 Ausdruckes dichterische Form, blitzende Gedanken und
2340 1392 3353 1460 Bernard Shaws sehr bemerkt, er klingt und klirrt aber
316 1429 1340 1501 Bücher bespöttelt, die der Handlung entbehren; ob¬
1336 1439 2353 1508 satirische Kraft empfangen. ... Wie mühselig windet sich
2338 1437 3343 1514 nur wie eine hohle Schelle und läutet Unsinn aus. Soll
307 1488 1339 1555 gleich er in seiner Komödie, die von Anspielungen
1338 1493 2358 1558 aber der verdickte und verschwommene Shaw, der ein¬
2351 1496 3348 1556 überhaupt Angst gemacht werden, so hat der Kapitalis
306 1543 1334 1608 überfließt, nur kranken Narren zumutet, daß sie eine
1338 1530 2362 1618 mal so lebendig war, bis zur Wortspitze durch. Ganze
2347 1551 3341 1616 mus die kleinen Schreiber doch erst dann zu fürchten
301 1595 1340 1663 Aufhäufung von Anspielungen und logischen Aerger¬
1331 1592 2358 1660 Szenen oder Buchseiten müssen die Umkehrung einer
2340 1602 3312 1666 wenn diese einmal wissen, daß sie keine Problen
311 1640 1335 1709 nissen ertragen; obgleich die Redewut der Leute in
1327 1637 2355 1712 Wahrheit präparieren, die nicht einmal eine Wahrheit
2350 1649 3355 1725 mehr sind. Wo Bernard Shaw also in „Mesallianz“
303 1688 1334 1756 „Mesallianz“, die auf der Bühne nur populäre
1337 1699 2347 1766 ist und die Schneide eigentlich gegen sich selbst richtet.
2350 1701 3355 1777 einen ernsten Schritt versucht, gleitet er sofort aus.
313 1730 1348 1814 Sonntagsvorträge halten, alle Form auseinander¬
1415 1750 2344 1814 Soll man den Sprechmaschinen, die in „Mes¬
2337 1749 3361 1822 Vielleicht ist Bernard Shaw zur Erkenntnis gelangt
313 1785 1336 1853 treibt, bin ich doch geneigt, Bernard Shaws Be¬
1335 1789 2344 1872 allianz“ zum Reden aufgezogen sind, wirklich nach¬
2336 1801 3258 1884 daß seine Logik jetzt nur noch ein Problem ist —
311 1852 2339 1917 streben wirklich auf Kunst gerichtet zu sehen. Mich gehen und nachdenken? Die mechanischen Figuren, die
2342 1845 3358 1920 bewegt sich darum zumeist im Kreise unkontrollierbärer
313 1896 1344 1969 bringt zwar nicht der Inhalt seines Stückes, sondern
1326 1904 2358 1985 da mit lautem Knarren funktionieren, hat Bernard
2343 1908 3340 1985 Schaukelwitze. Er hat es sogar darauf abgesehen, uns
302 1946 1329 2030 der kostbare Apparat, der für sein Erzeugnis in
1330 1949 2350 2026 Shaw nur umgebildet, nicht geschaffen —, sie haben
2336 1952 3341 2031 mit Witzen zu betäuben, denn er teilt seine Komössfa
301 1999 1332 2075 Bewegung gesetzt wird, zu der guten Meinung, daß
1325 2002 2353 2084 ihren Ursprung in einer andern dichterischen Welt.
2343 2012 3348 2077 „Mesallianz“ nicht in Akte ab und wünscht, daß wir
316 2057 1333 2119 wir es hier mit einer Art Kunst zu tun haben. Man
1330 2067 2354 2143 Dem verhungerten Schreiber in „Mesallianz“ ist
2346 2062 3347 2126 uns seinen Aphorismenschatz mit allen Umkehrungen
310 2101 1342 2189 schreibt doch nicht zweihundert Seiten mit Gesprächen
2343 2118 3355 2179 drei Stunden lang ohne Unterbrechung zu Gemüte
1337 2106 2354 2197 Ulrik Boendel Modell gewesen; die Tochter des
310 2161 1334 2235 voll, man läßt sie doch nicht drucken, binden, ver¬
2346 2168 3347 2248 führen. Sein Witz ist also schon bedenklicher Natur¬
1323 2164 2347 2237 Wäschehändlers, die in der häuslichen Enge stets ein
1327 2216 2340 2285 spannendes Ereignis herbeisehnt, sich aber indessen mit
2335 2219 3344 2283 In seinen szenischen Anmerkungen zu „Mesallianze
303 2206 1334 2344 Mrsinen aerschen ud dnn Aoder in cher
1324 2268 2348 2349 einem Schwächling befreundet, ist auf Hilde Wangels
2344 2256 3349 2336 fordert Bernard Shaw in der Mitte des Pavillons
302 2316 1337 2379 andern, seltsamen Sprache drucken, verlegen, ver¬
2343 2324 3341 2382 eine Tür und einige Stufen, mit denen „die dort aus¬
1338 2324 2347 2391 erstes Erscheinen zurückzuführen, und die Kraftdame
307 2362 1335 2426 kaufen und aufführen, man erniedrigt sich doch nicht
2335 2377 3336 2436 tretenden Heißwasserröhren“ überdeckt werden sollen!
1328 2378 2348 2434 in „Mesallianz“, die fürs Körperliche schwärmt,
299 2417 1334 2493 dürch Einschiebung von Schwitzbädern und „Aktuali¬
2336 2426 3337 2482 Bei den Türstufen beginnt plötzlich eine feine Psychan
1323 2433 2344 2498 stammt von Frau Maja ab. Die Distanz ist freilich
299 2462 1326 2534 täten“, zu denen der dachzerschmetternde Aeroplan
2331 2480 3344 2551 logie des Dichters — das Publikum muß ahnen, daß
1324 2483 2341 2558 ungeheuer, aus Menschen sind Verzerrungen, aus Lebe¬
305 2520 1336 2594 wie die Aviatikerbrille gehören, man ärgert doch
1330 2533 2151 2606 wesen verkrümmte Fragezeichen geworden.
2339 2528 3344 2608 darunter Heißwasserröhren fürs Schwizbad ver
290 2564 1344 2640 nicht die Gebildeten und schmeichelt der Unbildung,
2331 2572 2607 2663 borgen sind.
1417 2561 2340 2652 Wo in „Mesallianz“ Gedanken auftauchen, lohnt
306 2607 1304 2680 wenn man nicht überzeugt ist, auf diesem Wege —
2423 2602 3361 2701 Da „Mesallianz“ im Deutschen Vollstheater ab¬
1328 2602 2356 2712 das Nachdenken nicht, denn sie sind längst voraus¬
300 2675 1339 2743 Kunst zu erreichen. Aber die Kunst will nun einmal
2340 2675 3353 2754 gelehnt wurde, so wird Bernard Shaw durch seinen
1335 2689 2344 2757 gedacht worden. „Shakespeare betrank sich,“ so ver¬
295 2731 1334 2795 die Idee. Auch die heitere von Molière bis Offenbach
2344 2742 3356 2807 Siegfried Trebitsch demnächst die geharnischte Er¬
1324 2745 2348 2816 sichert Bernard Shaw, „und Euripides lief aus der
307 2785 1335 2849 ist von Ideen durchzogen, und um so ernster sind
2337 2789 3357 2854 klärung abgeben, daß die Wiener, die unter den Stufen
1328 2799 2345 2869 Schlacht davon. Aber groß gemacht hat sie das
299 2829 1338 2893 die Ideen, je freier und lustiger die Form ist, in die
2347 2836 3367 2922 eines Pavillons nicht einmal Heißwasserröhren ver¬
1324 2841 2348 2915 Niveau, zu dem sie sich erheben, nicht das
309 2865 782 2958 sie eingekleidet werden.
2335 2895 3363 2974 muten, kein Kunstgefühl, keinen Sinn für Kultur, kein
1327 2883 2343 2961 Niveau, bis zu welchem sie sinken konnten. ...“ Das
405 2929 1331 3013 Trotzdem — damit im Kampfe zwischen Autor
2335 2941 3355 3033 Verständnis für die Komödie des zwanzigsten Jahr¬
1335 2942 2344 3010 liest oder hört sich wirklich wie ein Gedanke. Doch
306 2967 1337 3061 und Zuschauer nicht immer der letztere recht behalte —
2333 2994 2696 3078 hunderts besitzen.
1323 3005 2343 3069 niemand hat wohl je geglaubt, daß Shakespeare durchs
301 3042 1325 3106 wollte man gern auf dramatische Form und klar
2419 3023 3364 3114 Dieses Jahrhundert wird von den ungeahnten
1320 3060 2355 3103 Trinken, Euripides durchs Davonlaufen groß ge¬
305 3101 1333 3173 gefaßte Ideen verzichten und mit der Aphorismentafel
2332 3104 3363 3170 technischen Fortschritten in Atem gehalten und ist den
1323 3105 2347 3167 worden in Solcher Art sind Bernard Shaws
307 3155 1334 3236 Bernard Shaws zufrieden sein. Wenn diese
1327 3160 2343 3217 Sentenzen! Oder das Schreiberlein in „Mesallianz“,
2342 3158 3358 3220 Künsten nicht geneigt. Die immense Steigerung des
306 3205 1342 3275 Aphorismen nur so frisch wie in seinen ersten Stücken,
1320 3212 3360 3273 der Sozialist, ruft dem Kapitalisten zu: „Und ich sage wirtschaftlichen Verkehres treibt in der Kunst
304 3256 3364 3320 so grimmig wie in Wedekind, so keck und graziös wie in Ihnen, wenn wir Schreiber einmal wissen daß wir Instinkte hervor, die früher nur in der Großindustrie
324 3307 410 3388 710
325 3377 457 3456 .
