3392 4352
1164 268 1612 351 box 41/3
164 274 1009 379 1. Miscellaneons
771 1050 2123 1109 versteckterer Weise freilich, den Fehler des preußischen Konservativis¬
789 1075 2115 1144 mus teilt, bei dem der wahrhaft aristokratische Glaube an die „Frei¬
780 1129 2125 1211 heit des Christenmenschen“ allzu bald in äußern Autoritätsprinzipien
781 1182 2116 1258 erstickt und zur absoluten Verknechtung führt. Das innere Gesetz, das
778 1240 2113 1308 nicht immerfort freie Tat der Person swirklich inneres Gesetz) bleibt,
777 1289 2113 1364 das man als Regel abstrahiert und über die Menschen hängt, hört
770 1339 2101 1403 auf, Persönlichkeitswert, Freiheitswert zu haben, und macht den Men¬
781 1391 2114 1446 schen genau so unfrei, so herdenhaft wertlos, wie er als Massenglied,
774 1437 2106 1483 als Milieuprodukt, als Opfer des naturalistisch=materiellen Mechanis¬
784 1490 2107 1544 mus ist. Gerade im Kulturphänomen Paul Ernst bricht die tiefe und
781 1523 2108 1602 bedenkliche Verwandtschaft zwischen preußischer Sozialdemokratie und
766 1586 2112 1628 preußischem Konservativismus hervor: es ist ein autoritativer, im
771 1638 2109 1701 Grunde freiheitsfeindlicher Geist, der sie beseelt. Paul Ernst ist (wie
776 1689 2109 1734 der viel derbere Arno Holz, der Freund seiner Anfänge) im Grunde
773 1720 2106 1803 vor allem eins: Dogmatiker, Verehrer einer starken, sichern Außen¬
767 1783 2105 1828 gesetzlichkeit. Geistige Unterschiede wesentlicher Art liegen nur im
778 1831 2109 1877 Formalen; Ernst hat nur die Inhalte des Dogmas gewechselt, weil
777 1883 2096 1933 seinem feinern Geist marxistischer Materialismus unbehaglich wurde;
773 1927 2092 1987 vielleicht auch, weil er jene Elemente blos anarchistischen Aufruhrs in¬
774 1985 2105 2033 stinktiv floh, die sich jeder Oppositionspartei leicht einmischen, auch
776 2032 2107 2075 wenn sie im Grunde so erbaulich gläubig ist wie Preußens Bebelpartei.
846 2076 2104 2141 Dabei gehört Ernstens heißeste Liebe jenem eigentlichen Aristokratis¬
769 2130 2103 2187 mus des starken und großen Menschen, der nur sich selbst Gesetze gibt.
767 2177 2100 2218 Aber er ist nicht glücklich in dieser Liebe. Das Bild dieses wahrhaft
759 2216 2100 2289 Großen darzustellen gelingt ihm (ebenso wie dem preußischen Adel!)
762 2282 2097 2320 nur in seltenen Augenblicken; denn ihm steht (wie jenem eine un¬
761 2332 2097 2370 geistige Klassentradition) dogmatisierende Leidenschaft im Wege, die
776 2372 2096 2419 immerfort goldene Moralregeln für die freie Sittlichkeit großer Men¬
765 2421 2093 2475 schen interpoliert. Zu dieser Sittlichkeit, diesem freien Eigengesetz,
769 2473 2097 2540 diesem echten (privilegienlosen) Aristokratismus der geistigen Kraft
765 2523 2087 2588 führt kulturgeschichtlich nur der große Weg des Protestantismus, der
764 2573 2098 2614 „gottgegeben Kraft nicht ungenützt verlieren“ mag. Oder um im
766 2623 2092 2667 politischen Bilde zu bleiben: der Weg des Liberalismus, der das große
767 2668 2083 2741 Erbgut der Menschheit aus der Renaissance ist, ihr köstlichster Besitz,
754 2714 2094 2787 den weder spießbürgerliche Armseligkeit und manchesterliche Roheit
754 2763 2087 2829 auf die Dauer entwerten, noch snobistischer Aesthetizismus ernstlich
761 2824 2084 2868 diskreditieren kann. Diesen Liberalismus aber hat Ernst auf seinem
755 2868 2083 2934 Wege von der Sozialdemokratie nach rechts hinüber umgangen; und
746 2919 2092 2970 das ist der letzte Grund, warum er uns das Drama des freigefühlten
751 2973 2085 3018 und freigestalteten Menschen, des „Helden (der übrigens auch ein
749 3018 2077 3068 Schuster von „Beruf sein kann!) nicht gibt. Die große Revolution,
747 3058 2089 3135 die im neunzehnten Jahrhundert unsre ganze Kultur erschütterte, und
746 3120 2084 3173 deren politischer Name Sozialismus ist, hat den Menschen sehr ver¬
753 3159 2091 3227 stärkte Gefühle des Zusammengebundenseins mit allen Gliedern der
1984 3276 2075 3350 71
2030 171 2193 246 —..
