3392 4320
2686 262 2923 330 Nr. 287
2051 267 2488 340 17. Oktober 1909
1267 271 1867 345 Fremden-Slatt.
667 291 1017 354 Wien, Sonntag
190 286 424 361 Seite 20
1585 371 2968 422 ohne „Charakter“. Sie hat sich naturlich selber nicht verstanden,
161 388 1564 437 märchen eitel Wahrheit wird und hinwieder alle äußere Situation
1570 403 2960 468 als sie sich sofort dem vierzigjährigen Doktor an den Hals warf. Der
165 416 1564 470 inneres Erlebnis. Und dagegen Burckhard, der Mann mit den zwei
1579 450 2953 508 Abend war halt gerade so gestimmt; in Tolstois „Kreuzersonate“
160 466 1554 530 Leben im Leibe, einem in strengen Realien verarbeiteten und einem
1579 493 2964 557 kann man etwas darüber leien. Und diese ganze Luft in dem
163 525 1552 568 in poetischen Lizenzen anfanas vertändelten, dann auch wieder fruchtbar
1578 540 2962 601 konsularischen Hause ist so voll Umarmungen. Wenn etwas schnalzt,
174 567 1550 623 gemachten. Schnitzler, der Dichter aus einem Guß, dem bei aller
1573 602 2962 647 kann es nur ein heimlicher Kuß sein. Und alles ist Anspielung. Eine
159 602 1558 685 Zusammengesetztheit des modernen Lebens, das er darstellt, kein
1580 645 2965 702 Erotik, ein Erotismus weht umher. Wie drollig (und bezeichnend!).
169 649 1559 712 Sprung durch den Klang geht, durch den Gesamtton seines Schaffens.
1570 682 2966 749 was der „reinen, innerlich unberührten“ Marait an Dr. Bernd am
168 703 1548 763 Und Burckhard, der so zusammengesetzte Mensch, oder wenigstens
1574 731 2963 786 meisten gefallen hat. Daß er „so unverdorben“ scheint. Diese Kleine
163 755 1551 817 Mensch mit so zusammengesetztem Lebensinteresse, der ein halbes Leben
1572 781 2981 847 unterscheidet wahrhaftig schon zwischen verdorbenen und unver¬
171 814 1561 866 lang die Mißklänge des Lebens und der Kunst gesammelt hat und
1584 835 2976 893 dorbenen Herren. Und, wie sich zuletzt herausstellt, hat sie einer be¬
162 840 1556 912 nun in der anderen Hälfte die Komödie dieser Kakophonie schreibt,
1570 891 2968 944 freundeten Frau Professorin gelegentlich ein Buch geborgt, das diese
165 894 1552 946 eine ideale Katzenmusik, welche die Disharmonie unserer Gesellschafts¬
1585 934 2968 999 verheiratete Dame angeblich vor Erröten gar nicht auslesen konnte.
161 956 1557 1010 ordnung ad absurdum führen soll. Zwei sehr verschiedene Geister, wahr¬
1579 987 2978 1040 Nämlich „Aphrodite“ von Pierre Louys. Ja, so sind sie. Der Konsul
164 997 1554 1055 heftig, und dabei jeder ein Temperament für sich, ganz und spezifisch,
1588 1018 2980 1083 sagt gelegentlich, und das ist wiederum ganz unwiderleglich: „Die Madel
171 1041 1568 1097 schnitzlerisch der eine, burckhardisch der andere, zwei Vollgewichte in
1586 1070 2975 1132 sind halt, wie Mädel sind in diesen Jahren.“ Und die Frau Konsul
173 1084 1274 1152 der modernen Schale unserer Wiener Geschmackswage.
1580 1136 2979 1176 beurteilt auch Margits Verlobung mit dem Doktor sehr verständig:
283 1117 1571 1198 Was mich auf diese (mangelhafte) Parallele bringt, ist die Ver¬
1584 1162 2972 1230 „Heute imponiert ihr das ungeheuer, daß ein gesetzterer Mann usw. usw.
171 1192 1568 1249 wandtschaft — Schwesterschaft möchte ich sagen — zwischen Margit
1584 1210 2981 1274 Aber ob sich's nicht auf einmal zeiat, daß eigentlich ein junger Springins¬
176 1249 1556 1299 und Christine. Margit, Margitl, Margiterl, dem Mädchen im Asra¬
1587 1272 2976 1333 feld ihr noch besser gefiele?“ Und gerade so einer ist ja der Konsul.
185 1280 1560 1341 stück, und Christine, dem Mädchen in „Liebelei“. Wie zwei gefullte
1586 1312 2983 1375 Ganz schrecklich jung, für sein Alter. Und seine letzte Jugend schreit
177 1329 1569 1393 Nelken, die dicht nebeneinander aus dem nämlichen Wiener „Garten¬
1578 1349 2979 1423 jetzt nach Margit. Sie muß. Wie sie damals mußte, am Schlusse
166 1396 1568 1448 geschirr“ gesprossen sind, aber die eine ist rot, die andere weiß. Beide
1588 1403 2983 1463 des zweiten Aktes, als das Heiratshindernis des Dr. Brand auf¬
170 1425 1566 1490 werden gepflückt, von der Hand des Mannes, der ihnen beschieden,
1583 1450 2979 1522 tauchte. Was tat sie? In seine Arme warf sie sich, mit dem Schrei:
170 1494 1555 1536 aber die schneeweiße nimmt die Sache tragisch und fällt ins Wasser,
1589 1496 2986 1575 „Wenn du mich nur gern hast! Diese dumme Heiraterei, das ist
177 1523 1566 1580 die blutrote nimmt die Sache, wie sie ist, also eher komisch, jeden¬
1582 1545 2990 1617 mir ja doch so Wurst!“ Das ist ein prächtiger Naturlaut, mitten
179 1584 1567 1634 falls gemütlich, und schmiegt sich bereitwillig in das warme Knopf¬
1583 1596 2976 1663 aus so vielem faulen Zauber heraus. Eigentlich die Effektszene des
182 1623 1562 1682 loch an dem schönen Rocke, den ein erster Schneider von Wien gemacht
1595 1638 2982 1709 Stückes. Die erwarteten Folgen hat sie ja nicht, denn das süße
175 1672 1562 1724 hat. Ihr Onkel, der Konsul, der fünfzigjährige Weibergenießer und
1590 1693 2968 1759 Mädel besinnt sich. „Ich kann doch dem Onkel das nicht antun!“
180 1725 1558 1779 in seiner brutalen Weise auch Weiberversteher, hat ganz Recht, wenn
1588 1749 2985 1806 Daß sie nämlich nicht seine „Jugend“ wird. Da er sie dochs an¬
168 1773 1565 1827 er von ihr sagt: „Ein lieber Schatz ist die Margit, aber ein
1581 1783 2982 1864 ständig versorgt, Zukunft sicherstellt usw. Und so hat der Kmsul
169 1813 1570 1865 Charakter? Ne!“ Er weiß, sie wird ihm schließlich den Willen tun und
1596 1835 2984 1903 noch ein letztesmal recht, mit seiner zynischen Entschuldigung: „Doktor
175 1860 1558 1924 bei ihm bleiben, als seine zweite Jugend, gegen gute Versorgung natürlich.
1596 1887 2990 1952 Brand ist auch nicht vom Stamme jener Asra, welche sterben, wenn
181 1918 1562 1971 Ihre „Ansprüche“, wie der kostbare technische Ausdruck lautet, werden „voll¬
1595 1930 3000 2004 sie lieben.“ Nein, er ist kein Asra. Dieser Stamm scheint überhaupt
173 1966 1559 2017 kommen sichergestellt“ werden. Das ist doch so anständig, wie nur was.
1595 1990 2034 2071 ausgestorben zu sein.
180 2019 1562 2065 Und seiner kranken Frau, von der er sich früher in korrektester Weise
1700 2039 2987 2101 Mit dieser Wendung im Charakter Margits war ein Teil der
182 2068 1567 2116 trennen wird, setzt er eine „ganz anständige Apanage“ aus. Und an¬
1595 2090 2992 2149 oberen Ränge gar nicht einverstanden. Und diese Gefahr kam nicht
176 2103 1568 2166 ständiger als „ganz anständig“ braucht doch gewiß niemand zu
1597 2125 2995 2188 unvörhergesehen; hatte man doch aus Vorsicht die ganze Szene ge¬
182 2151 1566 2211 sein. Besonders, wenn man in Ans hlag bringt, daß er alles das
1603 2188 2991 2239 strichen, wo der Konsul seiner kränkelnden Frau den Laufpaß gibt.
186 2206 1565 2262 auch viel billiger haben könnte. So ein Gewaltmensch, gegen den
1600 2231 2997 2285 Diese Szene hätte vermutlich zu noch anderen Laufpässen geführt. Der
180 2246 1567 2304 in seiner Umgebung gar kein Widerstand denkbar ist. Kein männ¬
1596 2265 2989 2339 Fehler des Verfassers liegt aber eigentlich doch nur im Tempo. Diese
180 2297 1565 2351 licher, und ein weiblicher schon gar nicht. Er ist ja der Charmeur.
1595 2328 2999 2381 Dinge kommen so im Handumdrehen, und überdies dreht er die Hand
179 2341 1567 2397 Selbst seine Frau willigt seufzend ohneweiters in ihre Verstotzung.
1601 2362 2993 2440 gar so schnell um. Schon im dritten Akt hatie übrigens die Unruhe
174 2390 1569 2449 Wie bisher in ihre Beiseitelegung und das aufgelegte Haremleben,
1594 2420 3000 2483 unter dem Plafond begonnen und pflanzte sich nach unten fort. Großes
187 2437 1571 2494 das er führt. Unter lauter netten Weiberchen, die gewiß auch ihr
1590 2469 2996 2539 Fur und Wider fand statt. Vom zweiten Aktschluß an erschien
178 2486 1576 2542 Gewissen haben, aber eines mit jenem elastischen Einsatz, ohne den
1600 2513 2995 2584 Burckhard mit den Darstellern; ich weiß nicht wie oft, aber sehr oft.
176 2532 1575 2589 es beim Tragen arg geniert. „Nicht wahr, sagt eine der vielen,
1606 2553 2997 2625 Freund und Feind rief ihm zu, aber nicht ganz das Nämliche. Es
185 2578 1577 2644 „nicht wahr, ich bin keine schlechte Frau, weil ich mit dir ein Ver¬
1605 2605 2999 2669 war ohne Zweifel ein Erfolg, mit einem kleinen Skandal als
181 2638 1576 2693 hältnis hab'?“ Er könnte ihr darauf in scherzhaftem Mißverständnis
1598 2649 2997 2718 Schleppe. Denn im letzten Akte wurde auch schon fleißtg gepfiffen
187 2677 1586 2735 antworten: „Mit wem denn sollst du ein Verhältnis haben?“ Alle
1593 2718 3006 2769 und Pfni gerufen, von den lauten kritischen Glossen gar nicht zu
185 2727 1577 2787 haben mit ihm ein Verhältnis; das ist sein Herrenrecht, weil es
1604 2764 3003 2816 reden. „Lauter, Ehmann!“ rief es herab, als dieser Schauspieler zu
184 2773 1576 2843 sein Männchenrecht ist. Lehnt er sich doch offen gegen die Redensart
1596 2807 3007 2864 leise wurde. Und so fort. Es gab Augenblicke, wo die Parteien
192 2834 1585 2890 auf: „Eine Frau, die dich hat.“ „Hat! hat! Mich hat keine! Ich
1606 2845 2991 2907 oben sich regelrecht in den Haaren zu liegen schtenen. Eindruck also
186 2879 1587 2926 habe sie, alle!" Und seine arme kranke Gattin entschuldigt ihn
1608 2883 3000 2969 hat das Stück reichlich gemacht; über Mangel an Anteil kann sich
186 2931 1573 2988 schier selber; die Weiber seien das Ventil, wo die Dummheit selbst
1601 2944 2992 3003 Burckhard nicht beklagen. Natürlich darf man darum nicht nuch der
198 2957 1050 3039 der gescheitesten Männer sich Luft macht.
1599 2990 3000 3057 Polizei rufen. Die Leute sollen sich nur brav erhitzen, bei einem künstleri¬
302 3019 1587 3086 Der Konsul ist also Spezialist in Untreue. Das ist seine Natur
1612 3029 2999 3110 schen Anlaß, sie haben sich's ohnehin schon zu sehr abgewöhnt.
192 3077 1582 3133 und er will natürlich leben. Er ist ein Naiver mit unumwundenen
1612 3110 3009 3154 Grenzen gibt es, selbstverständlich. Auch an den üblichen politisieren¬
193 3128 1585 3182 Trieben. Sogar etwas von einem großen Kind ist in ihm; wie sich
1605 3131 3008 3209 den Demonstrationen fehlte es nicht; z. B. wenn ein drastisches
187 3178 1584 3239 beim Kegelspielen und beim „Pils“ zeigt. Und dann ist er ein Groß¬
1613 3187 2998 3255 Wort über Staatsweisheit oder gar einen Sektionsrat fiel. Es
194 3213 1590 3278 projektant, den Kopf voll ferner und riskanter Sachen; sollten ihm
2448 3223 2998 3298 dieser Richtung. Der
1616 3238 2333 3310 fliegen einige witzige Pfeile
186 3265 1590 3320 diese kleinen nahen Angelegenheiten bedenklich erscheinen? Vollends,
2362 3275 3002 3360 Stürmen mannhaft und
2138 3290 2335 3361 diesen
1847 3285 2063 3358 hielt (
1609 3291 1803 3360 Verfasser
189 3325 1583 3379 da er doch Margit wirklich liebt; ohne es anfangs recht zu wissen.
1602 3343 2994 3410 munter Stand. Er hatte ja den Aufruhr aufgerührt,
192 3365 1586 3423 Und sie ihn auch, ebenso unbewußt. Sein weiberkennerischer Instinkt
1609 3375 2997 3440 es war ihm wieder einmal gelungen. Am schlimmsten
192 3421 1579 3474 schreit sie im zwingendsten Augenblicke ganz logisch an: „Eigentlich
1618 3424 3001 3495 ging es in jener gefährlichen Szene Fräulein Müller, welche die
198 3464 1574 3528 hast du ja doch mich lieber, das andere ist doch nur Einbildung!“
1617 3493 2999 3550 Margit spielte. Sie schien sich förmlich für die Margit zu genieren,
189 3519 1585 3583 Er wollte sie nämlich, da das Mädel seine größte Sorge ist, eben
1610 3522 3007 3589 wegen dieses kleinen Charakterfehlers, zu dem sie kluglich ihren
194 3553 1587 3616 erst verheiraten, mit einem Dr. Brand, der zwar schon
1610 3589 3009 3644 schönsten Hut aufgesetzt hatte. Und auch Herr Thaller, der den
192 3615 1585 3670 vierzig Jahre ist und die Marait lloß achtzehn. Und, wie
1607 3639 3002 3689 Konsul, erst wo er anstößig wird, gut zu spielen begann, hielt mit
205 3654 1582 3712 er schon ist, überrumpelte er beide und ehe sie es merkten.
1614 3678 3001 3733 dieser Güte wie erschreckt inne. Der Charmeur natürlich fehlte ihm
187 3706 1599 3761 waren sie öffentlich verlobt. Hinterher erst stellten sich Schwierigkeiten
1621 3715 2997 3788 gänzlich. Der beste unter den Darstellern war eigentlich Herr
201 3752 1596 3814 ein; Dr. Brand ist ja „katholisch gesczieden“ und dergleichen.
1612 3772 3000 3830 Kutschera, der den „asiatischen Tscherkoff mit Schwung und
200 3808 1601 3859 Und dann kommt es, wie die Frau Konsul ganz richtig vorherge¬
1612 3830 3018 3877 Exotik gab. Auch Herr Homma als bornierter Sektionsrat war
195 3856 1589 3908 sehen, denn sie kennt ihren Mann. Sobäld der andere die eine kriegen
1616 3860 3016 3925 sehr spaßig. Die Damen Marberg, Galafrés und
206 3904 1599 3953 soll, wird der Konsul, eifersüchtig. Er st wie ein leidenschaftlicher
1610 3925 3019 3982 Wallentin und Herr Kramer als Nicht=Asva fanden
197 3953 1596 4009 Jäger, der keinem anderen einen Schuf gönnt. Dieser Schußneid
2861 3960 2953 4015 H.
1612 3973 1784 4030 sich ab.
199 3994 1598 4048 trägt mit dazu bei, das tierische Moment in ihm aufzureizen. Die
1732 4019 1771 4060 2
2875 4008 2960 4040 —
2817 4035 3003 4077 1
206 4041 1603 4096 Ehe würde ungiltig erklärt werden? Auch ein Malheur! Er kann
1861 4076 2977 4139 Photographische Moment-Apparate!
208 4097 1596 4146 sie nicht heiraten? Desto besser! Seine Sinnlichkeit zieht automatisch
1879 4117 2974 4173 2u Treisen von R. 20.— bis K 500.— in photographuscner Aanuiaktur
201 4151 1598 4202 sofort die Konsequenzen, bis zur allerletzten. Und dann preßt er
1935 4159 2888 4200 A. MOLL, k. u. k. Hollieferant, Wien, I., Tuchlauben 9.
2888 4162 2984 4228 50130
2104 4194 2710 4228 — Auf Wunsch große illustr Preisliste.=
203 4187 1616 4255 Margit an die Wand. Du läßt ihn laufen oder „pack' dich auch zu
1647 4214 2964 4267 Entwilkeln, Konieren Vergroßern ic in eigener photoar Kopier=Anstalt
231 4242 281 4275 h
340 4235 901 4292 Ansheen
297 4239 338 4323 *
