3392 4320
1147 229 1630 326 box 41/2
730 237 1008 306 neous
942 256 1029 338 S
153 243 882 345 1. Miscellan
162 1295 3040 1409 n altertümlichen Grafen=] Begriffe nur als eine absichtliche Irreführung bezeichnet! ein Bild zu entrollen, das der Wirklichkeit entspricht. Das
157 1358 3029 1459 eses Sommers das Kon= werden muß. Selbst das wenige, was die braven wirkliche Ergebnis der Beratungen könnte günstigsten¬
1875 1463 3041 1527 hat in zehn Jahren in Lemberg und in Galizien eine
721 1478 1865 1547 bildungswesen ein solches über das Wiener Volksbil¬
1868 1515 3033 1578 halbe Million Hörer der Volksuniversität gewonnen.
714 1525 1880 1607 dungswesen gesellt und damit die Ebenbürtigkeit dieser
154 1509 476 1605 ton.
469 1448 667 1623 770
1874 1553 3040 1615 Gegenüber den englischen und amerikanischen Kursen
722 1567 1866 1632 Institutionen vor ganz Deutschland dartut. Der Bi¬
1872 1596 3045 1658 besteht der wesentliche Unterschied, daß bei uns nur ge¬
153 1589 526 1681 ldungswesen.
720 1602 1883 1678 bliothekar des Wiener Volksheims, Josef Luitpold Stern,
1881 1634 3054 1702 lehrte Forscher, in der Regel nur Universitätslehrer, vor¬
720 1651 1886 1722 hat das Buch geschrieben, aus der Fülle statistischer
154 1663 344 1739 Hock.
1880 1698 3045 1740 tragen; gegenüber Deutschland ist es von besonderer Be¬
726 1700 1877 1770 Daten und eigener Erfahrungen mit sicherer Hand
160 1701 727 1787 chriftsteller in Wien einen
1879 1724 3045 1796 deutung, daß der Staat die Notwendigkeit der Volkshoch¬
728 1736 1877 1810 schöpfend, in systematischer Gruppierung das frucht¬
156 1747 727 1851 wertem Eifer für die Be¬
1879 1770 3041 1839 schulen durch eine Subvention anerkennt, die freilich im
720 1786 1875 1860 bringende Ineinandergreifen vielfacher Volksbildungs¬
165 1800 729 1878 Polksbibliothek in Wien
1886 1816 3038 1880 Vergleich zu den Kosten durchaus ungenügend ist. Wie
733 1828 1888 1899 bestrebungen zu klarer Anschauung bringen. Stern wollte
160 1852 713 1912 nun in verschiedenen Zei¬
1880 1848 3038 1918 sehr unsere Einrichtung den reichsdeutschen Hochschul¬
731 1875 1879 1941 nicht einen Catalogue raisonné aller Wiener Bildungs¬
164 1887 720 1963 die Rückständigkeit Wiens
1892 1895 3039 1961 kursen überlegen ist, wird durch die verblüffende Tat¬
731 1911 1882 1980 institute liefern. Es lag ihm daran, an einem Beispiele
155 1938 718 2004 Erlin und München, selbst
1897 1941 3041 2007 sache am anschaulichsten erwiesen, daß im Wintersemester
733 1943 1884 2028 das Ineinanderwirken solcher Anstalten zu schildern.
165 1970 718 2049 schen Hauptstadt in dieser
1895 1985 3047 2049 1907/08 im ganzen Deutschen Reiche 105 Kurse mit
720 1985 1882 2070 Darum hat er, mit Beiseitelassung der großartigen
158 2008 733 2085 wieder einmal ihre Saum¬
1887 2011 3053 2090 596 Vortragsstunden abgehalten wurden, während die
737 2048 1881 2110 sozialistischen Arbeiterbildungsvereine und der in den
159 2063 723 2136 in allen Fragen der geisti¬
1888 2071 3054 2140 Wiener Universität allein in demselben Jahre 114 Kurse
730 2084 1886 2159 letzten Jahren erstarkten Bildungsanstalten auf konfessio¬
150 2100 732 2179 Hhüchterne Berichtigung der
1896 2130 3047 2179 mit 684 Vortragsstunden veranstaltete, daß in München
743 2134 1879 2203 neller Basis, sein Augenmerk ausschließlich jenen Insti¬
162 2142 722 2218 achtet, und die Öffentlich¬
1885 2159 3051 2228 20 in diesem Jahre veranstaltete Kurse, zusammen von
728 2181 1886 2252 tutionen zugewendet, die durch ihre völlige Parteilosig¬
179 2182 736 2254 Wien heute neben Paris
1899 2189 3065 2276 halb so viel Personen besucht waren als ein einziger
738 2216 1885 2286 keit einerseits, durch ihren engen Zusammenhang mit
160 2247 731 2308 sikbibliothek auf dem Kon¬
1893 2264 2917 2322 Wiener Universitätskurs in Waidhofen a. d. Ybbs.
740 2259 1898 2346 staatlichen Einrichtungen anderseits den weitesten Be¬
158 2273 740 2353 unden im Jahre 1909 aus
1973 2272 3049 2352 Die volkstümlichen Universitätskurse sind aus den
734 2310 1816 2376 nutzerkreis und damit die größte Bedeutung haben.
164 2324 743 2395 sikalien entlehnt, in Wien
1892 2326 3051 2398 Kursen des Wiener Volksbildungsvereines hervorgegan¬
816 2339 1902 2419 Die drei privaten Vereine, um die es sich hier han¬
157 2368 735 2442 icht, daß der Münchner
1899 2372 3064 2447 gen, der seit der Begründung dieser Unversitätseinrich¬
732 2405 1887 2470 delt (Volksbildungsverein, Zentralbibliothek, Polks¬
167 2413 742 2485 Wienern die Isarstadt als
1896 2418 3055 2480 tung sich auf Sonntagsvorträge beschränkt hat. Er hat in
735 2440 1890 2509 heim), schließen sich mehr oder weniger eng an die volks¬
166 2472 333 2535 nstellt.
1890 2456 3063 2537 20 Jahren (1887 bis 1907) 4260 Vorträge veranstaltet,
744 2478 1895 2556 tümlichen Universitätskurse an. Die Bedeutung dieser
191 2491 730 2572 nicht ein, alle unsere
1891 2511 3060 2583 die von über einer Million Zuhörern besucht waren.
745 2526 1895 2591 Wiener Universitv extension ist den weiteren Kreisen
149 2540 742 2606 nustergültig zu finden und
1905 2550 3060 2615 Seine Tätigkeit erstreckt sich aber nicht nur auf solche
744 2572 1892 2644 des Publikums verhältnismäßig gut bekannt. Man weiß,
153 2586 746 2660 n doch empören, wenn man
1891 2584 3065 2659 wissenschaftliche Vorträge, Rezitationen und Konzerte; er
743 2610 1898 2687 daß Wien die ersten volkstümlichen Universitätskurse des
174 2633 739 2698 daß Institutionen, auf die
1906 2628 3065 2704 hat in seinen Volksbibliotheken eines der wichtigsten Bil¬
747 2663 1894 2724 europäischen Kontinents eingerichtet hat, daß von hier
161 2673 735 2742 in und die nirgendwo besser
1897 2686 3059 2761 dungsmittel geschaffen, dessen segensreiche Früchte un¬
747 2684 1906 2770 aus die Bewegung sich auf die Provinzuniversitäten
166 2720 743 2781 dten gleich gut angetroffen
1915 2720 3066 2788 ermeßlich sind. Mit einer einzigen Bibliothek von 1000
754 2753 1913 2821 übertrug, daß Deutschland das Beispiel Wiens befolgt
164 2751 739 2829 kennung nicht finden, weil
1906 2766 3064 2844 Bänden und mit 4000 Entlehnungen im Jahre hat er
745 2787 1900 2863 hat. Was aber vielleicht nicht von allen gewußt wird
162 2790 741 2884 icht im Ausland, geschweige
1910 2796 3079 2878 (1887) seine Tätigkeit begonnen. Heute stehen seinen
754 2831 1905 2902 und Sterns Buch übersichtlich darstellt, das ist einmal
185 2839 742 2914 sich auf dem europäischen
1909 2847 3068 2928 Lesern in 13 Bibliotheken 180.000 Bände zur Verfügung
744 2870 1902 2943 die außerordentliche Frequenz dieser Kurse und dann
160 2893 750 2966 wesen zu solcher Blüte ent¬
1908 2897 3074 2977 und die Zahl der Entlehnungen wird in diesem Jahre die
743 2913 1906 2985 ihre innere und äußere überlegenheit über sämtliche
171 2941 742 3009 bissen aber nur sehr wenige.
1900 2937 3072 3023 zweite Million erreichen. Nicht als Konkurrent, sondern
755 2951 1910 3031 volkstümlichen Hochschulkurse der Erde. Es ist nicht zu
171 2958 752 3054 daran, das Vorhandene als
1913 2982 3078 3053 als hilfsbereiter Mitarbeiter steht der Verein Zentral¬
756 2993 1904 3073 viel gesagt, wenn man die Gesamtzahl der Hörer an allen
171 3020 746 3094 n, ja achtlos zu übersehen.
1907 3032 3079 3103 bibliothek ihm zur Seite. Die wissenschaftliche Abteilung
753 3047 1904 3122 österreichischen Universitäten in den 15 Jahren des Be¬
172 3053 746 3136 erfreulich, daß der, ernsten
1907 3080 3072 3137 der Zentralbibliothek kann von den Lesern des Volks¬
761 3084 1912 3160 standes der volkstümlichen Kurse auf mehr als eineinhalb
160 3120 756 3172 n Eugen Diederichs in Jena
164 3157 3086 3241 iber amerikanisches Volks= Millionen veranschlagt. Die Lemberger Universität allein! bildungsvereines benutzt werden, wogegen der Volksbil¬
