3296 4256
2051 53 2370 131 de
908 193 1385 315 box 38/4
159 215 758 331 2. Cuttings
502 907 613 1009 6
498 973 1403 1133 absolutalgs ##nnse deuszot
493 1122 1755 1226 aware of a keener and quicker brain.
796 1164 2948 1350 I an howerer conpalled to aduit tnat thers is a sort of Freena)
494 1316 2936 1505 sonary between Jews. Ve unconsciously feel cur war to one another more
513 1480 3023 1626 quickl, than ve do to gentiles. Thers is a readder unspoken understanding,
501 1603 3004 1756 But hos far this iupdies an actual being different on our part I hesitate
512 1750 812 1903 to say
805 1912 3048 2043 Vh anti-Seuitisn has gained so nuch in strength recently?I think
519 2026 3017 2175 it has to de with the general state the world is in at present - Renenber
2323 2080 2695 2204 04, 68#
520 2147 2887 2324 that a ware of hate has swept over the peocles of the gauld, anf that
522 2252 3010 2450 nate is a verv real deeß rooted instinct, ghich nust have its vent onde
527 2441 2895 2556 it is aroused. Sons ooject nust be found fer it, and it is therefore
519 2544 3011 2680 not unnaturally, that it ooncentrates on a secticn of the connunity that
521 2659 2997 2831 engoys a certain traditional privelege of persecution, a section of the
520 2791 2997 2965 ccnnunity, noreoher, Nhich for sone reason er other is veakened by un ex¬
524 2888 3049 3087 cessive ebfectivity and by a certain inclina tion to self anlyses, and is
539 3092 1768 3247 therefore perhaps à readéer rictin.
828 3172 2936 3382 De I thing tnat tue Jeus are a creative pedpler I nost unbs¬
559 3274 3065 3553 sttattagl: ansser that 1 do. Lock at tue naues tnat tne ve can snon rithin
1708 3436 1886 3536 Jeia
554 3447 2965 3681 a shost space of tise. in nuste Richari Strauss and Gustar Nahler In
579 3571 3019 3780 painting Van Lisbernann, in literaturs s chole nost of nanes . Vore than
576 3657 3004 3901 tnat 1 beltere #e arc on verge of great leutsn renaissance. Who+ Ux.
590 3762 2952 4057 absue Mug 1e Kal Judann, nas & dugen Ide 2e#¬
