3296 4256
1736 45 2364 252 —
873 197 1346 298 box 38/4
125 198 736 333 2. Cuttings
1370 442 2627 690 ARTHUR SGHNITTLER: 4 NA· SHOTE
2649 439 3128 680 Za
374 634 481 866 7
437 899 2979 1088 lie strikes one as a nan cho nseds all tue ferce of his persch ality te Heep
2395 973 3088 1109 + gl Seai
406 1035 2919 1185 his overvhelning brains queit. That is the doninant inpression I had aftar
405 1139 2905 1319 tventy minutns of the nost inspiring talk I have enjored vith anv nan for
352 1311 842 1432 h nonths
854 1415 3001 1595 In a a tnis inpressich conas as a surprise. 7or there are in
418 1532 2979 1742 Schnitzler’s vriting certain qualities of suavity which lige the outword ge¬
411 1731 2862 1886 serve of a vell mannered person, are only the outcone of good artistis
404 1817 2942 1967 breeing, put shich to superficial people belie the real teuperanent both#
420 2012 3062 2126 of the artist and the nan. Egen a syupathetic and inaginitive study of Sehn##¬.
413 2115 2897 2312 Rohnig-ler ’s vorks vill not alvars correct the error, and that is vhy#l
423 2236 2880 2394 as deubt less nany others, have ione bafore me, cans ta hin, axpectingto
413 2348 2859 2486 find a perschality cold, polished and courteous, a nan of urbane soep¬
416 2469 2998 2689 ticisn, and gentle dist llusionnents, a tenperauental agnostic, chastened of
421 2646 1372 2796 both anger and enthousiasn.
818 2778 2875 2954 Of ccurse all these things are precisely, vhat Schniteler 4
418 2866 2929 3071 is not. Tue first thing that striges one about hin, is ## nost lov####
426 3055 2864 3250 varnth and fapetuousness He is voth nentally an: physicaly a young nan,
424 3197 2934 3387 despite his years. His ere is clear, his chnplexion rosey, and his grey K
435 3325 2817 3510 hair and beard are shot vith streaks of blond. In his nantal attituda
434 3439 2970 3664 Schniteler is equally vouthful. Thataver subliegt he touches, he is inedi¬
451 3547 3049 3766 atel, on fire. Bis vhole haart is in his talk, and he spends hinself in it a
446 3684 1684 3863 as recklessl, as a boy of eighteen.
2681 3999 2785 4145 100
