3392 4256
628 136 730 205 W
921 251 1635 330 n das Schicksal
432 257 715 332 Die Fr.
154 248 2196 361 4.1. Dage anamsnmngensal box 7//4
408 1211 1573 1300 —
1787 1235 2487 1320 —
127 1276 454 1363 Machbruck vervolen,
636 1298 1645 1369 Die Handlung ist im Weimar des alten Goethe.
1712 1315 2801 1382 auf Hof und Klerisei sich nicht zum Naturalismus be
550 1312 1654 1392 Dort blüht die Geheimrathsfamilie Schnaase. Mit deren
1710 1359 2804 1419 kennen, der sich allenthalben die Bühne eroberte. Nur
557 1388 1646 1452 Zierde, dem überaus blonden Söphchen, verlobt sich der
1716 1404 2767 1484 aber scheint es, daß der Naturalismus, der je
203 1346 452 1495 Tace
557 1425 1649 1493 junge Arzt Heinrich Urban. Die Schuaases sind der
1709 1438 2796 1523 zu schmelzen aufing, sobald er an die Sonuch
549 1478 1650 1537 Inbegriff wohlhabend=wohlanständiger Selbstzufriedenheit,
1718 1490 2799 1572 gelangte, nichts Rechtes mehr zu sagen hat. An posthumen
549 1516 1650 1588 kleinstädtischer Nüchternheit und Beschränktheit. Heinrich
1720 1530 2817 1605 Produlten und Prodnzenten sehlt es nicht und wird es
548 1563 1646 1616 ist anders geartet; Airthur Schopenhauer, der in dieser
1718 1572 2802 1625 auch in den nächsten Jahren nicht ganz fehlen, aber es
549 1610 1651 1668 Zeit in Weimar weilt, ist sein Freund. Bald erkennt
1717 1615 2801 1706 ist unverkennbar, doß diese „Schule“ ihre Bestimmung
99 1616 485 1702 loß mit der An¬
550 1653 1650 1712 der Bräutigam, daß seine Schwärmerei eine verhängniß¬
1724 1652 1962 1725 erfüllt hat.
105 1681 481 1750 velt“ von Helene
558 1684 1652 1755 volle Selbsttäuschung, daß das Innere des hübschen
1788 1697 2802 1776 Der Stillstand veraniaßte Experimenle, Rückblicke,
98 1719 484 1787 führt werden solle.
545 1726 1650 1812 Mädchens unsäglich altbacken, flach und kleinlich ist, daß
1719 1735 2799 1825 Nachlese, Wiederbeledungsversuche. So brachte das
105 1769 474 1834 stattgesunden. Die
557 1774 1639 1843 sie sich als echte Schnaasin fühlt. In Lori, der herz¬
1729 1793 2800 1866 Schauspielhaus jängst, nachdem es wohl sämmtliche be¬
96 1813 487 1874 ste Bühnendichtung
551 1810 1639 1893 kranken, seelenstarken Tochter einer unverehelichten
1717 1834 2806 1906 kannten modernen Einakter gegeben, eine zweite Szeue aus
106 1855 494 1923 titunter ewas teu¬
545 1865 1646 1931 Schneiderin, lernt er den idealen Gegensatz zu seiner
1723 1877 2798 1947 Aithur Schnitzler's „Angiol“, nach dem „Abschieds¬
102 1907 147 1961 e.
131 1899 484 1965 seit Jahren in
545 1907 1647 1974 Braut kennen. Die beiden Wahlverwandten finden sich,
1720 1932 2805 1994 souper“ die „Frage an das Schicksal“. Anatol, der
96 1943 477 2011 obe in der Shat
539 1953 1638 2021 aber nur für kurze Tage schönster Seelengemeinschaft.
1735 1964 2799 2037 isthetisch raffinirte Lebemann, dem das Spielen mit
101 1989 484 2047 Falschmeldung be¬
542 1995 1648 2070 Das Mädchen sterbt. Heinr h, den seine Braut aus
1730 2009 2788 2081 Leben und Wahrheit, das sophistische Belügen der
109 2030 472 2088 ister über Dir“!
547 2030 1639 2090 Rücksicht auf „die Leute“ noch nicht freigeben will, bleibt
1710 2055 2792 2122 innersten Stimme halbbewußt und doch unentbehrlich ist,
97 2073 473 2131 ie behaupielen, be¬
540 2091 1644 2157 allein zurück, um frei zu werden und zu leben, weil
1703 2102 2790 2163 wird als charakteristischer Typus des modernen Wiener¬
112 2116 484 2185 Hoftheater während
536 2112 1336 2185 Lori es sterbend von ihm gefordert hat.
1698 2126 2799 2208 thums und der „Moderne“, die über den Garcon und
115 2165 481 2223 daß von Zeit zu
600 2164 1644 2220 Neben durchaus Undramatischem ist manches trefflich Ge¬
1706 2179 2795 2238 das kleine süße Mädel jelten hinauskam, einen gewissen
405 2210 464 2263 je¬
113 2201 270 2262 'sche Sti
542 2209 1641 2279 lungene, mauche außerordentliche Feinheit in Helene
1698 2220 2785 2293 literarhistorischen Werth behalten. Aber auch künstlerisch
412 2251 466 2320 8.
101 2247 285 2308 gswelt“,
543 2255 1622 2326 Böhlau's spätem Erstlingsdroma. Aber Ungleichmäßigkeit,
1694 2267 2791 2339 haben diese leicht hingeworfenen, srivol=sentimentalen
103 2292 275 2349 ilistertitel
550 2298 1626 2359 Stilunreinheit bleibt doch das Kennzeichen des Ganzen.
1702 2306 2801 2371 Szeuen voll Selbstironie einen für die deutsche Bühne
126 2338 268 2389 nebensä
539 2339 1634 2408 So atmen die Schnaase=Szeuen einen künstlerisch noch
1696 2372 2801 2431 nicht selbstverständlichen Reiz: Sicherheit des Griffs,
99 2363 286 2435 er künstli
533 2386 1637 2466 nicht ganz verdauten Ingrimm gegen alles Pharisäer¬
1700 2407 2799 2451 Eleganz der Mache. Der seinen Schnitzarbeit war ein
117 2426 271 2491 auch der
544 2435 1633 2486 und Philisterthum, der geiegentlich allzu unmittelbar
1704 2441 2801 2497 plumpes Ding beigesellt, eine mit dem Küchenbeil er¬
110 2473 185 2522 en
549 2477 1636 2539 hitzig losschlägt, aber auch viel Treffliches hervorbringt.
1691 2479 2778 2552 zeugle Skulptur: Die angebliche Komödie „Helden¬
117 2511 222 2564 Bern
546 2514 1627 2590 Wiederholt stören unerträgliche Längen; den Schluß, der
1694 2538 2785 2600 spieler“ von einem Berliner, Max Gebhardt. Der
117 2555 206 2611 1. 2
529 2563 1641 2615 von zarter, storker Lyrik erfüllt ist, beeinträchtigt ein:
1691 2578 2788 2658 ungeschickte Zweiakter, der höchst genialisch in „einen
109 2597 205 2650 hereit
541 2604 1630 2672 Allzuviel an allzu schönen Worten. Die Benutzung
1687 2612 2787 2685 Auszug mit einem Vorspiel“ zerlegt ist, wird wohl nicht
106 2643 200 2695 lärt
556 2646 1630 2692 Schopenhauer's zu einer ziemlich grotesken Nebenfigur
1689 2664 2791 2729 weit reisen. Es ist eine Posse, in der sich dilettantische
134 2683 271 2741 die B
547 2691 1621 2741 hätte die Dichterin uns besser erspar; durch die druck¬
1690 2697 2782 2778 Pfissigkeit mit modernesein=wollender Nüchternheit und
118 2720 255 2786 jeder
543 2739 1625 2778 reifen Aureden dieses seines Vertreters an kleine Back¬
1690 2754 2780 2812 urväterlicher Schwankkomik lieblich vereinigt, um die
110 2771 260 2847 dichtung
543 2776 1630 2847 fische wird sein Andenken nicht gerade geehrt. — Die
1684 2797 2784 2857 alten Zerrbilder der angejahrten, heirathswüthigen
125 2818 248 2870 aber
536 2821 1620 2889 ungleichmäßige Aufnahme des Stücks, das vortrefflich
1689 2838 2782 2902 „Dichterin“ und des unreisen Dichterlings (im Sammt¬
101 2853 253 2916 Gewand
543 2866 1623 2947 dargestellt wurde, darf als freundlicher Achtungserfolg
1688 2870 2782 2952 flaus und in der längen Locken Zier) wieder auf die
94 2900 228 2961 ineswe
537 2905 905 2968 bezeichnet werden.
371 2909 455 2963 ter¬
1692 2919 2764 2991 Bühne zu zerren. Die Komödienidee, Heldenspieler,
86 2945 248 3005 lt. Es
395 2952 456 3004 m
611 2925 1625 3014 Dem Münchner Schauspielhaus muß man das
1749 2964 2765 3039 I. Komödianten des Alltagslebens vor die Lupe zu
97 2987 251 3058 us eine
318 2995 448 3050 n den
532 2980 1624 3062 Verdienst lassen, daß es im ganzen bisher seinen Spiel¬
1684 3015 2421 3068 nehmen, ist im Titel stecken geblieben.
113 3037 461 3092 u. Die sesselnde
524 3033 1623 3101 plan immer auf literarischem Nivean hielt. Das war
1770 3053 2762 3117 Dem Berliner Beispiel folgend, hat das Schauspiel¬
104 3075 457 3138 irgend wesentliche
547 3087 1615 3130 nicht allzu schwer, da diese einzige Münchner Privat¬
1685 3090 2772 3161 haus, um der Repertoirnoth abzuhelsen, nun auch eine
114 3109 471 3180 worden; nur der
532 3128 1623 3176 bühne zur Pflege ernsthafter Dramatik erst seit wenigen
1688 3148 2770 3205 „Ausgrabung“ vorgenommen. Solcher Thätigkeit steht
115 3164 458 3222 im Stück unter¬
528 3167 1622 3220 Jahren besteht und in der angenehmen Lage war, die
1696 3189 2772 3249 ohne Zweisel noch ein weites Feld offen. Zwar wird die
91 3204 469 3269 azu geößtentheils
541 3216 1615 3270 im Lauf des letzten Jahrzehnts in Berlin und anderswo
1681 3222 2765 3291 Zahl der älteren dramatischen Meisterwerke, die im Ver¬
94 3248 455 3312 he Pistole wie ein
529 3269 1611 3321 erprobten Werke der modernen Bühnenliteratur zu über¬
1702 3275 2776 3338 borgenen schmachten, während sie doch für uns unver¬
120 3291 471 3366 sämmtliche Akte
529 3305 1621 3364 nehmen; denn die Hostheater dursten (trotz vereinzelten
1689 3307 2768 3366 minderten Werth besäßen, nicht übermäßig groß sein.
521 3342 1628 3428 kühnen Vorstößen ins Morderne) doch aus Rücksicht
1684 3354 2779 3436 Aber wie viel respektables Mittelgut könnte wieder aus
