3392 4256
1207 189 1682 264 Schicksal
850 195 1192 265 an das
597 196 773 269 Fra
438 198 603 269 Die
181 181 2210 309 4. 1. Deege an dus Leniensar box 7/4
517 911 1327 992 0 Dr. Max Goldschmiet
686 964 1328 1058 Büro für Zeitungsausschnitte
1041 995 1495 1066 Teleion: Norden 3051
504 1014 785 1090 BBRLIN N4
732 1209 1418 1349 pedishe Prisse Tarlsruhe
943 1297 1274 1446 —15 Ma
1713 1431 2983 1489 im Aufbau. Nancy gehört zu jenen Frauen, für die ein Mann nicht
513 1442 1615 1562 Moderner Komödienabend.
1700 1481 2973 1547 ausreicht. Sie ist zu voll von Verheißungen und lügt auch zu gut
1708 1525 2975 1582 und mit zu großem Liebreiz. Im Hausfreund findet sie den er¬
420 1526 526 1608 4
747 1531 1364 1618 Kammerspiele im Konzerthaus.
1720 1564 2974 1606 sehnten Geliebten. Daraufhin wird die anfangs sehr problematische
1718 1604 2967 1660 Ehe so glücklich, daß Freund Jermer sagen kann: „Wo in aller Welt
491 1592 1703 1656 Der Sommer naht, und damit eine gewisse Theatermüdigkeit.
1715 1638 2976 1696 findet man wohl drei Menschen, die gemütlicher und besser zusammen¬
422 1640 1713 1703 Man verlangt nach leichter, anregender, aufreizender Kost. Der
1709 1682 2970 1746 leben und sich unbedingter aufeinander verlassen können als Dein
428 1683 1704 1745 moderne Komödienabend, als Kammerspiel gedacht, entsprach diesem
1705 1719 2972 1788 Mann und wir beide)“. Da kommt ein neuer Freund ins Haus.
426 1728 1702 1767 Geschmacke. Eine glückliche Hand vereinigte zwei innerlich ver¬
1705 1770 2969 1830 Nancy, die Abwechslung liebt, würde am liebsten mit dreien kut¬
429 1767 1708 1837 wandte Dichter; den Wiener Arzt Arthur Schnitzlex und den
430 1803 1696 1857 Dänen Peter Nansen. Beide vollendete Krüller der Frauen¬
1711 1806 2975 1865 schieren, um keinem Wehe zu tun. Der tadellose Jermer jedoch
423 1842 1705 1897 seele, beide glänzende Meister der eleganten Erzählerkunst. Bei
1708 1845 2975 1906 tritt ab als schweigender Ehrenmann und räumt seinen Platz dem
425 1894 1704 1952 beiden verfeinert sich der Naturalismus zu genauester Beobachtung
1708 1890 2975 1946 andern. Bald erlebt er die Genugtuung, auch seinen Nachfolger kalt
1710 1930 2980 1982 gestellt zu sehen. Ein köstliches Dreiblatt steht am Schluß beisammen:
423 1924 1708 1989 des Seelenlebens. In Arthur Schnitzlers Werken lebt der Geist
1710 1964 2983 2017 der wissende erste Freund voll humorvoller Resignation, der jüngere
443 1966 1698 2044 Des sinnenfrohen, nachdenklichen Wienertums, bei Peter Nansen die
422 2018 1598 2069 liebenswürdig=leichtsinnige Erotik der Kopenhagener Kultur.
1698 1996 2980 2074 zweite Freund, der in seiner Erklärung die neue Sachlage noch nicht
1712 2045 2982 2111 begreifen kann und der überglückliche Ehemann, der von alledem
503 2036 1703 2117 Schnitzlers Einakter: „Die Frage an das Schicksal“ ist
1702 2086 2981 2141 nichts ahnt und noch immer gerührt ist über die Anhänglichkeit seiner
417 2088 1702 2153 dem Anatolzyklus entnommen. Anatol ist der Typus des künst¬
1719 2134 2973 2204 entzückenden Frau zu ihrer alten Tante Leue. die sie regelmäßig im
419 2138 1701 2184 lerisch angehauchten Wieners der seine erotischen Gefühle und Sor¬
1715 2170 2967 2234 Stift besucht. Mit Wehmut der eine, mit Wut der andere, so ge¬
426 2165 1695 2232 gen mit Andacht genießt. Mit der Gewissenhaftigkeit eines Arztes
1709 2209 2985 2273 denken beide Hausfreunde der Zeit, wo sie selbst in ihrer Junggesellen¬
419 2199 1707 2283 beobachtet er die feinsten Stimmungen seiner Seele und erkennt den
431 2245 1698 2317 ewigen Wechsel der flutenden Gefühle. Wie kann er an die Bestän¬
1707 2249 2977 2316 wohnung als „gute, alte Tante Lene“ durch Nancys heimlichen Be¬
431 2279 1704 2360 digkeit der Liebe eines Weibes glauben? Von Zweifeln zermartert
1699 2287 2981 2357 such beglückt wurden. Der Name der Firma besteht noch, die Teil¬
1711 2333 2981 2413 haber aber haben gewechselt. So rundet sich das geschickt aufg c##te,
431 2331 1700 2392 möchte er doch Gewißheit über das Gefühl seiner Geliebten haben.
1700 2368 2381 2438 geistvolle Lustspiel wundervoll ab.
425 2376 1704 2441 Sein überlegener Freund Max rät ihm, sie zu hypnotisieren und
432 2410 1705 2485 auszufragen. Im richtigen Augenblick erschreckt Anatol doch vor der
1780 2411 2974 2473 Diese pikante Komödie wurde vorzüglich aufgeführt. Char¬
425 2449 1707 2516 Schicksalsfrage zurück. Steht nicht die Illusion, die glücklich macht,
1711 2452 2978 2503 lotte Kunze vergriff sich zwar anfänglich als unbefriedigte Gat¬
429 2489 1702 2568 höher als die nackte Wahrheit, die ein Glück zerstört? Ist hoffnungs¬
1702 2499 2990 2567 tin etwas im Ton, aber entfaltete bald als verstohlene Liebhaberin
424 2534 1709 2597 reiche Unsicherheit nicht besser als hoffnungslose Gewißheit? So ver¬
1706 2536 2998 2609 eine Fülle reizvoller Weiblichkeit. Sie gestaltete Nancy zu einer
424 2570 1712 2642 spricht die leichte Pla=verei in die heitere Melancholie des Augen¬
1715 2585 2988 2649 lügenden und beglückenden Eva. Ganz prächtig spielte Paul
430 2609 1700 2678 blicksgenusses. Ein großes Fragezeichen steht am Ende. Die Resig¬
1710 2621 2986 2687 Müller. Als Christian Mogensen strahlte er in seinem unver¬
429 2656 1709 2744 nation des mondänen Zweiflers. Die Frau bleibt für ihn ein un¬
1708 2657 2984 2727 besserlichen Optimismus förmlich vor Eheglück. Er schuf um sich
423 2680 780 2750 lösbares Rässel.
1704 2708 2992 2748 eine Atmosphäre heiterer Zufriedenheit, die geradezu ansteckend¬
499 2738 1703 2805 Dieser Einakter kann nicht leich und natürlich genug gespielt
1702 2743 2981 2792 wirkte. Alles in allem ein Prachtskerl von Ehemann trotz seiner
433 2774 1700 2845 werden. Im weichen Wiener Ton müßte die liebenswürdige Plau¬
1703 2775 2979 2854 Hörner. Siegfried Nürnberger verlieh seinem Dr. Fried¬
431 2810 1711 2888 derei dahin fließen. Friedrich Beug wirkte als Freund Max
1703 2826 2988 2875 rich Jermer, dem ersten Hausfreund, jene gemessene, selbstsichere,
426 2856 1701 2919 überlegen, klug und elegant. Alfons Kloeble gestaltete den
1706 2866 2982 2934 eleaante Männlichkeit, der keine Frau vom Typ der Nancy wider¬
415 2890 1705 2956 komplizierten Anatol zu bewußt, ohne warme naive Selbstverständ¬
1715 2906 2979 2972 stehn kann. Großartig spielte auch Alfons Kloeble den auf¬
448 2936 1706 3011 rchkeit, und geriet gegen Ende zu stark in die Nähe des Schwankes.
1710 2950 2971 2996 geregten, raschen Hausfreund Nr. 2, Martin Wie er sich im Haus
425 2975 1698 3046 Es fehlt ihm die gefällige Nonchalance des weltmännischen Wieners.
1709 2992 2967 3045 Mogensen einführte, wie er im Schlußakt die Kunde seiner Ent¬
427 3021 1706 3094 Herma Clement fand sich in der mehr passiven Rolle der Cora
1712 3031 2979 3084 ihronung aufnahm. das gehört zum feinsten und originellsten, was
416 3058 1713 3128 besser zurecht und spielte mit Absicht weniger Dame als Wiener Vor¬
1706 3071 2981 3121 Kloeble auf der Bühne gezeigt hat. Diese Art handfester Komil
426 3095 1702 3171 stadtmädel. — Die Aufmachung der Szenerie schien manchem Ge¬
1711 3111 2975 3171 liegt ihm offenbar besser als die heiter=melancholische Weise des fein¬
429 3138 1705 3214 schmack etwas zu ausdringlich, aber es muß auch für das Kammer¬
1708 3149 2974 3194 zeistigen Genießers Anatol. Elly Murhammer betrat als
429 3183 1702 3240 spiel im Konzerthaus erst noch die richtige Einstellung gefunden
1710 3190 2980 3239 elegante, blasierte Frau Dr. Jermer nur kurz die Bühne. Hansi
417 3220 1700 3299 werden Und das war das letztemal nicht leicht vor allem wegen der
1711 3227 2975 3289 Vauer, das Dienstmädchen hätte etwas zurückhaltender sein dürfen.
416 3280 1698 3332 unerträglichen Störungen des zu spät kommenden Publikums Bei
1712 3269 2970 3329 Friedrich Beug hatte als Regisseur das Spiel aut abgestimmt.
425 3302 1704 3368 dem Lärm und dem durch die Türen einfallenden Tageslicht kann
1707 3311 2977 3395 Er ließ den Geist der witzigen Dichtungen durch sich selbst wirken und
420 3328 2865 3403 keine intime Stimmung zustande immen. Während des SpielsI vermied jede Effekthascherei. Das zeugt von gutem Geschmack.
426 3380 1249 3450 sollte keine Türe geöffnei werde# ürfen. —
1767 3387 2979 3460 Zu große Pausen zogen zum Schaden des Stückes die Spieldauer
507 3435 1702 3491 „Die glückliche Ehe“ von Peter Nansen ist ursprünglich eine
1710 3432 2980 3490 in die Länge. Zudem verdarb eine unvorhergesehene Störung an der
426 3442 1703 3537 reizende Novelle Vor etwa 15 Jahren wurde sie fürs Theater be¬
1714 3482 2978 3555 elektrischen Leitung der Stadt die Einkeit des ersten Aktes Ohne
1865 3515 1925 3545 7
423 3510 1696 3566 arbeitet. Eine fast liebenswürdige Ehebruchskomödie in vier Akten
1706 3526 2972 3580 Zwischenfälle wäre der Gesamteindruck des überaus genußreichen
424 3557 2491 3634 Im eleganten Stil des französischen Konversationsstückes; geistreich! Theaterabends sicher noch besser gewesen.
2727 3559 2949 3625 Dr. Raif.
