3296 4224
762 190 1532 274 an das Schicksal
307 200 458 285 Die
533 173 2079 298 räge an aus Lentensal box 7/4
52 205 646 322 4.1. b2 a
2091 848 2744 943 e. Eini uach
186 889 1610 954 Pmente zu handein; zumal jeht, iod „Antleich seine Aktion aufenfsoie
187 902 2733 996 Marokko auszudehnen sucht und mit Hilfe Rußlands einen Gewalt= Deutschland kann es aber durchaus nicht angenehm sein, wenn
1456 972 2755 1042 Italien zerfiele, und so die Macht des Vatikans, der so wie so
176 990 713 1051 streich gegen Tunis plant.
1695 1024 1777 1092 S
1461 1085 2758 1144 Man hebt vor ihm und man weiß ihm doch Gutes nachzusagen. Er
193 1089 1458 1146 das Einkommen aus seiner Privatpraxis auf 300000 Kronen jähr¬
1463 1115 2761 1191 straft und er spendet Segen. Der österreichische Hofhaushalt soll“
187 1136 1455 1193 lich. Der einzige Sohn Nothnagels ist ein Gelehrter, wie der Vater.
1456 1176 2575 1242 jetzt nächst dem preußischen der musterhaftest geführte sein.
192 1189 1460 1246 Und dieser Sohn erschoß sich wegen einer Weibergeschichte. Man
1515 1199 2749 1279 Bah, der Kaiser von Oesterreich könnte auch die frühere Wirth¬
202 1233 1467 1300 wollte in Wien mehr dahinter suchen. Es steckt aber nicht mehr
1464 1271 2751 1337 schaft verschmerzen. Da giebt's Geld genug. Freilich hat der
195 1278 1470 1340 darinnen. Eine Liebesnarrethei! Dem jungen Gelehrten ist der
1460 1315 2741 1395 Monarch für den Haushalt von vielen Erzherzogen und Erzherzo¬
191 1334 1471 1392 Kopf mit dem Herzen durchgegangen. Der Vater lehnt sich gegen
1465 1358 2755 1439 ginnen zu sorgen. Den jüngsten Haushalt hat Se. Majestät jüngst
190 1382 1461 1436 diese Verirrung auf. Der Sohn erschießt sich. Dümmer hätte das
1454 1408 2748 1485 gestiftet. Des Kaisers Enkelin, Elisabeth, ist großjährig geworden.
192 1422 1467 1489 Schicksal das sprichwörtlich gewordene Glück des Professors Noth¬
1460 1454 2744 1528 Ich sehe die schlanke junge Dame, mit dem schmalen Gesichte, aus
202 1474 1009 1536 nagel nicht ad absurdum führen können.
1460 1510 2754 1578 dem eine Welt von Güte leuchtet, oft das Burgthor passiren. Sinnend
259 1497 1464 1578 Und auch den Direktor Jahn haben wir in diesen Tagen be¬
1460 1553 2741 1627 lehnt sie im Fond des Wagens. Tiefer Ernst umschattet die sym¬
174 1590 1473 1642 graben. Vor fünfzehn Jahren war er der bewunderte Reformator
181 1628 2752 1670 der Wiener Hofoper. Herr Gott, erfand man damals Superlative pathischen Züge. Es ist noch nicht lange her, daß sich die Mutter
185 1651 2759 1730 für diesen Mann. Das kaiserliche Theater blühte jäh unter ihm vom Herzen der Tochter losgerissen hat. Es war die Kronprinzessin¬
1459 1697 2753 1764 Wittwe, die jetzt den viel bescheideneren Namen einer Gräfin
189 1725 1473 1786 empor. Er brachte Zucht und Ordnung in eine Gemeinschaft von
1470 1747 2755 1813 Stephanie Lonyay führt. Der gütige Kaiser hat nicht lange den
181 1762 1471 1836 Halbgöttern. Er drückte ihnen die Faust aufs Auge. Ich bin
1467 1779 2767 1861 Bitten der Schwiegertochter widerstanden. Aber die junge Prin¬
187 1807 1474 1886 Euer Herr, ich allein! Und Ihr dürft keine Götter haben neben
1461 1836 2755 1920 zesß. Dean will wissen, daß es da viel Thränen setzte. Daß dieses
589 1863 1473 1938 aWI. Der zeitgenässische Ruhm trug ihn
1464 1901 2755 1974 kaiserliche Kind seine Mutter festhalten wollte, daß es aus blutendem
1930 1945 2194 2005 Erfolglos!
1460 1952 1950 2026 Herzen aufschrie.
1514 1963 2769 2049 Daran denkt sie wohl, während sie traumverloren im Wagen
1451 2037 2776 2103 lehnt. ... Der Schnarrposten ruft unters Gewehr, die Trommeln
1457 2081 2779 2152 werden gerührt, der Offizier kommandirt mit scharfer Stimme die
1463 2124 2760 2197 Kopfwendung. Und Prinzessin Elisabeth fährt empor. Die Wirk¬
1461 2175 2770 2261 lichkeit. O, es giebt auch für das Enkelkind des Kaisers eine schmerz¬
2043 2231 2673 2306 Bernhard Buchbinder
1460 2240 1817 2323 liche Wirklichkeit.
2365 2296 2580 2401 #00
1654 2365 2541 2476 Freie litterarische Vereinigung.
1838 2439 2353 2525 Sonntag, den 29. April.
1576 2487 2774 2572 „Der Abenteurer und die Sängerin.“#n
1506 2546 2769 2622 Wie im vorigen Jahre, so endete auch diesmal die „Freie litte¬
1469 2606 2751 2670 rarische Vereinigung" die abwechselungsreiche Reihe ihrer Veran¬
1473 2654 2751 2721 staltungen mit einer Matinée im Lobe=Theater, die ein kleines ein¬
1463 2702 2763 2768 leitendes Stückchen und dann erst das eigentliche Werk brachte, das
1465 2745 2769 2814 der Darbietung das Gepräge gab. Nur war diesmal das Wagstück
1465 2803 2768 2869 größer, der Versuch kühner. Schnitzlers „Grüner Kakadu“ mußte
1455 2845 2759 2906 mächtig wirken, idenn nicht — wie nicht zu befürchten war — die
1473 2901 2763 2961 Aufführung zu sehr hinter den Anforderungen des Dichters zurück¬
1473 2951 2757 3011 blieb. Zweifelhafter war es schon, ob das seltsame Gemisch von
1482 2996 2766 3060 farbensprühender Rhetorik und Schwelgen in feinster lyrischer
1470 3042 2760 3107 Stimmung, wie es Hugo von Hofmannsthal bietet, selbst bei vor¬
1452 3085 2765 3153 züglichster Darstellung auf der Bühne nicht blaß und wirkungslos
1468 3140 2755 3198 erscheinen würde. Der Erfolg war weit über Erwarten der Veran¬
1480 3181 2761 3252 stalter gut, wenn sich auch das Publikum sichtlich ziemlich langsam
1471 3237 2758 3299 in die Poesie Hofmannsthals einlebte und an ihr erwärmte. Und
1462 3283 2752 3347 es ist nicht ausgeschlossen, daß bei den bevorstehenden Vorführungen
1469 3325 2760 3402 des Stückes im Rahmen des Lobe=Theater=Repertoires ein in der
1467 3378 2763 3446 modernen Litteratur weniger gut vorgebildetes Publikum sich noch
1465 3439 2024 3504 langsamer erwärmen wird.
1527 3461 2757 3543 Die Matinée begann mit Arthur Schnitzlers, Die Frage
1472 3526 2747 3589 andas Schicksal“. In dem Cyklus der dramatischen Anatol¬
1465 3571 2758 3638 Plaudereien ist „Die Frage an das Schicksal“ im Sujet vielleicht die
1460 3620 2744 3700 interessanteste, in den Details die mindest wirksame. Anatol wird
1463 3671 2760 3741 seit Wochen und Monden von einem Gedanken gepeinigt, ob seine
