3296 4224
751 125 1513 199 an das Schicksal
520 139 641 213 ra
41 113 2070 242 4.1. Die Llege #n #as Lenzensal box 7/4
2222 848 2587 947 Telefon 12801.
752 884 1119 981 Telefon 12801.
1882 885 2861 1038 1 Unternehmen für Zeitungs-Ausschnitte.
2926 965 3132 1040 Ausschnitt
501 986 1400 1061 Unternehmen für Zeitungs-Ausschnitte
1456 1018 1637 1097 Ausscht
519 1070 577 1109 ——
2860 1037 3130 1144 Nr. 29
153 1046 669 1157 Aigeu
2082 1014 2722 1144 „OBSERVER“
1401 1087 1650 1182 Nr. 84
618 1090 1245 1186 JOBSERVER
1666 1116 3127 1196 I. österr. behördl. concess. Bureau für Zeitungsberichte und Personalnachrichten
195 1165 1663 1258 I. österr. behördl. concess. Bureau für Zeitungsberichte und Personalnachricht
1970 1210 2830 1285 Wien, IX/1 Türkenstrasse 17.
505 1247 1367 1342 Wien, IX/1„ Türkenstrasse 17.
1879 1282 2898 1372 — Filiale in Budapest: „Figyelö“, VIII. Josefsring 31 a. —
441 1317 1423 1404 — Filiale in Budapest: Figyelö“ VIII. Josefsring 31a. —
1665 1406 2821 1516 Ausschnitt aus: Kölnisee Zeitung
201 1483 1300 1657 Ausschnitt aus: Hamburgischer Corfteshand¬
1678 1547 2180 1656 vom 24 40 1808.
208 1638 684 1752 vom 70. /. 0e.
1810 1674 3003 1747 86 1Hamburger Schauspiel.] Das Neueste vom Hamburger
1729 1708 2994 1771 Theater soll ich berichten? Ach, das Neueste! Es gibt nichts Neuestes
1742 1770 3002 1815 khier, sondern höchstens etwas Neues, und das ist noch dazu so selten
435 1775 1375 1865 B. Altonaer Stadt=Theater. Zum erssen Mat
1766 1815 1840 1866 Nie
1828 1797 2996 1852 ein Sonnentag an der Unterelbe. Soll ich vielleicht die gute
1751 1847 3001 1898 „Mutter Thiele“ des alten Theaterpraktikers L'Arronge zum Neuen
352 1837 1364 1910 Frage an das Schicksal". Plauderei #
1737 1893 2997 1948 zählen? Ach nein! In andern Städten sind längst auch die thränen¬
355 1902 1399 1960 Arthur Schnitzler. Hierauf: „Eifersucht Lule
1750 1929 2982 1981 seligsten alten Jungfern über die Starrköpzigkeit und schließliche — ach,
963 1943 1464 2006 und Leclercg. Beide
363 1928 939 2014 in— diei Allen vor—.
1761 1967 2979 2025 so rührende — Bekehrung der Alten zur — ergiebigern Dienstboten¬
349 1991 1466 2064 Novitäten hatten sich, dies bereits in einer kurzen
1760 2002 2973 2065 ###e übergegangen. Hier rührt sie die empfindsamen Gemüter all¬
361 2032 1474 2097 Notiz mitgetheilt wourde, bei der Aufführung am Sonn¬
1760 2040 2983 2100 wöchentlich noch ein= oder zweimal: allerdings — das muß ich zum
1765 2083 2982 2130 ichee ihrer Darstellerin am Thalia=Theater, der Frau Schönseldt,
354 2079 1469 2152 abend, den 8. d. M., lebhaften Beifalls zu erfreuen. An dieser
1949 2124 2974 2174 echt künstlerischer Weise. Hand in Hand mit Mutter Thiele
370 2140 1485 2184 Thatsache kann auch die schäriste Kritik nichts ändern. Zu einer
1850 2160 2975 2231 heime Commereienrat Sartorius, der Held von Felir Phi¬
362 2177 1460 2245 solchen geben ührigens die Stücke keinen Anlaß. Der Einaster
2016 2195 2986 2248 Auch er hat sich im Thalin=Theater einenKren von
1736 2180 1812 2251 10
1743 2238 2994 2290 Bewün#eterierwörben, die er nicht selten zu patriotischen Kundgebungen
369 2233 1459 2305 des geistvollen Wiener Schriftstellers Arthur Schnitzler ist zi
1750 2285 2983 2330 veranlaßt, aber künstlerisch nur zwei Acte hindurch zu fesseln vermag.
354 2285 1486 2360 harmlos und unbedeutend, als daß man mit dem Antor wegen
1747 2311 2977 2375 Der ausführliche Münchener Bericht über das Stück legt mir die Ver¬“
351 2330 1474 2393 „der Art und Weise rechten sollte, die er anwendet, um den
1748 2356 2983 2412 pflichtung auf, mich mit diesen Andeutungen zu begnügen. — In der
361 2377 1481 2445 Hypnotismus zur Erklärung des Charakters eines Lebemannes
1744 2396 2981 2454 letzten Woche lag der Schwerpunet des Hamburger Schauspiels in —
1746 2425 2989 2493 Altona. Dort wurde Hermann Fabers Schauspiel „Ewige Liebe“ mit
359 2434 1476 2499 heranzuziehen. Anatole gehört zu jener Species von Männern.
1753 2472 2981 2527 großem Erfolge gegeben. Das nicht uninteressante Stück mit den best¬
366 2473 1466 2544 die das Wort „Wahrheit“ beständig im Munde führen, aber der
1755 2517 2985 2568 gelungenen Episoden ist gleichfalls schon von der Berliner Aufführung
369 2531 1464 2588 Wahrheit in allen solchen Fällen ausweichen, wo ihre Eitelkeit ver¬
1752 2556 2982 2605 her bekannt. Aus Arthur Schnitzlers Hypnotismusplanderei Die
370 2583 1470 2645 letzt werden könnte. Er fürchtet, daß er von der mehr pikanten
1745 2577 2978 2641 Frage an das Schicksm“ Wollen Won  die köstliche Pointe berichten:
1748 2625 2984 2675 Anatol — natürlich heißt er „Anatol“ — hat Angst, daß sein Schätz¬
369 2618 1467 2688 als tugendhaften Cora betrogen wird; aber als er auf den
1746 2668 2984 2723 chen ihn betrügt. Er hypnotisirt das Mädelchen, wagt aber nicht, die
365 2669 1473 2733 Rath seines skeptischen Freundes die Geliebte hypnotisirt hat,
1747 2708 2990 2766 verhängnisvolle Frage an das Schicksal zu stellen. Cora wacht auf.
371 2724 1476 2782 damif sie im Schlase die Frage beantworte, ob sie ihn wirklich
1751 2744 2982 2796 ohne gesprochen zu haben. Man sagt ihr, sie habe die Frage nach ihrer
368 2777 1478 2837 liebe und ihm auch treu sei, geräth er in komische Verlegenheit
1745 2790 2978 2841 Treue mit ja beantwortet. Da zuckt es schelmisch, doch nur ganz, gan
1753 2833 2983 2876 leise um die hübschen Mundwinkelchen: „Ach, ist nicht möglich!“ lispelt
372 2839 1480 2880 wegen Formulirung dieser Frage. Er weckt schließlich die schöne
1754 2872 2972 2915 sie und schließt ihren — Anatol in ihre Arme. — Das Intriquen=,
372 2861 1476 2932 Cora auf, damit sie nicht Gelegenheit erhält, mit der Wahrheit
1758 2914 2980 2952 Ohrfeigen= und Parfüm=Stückchen von Bisson und Leelercg „Eifersucht":
348 2919 1472 2982 „herauszurücken. Der scenische Vorgang ist recht amüsant und auch
1698 2936 2993 2998 Ftes ist, wie sie alle sind, französisch, amüsant, ohne künstlerische Quali¬
2974 2949 3093 3025 lusive
295 2959 1483 3053 50 Die Schlußpointe recht gut herausgearbeitet, die darin besteht, daß
1720 2995 3063 3037 „täten. — Zum Schluß sei noch der Festaufführung von „Wallensteins ae
189 2982 305 3053 Fer
1715 3022 3068 3092 „Lager“ und der „Piccolomini“ gedacht, die uns im Hamburger Stadt= ilbar
287 3016 1473 3081 100 die schöne Dame in ihrer galvanisirten Naivetät selber bezweifelt,
1724 3056 3107 3110 #thealer ein festlich beleuchtetes Haus und angejahrte Theaterrequisiten, Voraus
279 3073 1474 3129 200 sie habe in der Hypnose die Frage wegen ihrer Treue bejahend
1737 3101 2980 3158 gute Durchschnittsleistungen im Einzelspiel und nichts Neues, nichts
283 3114 381 3154 500
1484 3095 1612 3176 praus
379 3108 1481 3180 beantwortet. Als dramatische Kleinigkeit kann der Einakter
1745 3119 3128 3188 Abgeschlossenes im Zusammenspiel und in der Regie, die uns schließlich ist das
269 3141 381 3210 1000
379 3163 1476 3228 recht gut im Repertoire verwerthet werden, zumal wenn so flott
1695 3173 3128 3238 Areinen guten Illo in Herrn Schönfeldt und einen um so mäßigern: es den
1711 3219 3036 3289 Ab Octavio brachte, der Direction aber, wenn auch nicht allzu viel Ehre, n.
189 3221 1484 3272 Abonnen gespielt wird, wie dies den Herren Horvath (Anatole), Otto
1524 3210 1632 3294 4
1758 3247 2983 3311 so doch sicherlich eine gefüllte Casse eintrug. Der patriotisch bismarckische
192 3256 1478 3318 Abonner Max) und Frl. Tetzlaff (Cora) lobend zugestanden werden muß.
1739 3286 3019 3360 Schiller=Prolog Wildenbruchs wurde von Herrn Wagner vorgetragen
461 3303 1476 3360 Das darauf folgende Lustspiel der bekannten französischen
371 3335 1494 3423 Schriftsteller Bisson und Leclercg „Eifersucht“ ist eine höchst
753 3397 1275 3468 der Erklärung die S#
414 3401 683 3473 „kische Aflur
