3392 4256
1254 170 1634 247 Schicksa
1032 175 1186 249 das
920 182 1020 250 an
438 178 805 253 Die Frag
190 213 1811 264 4. 1 „ e K   G4 S G
1425 819 1769 910 Telephen 12.881.
903 949 1606 1049 „UDSERTER
701 1036 1820 1115 1 öeterr. behördl. konz. Unternehmen für Zeltungs-Ausschaltte
902 1077 1640 1167 Wien, I., Concordiaplatz 4.
1109 1129 1442 1206 Vertretungen
707 1154 1803 1261 in Berlin, Basel, Budapest, Chicago, Cleveland, Christianta,
711 1230 1808 1301 Oenf, Kopenhagen, London, Madrid, Mailand, Minneapols,
708 1249 1812 1350 New-Vork, Paris, Rom, San Francisco, Stockholm, St. Petere¬
1111 1310 1408 1365 burg, Toronto.
1017 1344 1414 1408 Gsellenangabe ohne Grog
692 1350 1499 1479 Ausschnitt außlie Zeit, Wier
907 1420 1478 1553 7· IR2 1944 bendblate
706 1507 885 1559 vom:
997 1613 1879 1696 „Concordia“=Matinee. Im Carl=Theater
929 1678 1878 1728 wurde ggestern von dem Journalisten= und
914 1716 1884 1778 Schrifhtellerherein „Concordig“ eine Matinee
919 1768 1884 1835 veranskaltet die vieles) und sehr Intexessantes
919 1813 1882 1888 brachke.4. Eingeleitet, w### die Vörstellung
921 1857 1886 1907 mitSchnitzlers„Die Frage an das
921 1899 1882 1953 Schichsal“. Anatol als Hyppnotiseur, von
922 1944 1891 1999 Jarno vor Jahren meisterhaft gespielt. Gestern
928 1991 1880 2048 spielte Herr Charlé den Anatol, sehr liebens¬
924 2029 1893 2085 würdig und mit diskreter Noblesse. Fräulein
922 2077 1877 2134 Wallentin und Herr Ziegler sekundier¬
927 2120 1882 2176 ten ihm eifrig. Direktor Steinert legte
922 2162 1883 2230 wieder eine Probe seines Regietalentes ab.
1784 2199 1882 2259 im
924 2212 1760 2268 Dann eine Premiere: „Venus
916 2233 1895 2298 Grünen“ ein Fastnachtspiel in einem Auf¬
930 2283 1891 2351 zug von Rudolf Lothar, Musik von Oskar
924 2348 1893 2398 Straus. Man kennt den Scherz vom
932 2388 1885 2436 Deutschen Volkstheater her. Die Versifizierung
925 2429 1888 2492 hat ihm nicht geschadet. Straus hat dazu eine
921 2469 1900 2531 witzige, geistvolle Musik geschrieben, die in
928 2513 1905 2581 einem fein rhythmisierten Walzer ihren Höhe¬
924 2556 1904 2633 punkt findet. Frau Keplinger sang diesen
933 2599 1898 2663 Walzer sehr schön. Frau Zwerenz spielte die
927 2643 1908 2705 Kammerzofe Giulietta und zeigte, daß man
938 2683 1897 2745 auch aus einer kleineren Rolle sehr viel machen
932 2737 1905 2789 kann. Herr Rohr lieh dem Giannino seinen
931 2781 1906 2828 sympathischen Tenor, und Herr Waldemar¬
935 2814 1894 2881 sorgte mit Erfolg für Heiterkeit. Der Einakter
940 2865 1909 2922 wurde sehr beifällig aufgenommen. Osfär
943 2906 1892 2964 Straus, der am Dirigentenpult saß, war
937 2964 1892 3017 gemeinsam mit den Darstellern Gegenstand
940 2990 1905 3053 herzlicher Ovationen. Den Clou der Matinee
933 3046 1908 3098 bildete die Altwiener Operette „Brüderlein
944 3082 1899 3144 fein“ von Leo Fall. Girardi spielte den
935 3133 1898 3187 Domkapellmeister Drexler, Mizzi Günther
928 3167 1911 3240 die Toni und Gerda Walde die Gertrude.
926 3226 1901 3284 Das durchaus stimmungsvolle und musikalisch
940 3261 1903 3320 exquisite Werkchen kam dadurch erst zu voller
941 3308 1898 3359 Geltung. Girardi ergriff als alter Drexler
931 3334 1908 3429 und entzückte als junger Drexler. Ein unver¬
929 3394 1954 3481 gleichlicher Meister, dem die Reaister noch
1807 166 2206 262 box 7/4
1887 1450 2922 1543 willig gehorchen. Den Altwiener Walzer, densh
1889 1526 2852 1580 er mit Mizzi Günther wundervoll tanzte,
1883 1571 2853 1630 mußte er wiederholen. Mizzi Günther
1899 1586 2863 1672 brillierte als Schauspielerin und Sängerin,
1900 1646 2861 1709 und Gerda Walde sang die Jugend ganz
1891 1691 2848 1753 reizend. Sah übrigens auch sehr hübsch aus.
1898 1740 2851 1796 Fall, der die Operette dirigierte, und die
1907 1785 2848 1840 Darsteller empfingen Stürme von Beifall, der
1900 1823 2843 1886 sich bis zur Siedehitze steigerte. Die Matinee
1899 1868 2852 1924 brachte ihren Veranstaltern einen vollen Erfolg.
1949 1914 2854 1968 Der außergewöhnliche Erfolg der gestrigen
1888 1956 2851 2019 „Concordia“=Vorstellung, und die zahlreichen
1895 2002 2838 2071 Wünsche nach einer Wiederholung, die nament¬
1899 2044 2838 2103 lich aus jenen Kreisen laut wurden, die für die
1901 2093 2850 2155 gestrige Matinee keine Karten mehr erhalten
1891 2137 2858 2199 konnten, veranlassen das Komitee, die Vor¬
1893 2188 2856 2234 stellung mit demselben Programm am Sonntag
1893 2223 2868 2289 den 20. d., halb 3 Uhr nachmittags, im Carl¬
1904 2272 2869 2329 Theater zu wiederholen. Der Karten¬
1896 2299 2859 2383 vorverkauf wird Mittwoch, 9 Uhr vormittags,
1900 2356 2866 2438 bei den beiden Tageskassen des Carl=Theaters
1899 2406 2103 2476 eröffnet.
