3296 4224
287 52 467 99 rre
643 54 832 99 n
721 88 1087 141 Besellschaftskreise,
198 77 651 142 Musterexemplar jener
194 122 1240 172 äußerlicher Anständigkeit Bewundernswerthes leisten,
205 167 1240 219 innerlich aber aufs Tiefste angefault sind, deren „bürger¬
201 218 1235 264 liche Moral“ im Sinne höheren Menschenthums nackte
195 254 1249 319 Unmoral ist. Frau Auguste findet es entsetzlich, daß
209 303 1261 353 ihre Tochter das Wort „Geliebte“ auszusprechen wagt,
206 346 1258 401 sie hält jedes Mittel für recht, ihren Jungen vor einer
200 392 1261 455 ernsthaften Neigung zu bewahren, sobald diese Neigung
205 444 1252 488 auf das „Nichtstandesgemäße“ verfällt. Aber liebe¬
217 488 1154 535 voll gestattet sie, daß der Sohn sich
1124 510 1267 571 diese
203 523 1112 579 leichtsinnigen Abenteuern austobt und auf
1121 562 1256 620 Das
208 562 1099 613 Weise für eine Geldheirath reif wird.
1148 611 1265 661 vor
206 609 1148 667 Stück, eine sehr bittere Satire, wurde bereits
216 658 1257 709 einiger Zeit von der Neuen Freien Volksbühne auf¬
245 699 1258 754 eführt, ich habe es damals eingehender besprochen und
221 738 1266 792 auch die Mängel der Arbeit hervorgehoben. Die
229 777 1268 839 Scherze sind öfters mehr pikant und um der Theater¬
249 823 1262 878 irkung willen herangeholt, als in den Charakteren be¬
222 880 1270 930 gründet; die einzelnen Szenen nur sehr lose verknüpft.
261 910 1273 971 iese Mängel werden aber durch die sichere Zeichnung
252 968 1251 1014 r Hauptgestalten und die Lebenswahrheit der ent¬
237 1004 1271 1059 cheidenden Vorgänge durchaus wettgemacht. Trotzdem
224 1047 1257 1100 hat das Stück erst jetzt in der Vorführung des
251 1089 1273 1147 essing = Theaters einen Erfolg errungen,
315 1138 1273 1189 ihm ein längeres Bühnenleben verspricht. Nicht
478 1185 1267 1246 och den meisten Darstellern gelang es,
345 1181 444 1237 aber
273 1221 477 1283 eRollen o
513 1228 1277 1278 s Wirksamste zur Geltung zu bringen.
479 1266 1269 1319 er Gewandtheit gab Lore Jona die
663 1309 1269 1374 kluge Herrscherin des Hauses,
505 1346 1269 1400 Karl Waldow den fragwürdigen
310 1369 357 1416 1
571 1398 668 1456 nkel.
697 1401 1266 1461 ornehm schlicht und fein spielte
377 1400 547 1464 ann von L
750 1445 1276 1504 hterchen vom Hause und mit
660 1444 707 1501 2
287 1447 446 1503 ira Cle
763 1488 1269 1544 Eisenhut das wohl¬
506 1493 595 1548 heit
416 1491 483 1546 Ech
255 1492 346 1548 eckisch
343 1531 791 1593 ne Gänschen. Etwas zu
953 1530 1274 1588 rmig, aber doch
825 1532 929 1589 gleich
986 1572 1272 1633 Elise Sauer
882 1580 958 1630 erte
670 1579 710 1629 ol
233 1579 451 1639 fesselnd und
314 1624 353 1675 V
382 1624 440 1677 lass
890 1626 1263 1678 wie immer Mary
563 1623 842 1677 flott natürlich
703 1665 796 1720 Dien
953 1663 1266 1724 und mit leben¬
823 1663 931 1717 maid,
369 1662 665 1724 #thal die frech
911 1704 1270 1768 runwald das
238 1708 575 1767 iger Charakterisiru
662 1744 1281 1818 Zusammen im Gespann mit der
218 1753 508 1812 Muttersöhnchen.
698 1799 800 1842 Arthi
348 1796 674 1855 Hartlebens ging
833 1797 1280 1883 Sclers ein¬
731 1840 826 1895 Td0
996 1838 1282 1898 as Schick¬
537 1833 606 1902 „ 2
896 1852 939 1892 n
231 1840 451 1907 aktige Pland
368 1883 764 1940 Ein junger Lebemani
789 1885 1270 1942 hypnotisirt sein Liebchen,
224 1888 294 1941 fal
241 1927 1282 1985 im aus ihren Schlafreden über ihre Treue Klarheit zu
259 1972 1272 2026 winnen. Schließlich wagt er es aber doch nicht,
228 2011 1274 2065 die entscheidende Frage an sie zu richten. Der Scherz
235 2056 1276 2111 schlug beim Publikum nicht ein und verhallte ohne
236 2106 1272 2162 Wirerhall. Schnitzlers ewige „Verhältniß“=Schilde¬
222 2152 1269 2198 rungen fangen schon an die Zuschauer zu langweilen.
216 2194 1270 2244 Auch war die „Pointe“ gegenüber dem endlosen Rede¬
224 2228 1278 2291 fluß zu schwach, und die Darsteller, mit Ausnahme
219 2283 1275 2332 Jarnos, redeten nur, ohne zu gestalten, ohne die
213 2315 992 2400 Rollen mit etwas Eigenart aufzuputzen.
807 2358 1239 2457 Heinrich Hart.
2138 767 2498 875 Telefon 12801.
1831 852 3038 964 Unternehmen für Zeitungs-Ausschnitte. Ausschnitt
1993 937 2592 1062 „OBSERVER“
2737 962 3040 1073 Nr. 45
1568 1040 3043 1140 I. österr. behördl. concess. Bureau für Zeitungsberichte und Personalnachrichten
1871 1123 2733 1215 Wien, IX/1 Türkenstrasse 17.
1814 1193 2812 1277 Filiale in Budapest: „Figyelö“, VIII. Josefsring 31a. —
1559 1302 3065 1408 hussehnitt aus Geiched Cemenacn
1975 1406 2753 1502 de
1573 1444 1952 1540 vom 267
1772 1646 2946 1733 Lessingtheater. „Die Erziehung zur Ehe“ Komödie in
1662 1709 2953 1788 drei Akten von O. E Hartleben, wurde vom Publikum mit
1645 1763 2940 1844 vielem Verständniß und daher auch mit gebührendem Beifall auf¬
1653 1836 2946 1896 genommen. Die gute Beobachtung des Lebens und dessen durch¬
1662 1874 2952 1946 aus nicht zimperliche Schilderung geben dem Werk einen nach¬
1662 1912 2962 1996 haltigen moralischen Werth. Es ist eine Sittenstudie, welche
1663 1968 2957 2057 trotz ihrer Herbheit nicht verletzend, sondern wirklich erzieherisch
1666 2013 2943 2092 für die bürgerliche Gesellschaft und deren oft uneingestandene, als
1655 2066 2947 2128 selbstverständlich hingenommenen Mangel an Moral wirken muß.
1662 2117 2956 2188 Willy Grünwald gab in der Rolle des Hermann wieder eine
1647 2165 2944 2238 überzeugende Probe seines vollberechtigten Talents. Neben Elise
1661 2212 2952 2296 Sauer als seine eigentliche Partnerin Meta traten die Damen
1649 2271 2945 2340 Sydow als Zimmervermietherin Buschmann und Jona als Frau
1647 2307 2954 2389 Günther hervor. Letztere hatte die Rolle schnell übernehmen müssen
1646 2363 2937 2437 und fand sich um so überraschender darin zurecht, als sie vorher
1652 2413 2937 2478 noch niemals eine solche Mutterrolle gespielt hatte. Unter dem
1651 2456 2947 2535 Beifall des Publikums erschien neben den Mitgliedern auch
1659 2518 2957 2600 wiederholt der Verfasser. Dem darauf folgenden Einakter „Die
1655 2553 2946 2635 Frage an das Schicksal“ von A. Schnitzler wurde nicht eine
1653 2610 2939 2675 gleich gute Aufnahme zu Theil. Vielleicht lag dies aber mehr
1647 2653 2953 2746 am Publikum, als an dem Werk selbst, für das Hr. Jarno als
1654 2700 2826 2788 Anatol im Grunde genommen doch sehr warm eintrat. —
1768 2754 2041 2821 W##es4
2141 2758 2946 2863 ## Geenmeister“ Lustspiel in 4 Auf¬
1933 2813 2601 2880 Bezugs-Bedingungen.
1548 2848 2487 2936 Far 50 Zeitungsausschnitte (Artikel oder Notizen)
2546 2857 2737 2944 fl. 7.50
1629 2896 1738 2942 100
2748 2899 2929 2967 inclusive
2664 2920 2710 2968 —
1629 2938 1730 2980 200
2767 2950 2905 2988 Porto.
2603 2955 2713 3004 25.—
2762 2976 2924 3018 Zahlbar
1617 2972 1734 3021 500
2560 2989 2718 3051 „ 55.—
2746 2992 2955 3056 im Voraus
1575 3014 1732 3075 " 1000
2556 3028 2716 3083 „ 100.—
1670 3064 2966 3135 Im Gegensalze zu anderen Bureaux für Zeitungsausschnitte ist da¬
1547 3102 2573 3149 Abonnement durch keine bestimmte Zeitdauer begrenzt;
2618 3125 2977 3188 auch steht es de:
1531 3152 2890 3228 Abonnenten frei die aufgegebenen Themen zu ergänzen oder zu ändern.
2611 3219 2995 3296 ——
