3392 4256
1017 190 1653 266 das Schicksal
871 197 993 276 an
596 192 760 275 Fra
177 184 2189 289 4.1. Die ufe Sentensal box 7/4
1095 810 1479 909 Telephon 12.801.
1087 905 1288 1007 P
603 935 1246 1041 „UDSENTEN
368 994 1475 1126 I. österr. behördl. konz. Unternehmen für Zeitungs-Ausschaltte
492 1064 1339 1187 Wien, I., Concordiaplatz 4.
2602 1120 2983 1233 Telephon 12.801.
688 1141 1123 1231 Vertretungen
364 1175 1436 1302 in Berlin, Budapest, Chicago, Christiania, Genf, Kopen¬
359 1233 1447 1354 hagen, London, Madrid, Mailand, Minneapolis, New-York.
2619 1239 2796 1319 Pi.
399 1276 1405 1395 Paris. Rom, öan Francisco, Stockholm, St. Petersburg.
2103 1269 2770 1370 „ODSEHVEN
694 1330 1111 1404 (Guelienangabe ohne Gewährt.
1871 1324 2982 1447 L. österr. behördi konz Unternehmen für Zeitungs-Ausschnitte
337 1350 734 1442 Ausschnitt aus:
2010 1396 2855 1513 Wien, I., Concordiaplatz 4.
343 1430 741 1528 vom: I. URL. 1910
2206 1478 2647 1560 Vertretungen
665 1483 1351 1594 gernenung
1879 1529 2972 1618 in Berlin, Budapest, Chicago. Christiania, Genf. Kopen¬
1877 1574 2963 1665 hagen, London, Madeid, Mailand, Minneapolis, New-Vork,
1926 1615 2924 1705 Paris, Rom, San Francisco, Stockholm, St. Petersburg.
455 1571 1318 1718 Theater und Kunst.
2212 1660 2645 1730 (Guellenangabe chae Gewän.
472 1685 1433 1768 („Concordia“=Matinee.) Ein bis an den Giebel
1863 1687 2255 1778 Ausschnitt aus:
274 1739 1437 1836 kvolles Haus, das ist die Signatur jeder „Conerrkia“=
2009 1722 2816 1848 7ls1 1910 Der Morgen Wien
299 1791 1434 1874 Matinee, dafür bürgt allemal ihre programmatische Eigen¬
1866 1796 2036 1862 vom:
302 1862 1437 1922 arl. Die gestrige Matinee im Carl=Theater, das trtz des
1783 1842 1865 1914 71C 1
1874 1844 2504 1944 — sAnen.
297 1891 1437 1971 herrlichsten Sonntagswetlers von einem distinguierten
1779 1911 2911 1990 □k/Könfordia=Matinée. Zunächst der bereits wiederholt
300 1930 1450 2023 Publikum bis auf das letzte Plätzchen gesüllt war, bracht,
1756 1967 2588 2044 gespfelte Ahatole=Akt „Die Frag
2677 1994 2914 2048 in das
303 1972 1443 2073 zuerst Artur Schnitlers charmanten Einakter „Die
1764 2017 2915 2095 Schicksal“ in einer feinabgetönten Darstellung
306 2047 1443 2109 Frage an das Schicksal“, Anatol als Hypnonsen;
1749 2059 2921 2139 durch die „Neue Wiener Bühne". Frl. Wallentin
313 2094 1435 2162 in Aengsten, vor seiner Geliebten Cora, der er die Lösung
1753 2097 2909 2178 und die Herren Charlé und Ziegler führten die
318 2139 1451 2218 seiner Herzenspein, die Antwort auf die quälende Frage
1757 2136 2915 2235 Stimmen in dem geistreichen Terzett. Hierauf eine Oskar
306 2183 1456 2244 nach ihrer Treue entreißen möchte und doch die Frage nicht
1752 2175 2915 2266 Straus=Première „Venus im Grünen“.
304 2226 1444 2297 wagt, um lieber unbeirrt die Freuden der Liebe zu ge¬
1750 2222 2917 2315 Lothars Karnevalsintermezzo hat in seiner ursprüng¬
1754 2279 2905 2363 lichen Schwankfassung seinerzeit im Volkstheater nicht
306 2276 1450 2346 nießen. Claire Wallentin schlief mit Grazie das
535 2318 611 2371 6n
616 2340 660 2374 #
1752 2323 2905 2398 besonders angesprochen. Der Wert der Operettentext¬
318 2329 1448 2396 hypuotisierte Märihen, die Herren Charlé und Ziegler
1746 2360 2916 2444 unterlage wiegt natürlich auch nicht besonders schwer.
319 2380 1445 2450 gaben in dem stimmungsvollen Milien des Junggeseilen¬
1745 2404 2915 2491 Die Musik bietet ebenfalls keine Überraschungen. Aber
314 2419 1456 2490 heims die beiden vertrauten Freunde. Dann „Venus im
1750 2447 2910 2535 solide Faktur und einige artige melodische Ansätze — ein
319 2467 1447 2549 Grünen“, ein von Oskar Straus veriontes Fast¬
1748 2496 2917 2571 Ständchen und ein Valse lente haben sogar ein Anrecht
311 2535 1483 2612 nachtspiel von Lothar. Den lockeren Faschingsscherz
1745 2522 2900 2596 auf Verbreitung — sichern dem einaktigen Scherzo den
1746 2582 2902 2676 Erfolg. Die Darsteller, das erste Solistenquartett des
281 2588 1459 2681 kennt man schon vom Deutschen Volkstheater; die Straussche
1741 2608 2898 2704 Carl=Theaters, Mizzi Zwerenz, Dora Keplinger,
312 2630 1465 2737 Musik setzt ihm lustig flackernde Lichter auf. Mizzi
1740 2659 2892 2748 Max Rohr und Richard Waldemar gaben ihr
310 2692 1461 2776 Zwerenz und Dora Keplinger liehen den beiden
1744 2716 2902 2775 Bestes. Zum Schlusse das aus dem „Hölle"=Repertoire
314 2731 1457 2824 in Pagenhöschen steckenden Dämchen ihren munter
1735 2758 2893 2835 übernommene, reizvolle Altwiener Genrebildchen
1753 2797 2899 2870 Brüderlein fein“ von Wilhelm und Leo
317 2787 1467 2880 sprudelnden Humor, Herr Rohr sang trotz einem italieni¬
1734 2837 2902 2924 Fall, das in der maßvoll künstlerischen, großen Or¬
319 2829 1465 2930 schen Tenor und Herr Waldemar überschlug sich in
1738 2886 2903 2957 chesterbesetzung nichts von seiner intimen Wirkung ein¬
317 2876 1472 2972 grotesken Banditenmätzchen. Zuletzt das kleine, feine
1735 2921 2889 2987 büßte; mit Alexander Girardi, der Jugend und
322 2921 1463 3034 Operettchen „Brüderlein sein", den Besuchern der
1730 2960 2902 3042 Alter meisterlich auseinanderhielt, mit der Primadonna
319 2987 1464 3056 „Hölle" längst bestbekannt, aber in exquisiter Darstellung.
1737 3013 2898 3095 Mizzi Günther, der das Wienerische der Figur nicht
316 3026 1462 3104 Girardi und Mizzi Günther, teils als greises
1728 3053 2894 3144 recht gelingen wollte, und der anmutigen, sympathischen
312 3072 1475 3167 Jubelpaar, teils als Jungverliebte, ein prächtiges Duo,
1743 3106 2888 3203 Gerda Walde. Alle Mitwirkenden hatten ehrenvollen
324 3114 1482 3207 über dem besonders Girardis Künstlerschaft sonnig leuchtete.
1741 3154 2600 3218 Anteil an der glänzenden Veranstaltung.
327 3167 1480 3248 (Mimi Marlow, die sich's vom Zuschauerraum besah, hatte
326 3217 1472 3295 ihrem weiblichen Original weichere, wienerischere Linien
319 3275 1477 3359 gegeben.) Gerda Walde, rührend als altes Mütterchen und
330 3307 1487 3404 von entzückendem Charme als blühende, fidelnde Jugend.
322 3355 1477 3457 Die von den Klängen der „Flotte Bursche"=Ouverture fesch
333 3398 1474 3482 eingeleitete Darstellung amüsierie das Haus aufs Beste und
333 3459 1468 3533 brachte allen Darstellern sowie den Autoren (Straus und
333 3498 1483 3609 Fall führten selbst den Talistock) wohlverdiente Applaus¬
337 3579 499 3657 salven:
