3296 4224
1575 47 2303 100 nen e Geeene
416 72 573 122 hauptet,
576 80 1572 137 Theilnehmerinnen. Die Gesammtzahl aller Vereinsange¬
1562 90 2546 151 jetzt entdeckt worden. Zwölf Personen wurden verhaftet,
424 109 572 164 1 Platze
2548 113 2734 177 die Sd
583 123 1567 169 hörigen betrug am 1. Januar d. J. 433 gegen 424 im
1562 126 2215 187 darunter der Posthalter der Fahrpost.
414 144 576 210 n seien.
580 160 1572 200 Vorjahre; die Zahl der wirklichen Mitglieder 286. Die
2552 161 2729 221 drei S
425 187 578 255 gerich¬
571 196 1573 255 Zahl der Zöglinge stieg von 124 auf 147. Der Männer¬
2556 208 2740 268 Straß
1878 217 2256 302 Briefkasten.
570 221 1583 289 turn=Gesangverein besteht aus 25 Sängern, die durch ihre
416 259 568 311 imlung,
2552 256 2738 318 todt lie
580 278 1566 323 vortrefflichen Leistungen viel zur Verschönerung der Fest¬
1570 279 2559 329 Schriftliche Anfragen finden nur dann Berücksichtigung, wenn Namen
418 304 568 349 rsitäts¬
1579 324 2554 366 und Adresse angegeben und die Abonnements=Quittung beigefügt ist.
2566 305 2718 368 bracht.
580 313 1566 360 lichkeiten beitrugen. Gelegentlich des Gauturnfestes in
426 341 579 394 in Ver¬
1721 345 2430 403 Anonyme Einsendungen bleiben unbeantworte:.
575 351 1567 396 Wahren erhielt Herr H. Reppel einen Preis mit 45 Punkten.
426 381 573 426 u ver¬
1588 379 2558 438 b T. L. 1. Im Allgemeinen haben die gedachten Be¬
574 392 1570 433 Einnahme und Ausgabe bilanziren mit 3433 # Der
2566 388 2733 462 Arabk
422 416 579 469 hiesigen
575 426 1558 484 Schuldentilgungsfonds schließt mit einem Bestand von 3177 .
1576 423 2549 471 amten nur bei dienstlichen Verrichtungen oder mit besonderer
415 458 566 504 jen un¬
2554 448 2731 511 nieder
1576 468 2562 508 Erlaubniß des Bahnhofsvorstandes freie Fahrt. 2. Loos
581 469 1523 511 ab. Das Vereinsvermögen beziffert sich auf 57,244 M
415 492 572 541 Arbeit
2558 494 2734 557 worden
1571 504 2562 553 Nr. 25,172 der kgl. sächs. Landeslotterie ist in 19/16 durch
418 530 583 583 genom¬
1571 537 2562 585 Ernst Helbig jr. in Erbisdorf bei Brand zu beziehen.
424 564 591 636 eit erst
781 553 1371 642 Theater und Musik.
1562 580 2567 624 3. Der Betreffende muß seine Absicht dem zuständigen Be¬
1570 616 2014 669 zirkskommando anzeigen.
2000 619 2564 668 4. Wegen der früheren Beförde¬
856 622 1298 688 Carola=Theater.
2432 648 2475 687 710
1574 651 2574 725 rung unseres Blattes wollen wir sehen, ob sich Ihr Wunsch
624 669 1560 743 Die Literarische Gesellschaft hat uns in der achten
1571 694 1820 745 erfüllen läßt.
560 702 1578 783 Matinée ein symbolistisch=impressionistisch=realistisches Misch¬
2597 718 2754 794 Zur :
1589 721 2568 792 b Pst. Mk. Wenn die Räthsellösungen bis Freitag Mittag
571 768 1566 819 masch vorgesetzt, das mit einem Prolog aus Arthur
424 748 584 829 seiter¬
1575 776 2564 823 bei uns eingehen und richtig sind, werden sie auch unter
577 808 1574 863 Schnitzler's „Anatol“ anhub. Der Prologos Frl. Riecher's
424 815 579 865 enau,
1562 806 2574 861 den Einsendungen mit aufgeführt und bei der Ausloosung
2599 824 2743 893 Festspi
435 834 2576 903 Thon=(gab sich die erdenklichste Mühe, undeutlich zu sprechen, undberücksichtigt; später eingehende Lösungen können nicht mehr
485 868 1564 935 Inses ist ihr trefflich gelungen. Das Wenige, was wir ver¬
2570 865 2726 931 Klio, die
1576 888 2554 946 berücksichtigt werden, weil die betreffenden Angaben bereits
2555 913 2724 958 Germani
430 925 1570 970 s mit standen haben, war eine so abgeklärte Lyrik, die wir dem
1569 927 2304 978 Freitag Abend zum Satz gelangen müssen.
2560 942 2732 990 Ein alter
585 958 1576 1019 derben Librettisten des „Zigeunerbaron“ nicht zugemuthet
1618 960 2554 1013 H. K. Uns ist ein Lehrer für Harmonikajpiel, nicht
432 966 572 1013 de im
2563 970 2732 1027 Einjung
2562 999 2678 1041 Erster
427 1006 2553 1045 i nach, hätten. Das Publikum ließ das Ganze klanglos in denbekannt, vielleicht erfahren Sie die Adresse eines solchen in
2567 1009 2750 1080 Zweiter
432 1039 1571 1096 er gar Orkus versinken. Dasselbe Schicksal hatte auch Maeterlinck's
1572 1040 2453 1091 hiesigen Geschäften, die Musikinstrumente feilhalten.
2556 1051 2676 1098 Erster
441 1076 1570 1123 in der lsymbolistische Quälerei „Der ungebetene Gast.“ Ein
2564 1079 2714 1139 Zweiter
1610 1059 2570 1140 b F. E. 20. Bis jetzt werden die berechtigten Forde¬
2570 1117 2732 1161 Hauptman
439 1113 1576 1168 bei die lebensmüder blinder Greis malträtirt mit seinen Todes¬
1565 1121 2562 1169 zungen der Schulgesundheitspflege leider noch nicht allge¬
2571 1146 2743 1184 Ein preuß
465 1156 1572 1204 hin=svisionen den Schwiegersohn mit seinen drei Töchtern und
1567 1159 2561 1206 mein erfüllt. Ein 7jähriges Kind sollte unbedingt nicht
2562 1175 2742 1213 Ein hayer
434 1197 1568 1245 lstand, seinen Onkel, welch letzterer den Muth hat, dem alten Quäl¬
1567 1199 2561 1244 mehr als 12 bis 15 Unterrichtsstunden in der Woche haben,
2575 1204 2745 1259 Cherusker
567 1228 1569 1284 geist entgegenzutreten. Hinter den Coulissen spielen noch
434 1230 579 1286 thum.
1569 1232 2574 1282 ton irgendwelchen häuslichen Arbeiten aber ganz verschont
2623 1248 2712 1317 Leb
574 1267 1560 1315 eine Wöchnerin, ein Säugling, eine barmherzige Schwester
1574 1267 2573 1323 bleiben. Die Gesangsübungen sollten bis zum vollendeten
440 1267 586 1325 lehns¬
441 1311 1570 1364 trags=und ein Schatten mit. Außer dem Geschwätz des kindischen
1564 1306 2574 1360 9. Lebensjahre niemals über je ½ Stunde dauern, auch
556 1347 2578 1402 Greises passirt absolut nichts. Die Schauspieler sind zukwöchentlich nur zweimal wiederholt werden. Dagegen müssen
439 1383 2567 1445 ings=lbedauern, denn sie haben die albernsten Plattheiten drei=, [Kindern dieses Alters noch täglich 5 bis 6 Stunden zum
446 1410 1572 1479 aiserslja viermal wiederzukäuen. Das Publikum verdient dafür,
1568 1431 2570 1492 Spielen (womöglich in freier Luft) und zu freiwilliger Be¬
2613 1438 2753 1520 (on
443 1461 1574 1519 s halbldaß es nicht gepfiffen hat, großes Lob. Herr Darmer
1564 1464 2072 1526 schäftigung gewährt werden.
471 1497 1571 1555 sindl hat sich in die Salbadereien des Großvaters gut hineinge¬
1597 1485 2560 1559 b H. K. in N. Der mündlich geschlossene Miethvertrag
2555 1503 2712 1563 Leonor¬
553 1536 1573 1605 funden. Den Vater stattete Herr Waldemar mit der an
1578 1531 2556 1595 ist bindend und der von Ihnen angegebene Grund nicht
2563 1551 2764 1600 Dorabella
2565 1587 2729 1620 Ferrando
443 1559 2566 1628 =Ge=lihm gewohnten Sorgfalt aus. Seine drei Töchter findlgenügend, um deshalb vom Vertrage zurückzutreten. Wenn
2559 1597 2757 1653 Euglielmo
445 1625 2555 1673 theilte Pagoden, die nur zu nicken haben, wenn sie der Großvater über die Dauer des Vertrages nichts vereinbart wurde, so
2564 1635 2760 1677 Marchese 2
458 1662 2557 1718 undsantippt. Der resolute Onkel liegt dem Herrn Piori ganzlgilt nach dem Gesetz bei einem jährlichen Miethzinse bis zu
2566 1667 2771 1732 Despina, K
465 1693 1565 1743 mit=gut. Als der Vorhang zu Arthur Schnitzler's Ausschnitt
1567 1700 2569 1756 150 N halbjährige, und bei einem Miethzinse von 150 M4
451 1733 1569 1786 ernerlaus „Anatol“ aufging, athmete das Publikum auf, denn
1562 1732 2572 1788 und darüber einjährige Dauer des Vertrages, auf welche!
2629 1732 2771 1797 Einl
460 1777 1568 1825 Mit=statt des Krankenzimmers sah man das anheimelnde Heim
1565 1780 2551 1827 Zeit Sie auch für den Miethzins haften, falls das Logis
2566 1771 2757 1844 Repertoi
450 1817 1566 1862 ment leines lebensfreudigen Junggesellen. Besagter Junggeselle
1573 1812 2567 1872 Richt anderweit vermiethet wird oder Sie sich mit dem Ver¬
2610 1815 2756 1862 stellung
2607 1852 2776 1909 Tod d
463 1847 1566 1904 tanz=Anatol ist mit seinem Freunde Max in einer philosophischen
1572 1855 1950 1913 miether nicht einigen.
460 1889 1575 1948 icert, Betrachtung über den Begriff absoluter Treue begriffen, als
1594 1874 2577 1948 b Alter Abonnent. Sie sind als Vater verpflichtet, die¬
462 1933 1578 1983 tige=seine Herzerkorene Cora eintritt und ihn ersucht, sie zu
1567 1926 2577 1982 jenigen Verbindlichkeiten zu erfüllen, die Ihr Kind zum
466 1968 2570 2031 Der=Ihypnotisiren. Warum das alles so gekommen ist, ist Zwecke des Unterhaltes eingegangen ist. Sie können sich
461 2000 1561 2053 ver=vielleicht aus dem Inhalt der ander# Akte ersichtlich, die
1566 2012 2574 2065 von dieser Verpflichtung für die Zukunft befreien, wenn
2591 2020 2766 2092 Lustspiel
449 2045 1565 2093 tutenlwir nicht zu sehen bekommen. Anatol hypnotisirt seine
1565 2047 2573 2097 Sie vor dem Amtsgericht die Aufhebung der väterlichen
1571 2085 2560 2131 Gewalt erklären; bei minderjährigen Kindern kann die väter¬
464 2081 1578 2144 hung Cora, um sie auf Maxens Rath zu fragen, ob sie ihm treu
2569 2072 2774 2144 Cathérine L
2574 2134 2760 2174 Sergeant 2.
1566 2126 2565 2193 liche Gewalt aber nur mit Einwilligung eines dem Kinde
565 2129 1561 2171 sei, hat aber nicht den Muth dazu. Nachdem er sie wieder
459 2129 573 2191 dem
2561 2157 2764 2212 Graf Neipt
565 2168 2405 2216 geweckt hat, verhüllt der Vorhang das lustige Räthsel. Diekhierzu bestellten Vormundes aufgehoben werden.
2570 2189 2702 2229 Fouché
463 2189 2557 2253 r“ Schnurrpfeiserei hat gefallen, hätte aber noch viel mehrß b R. J. in G. Wenden Sie sich an einen Kammerjäger,
2561 2216 2718 2260 Toinon,
567 2240 2566 2291 gefallen, wenn sich Herr Darner zu dem Lebemann Anatolsder Ihnen Näheres sagen kann und es vielleicht übernimmt,
2561 2247 2763 2306 La Rousotte
463 2243 574 2299 ntag
2572 2271 2686 2320 Julie,
463 2295 2559 2324 leip=lbesser eignen würde. Herr Direktor Piori war ein glaub=WSie gegen angemessene Bezahlung in seine Kunst einzu¬
2565 2292 2770 2350 Binaigre, D
1563 2318 1718 2381 weihen.
468 2318 1573 2376 nirt. würdiger Max, mehr kann man von dieser Schattengestalt
2565 2329 2755 2391 Vaboutrin,
471 2357 1576 2418 itt'snicht sagen. Frl. Werner war als Cora in und außer
2572 2357 2726 2405 Roussot,
1596 2338 2558 2412 b W. W., Lindenau. 1. Da über die Dauer des Mieth¬
2572 2391 2734 2434 Jolicoeur,
473 2397 1575 2437 tasie der Hypnose eine liebenswürdige Dame, von Humor ver¬
1565 2397 2560 2448 vertrages nichts vereinbart war, würde allerdings bei 270 2
2570 2420 2755 2475 Ein Apothe
466 2428 1558 2494 flug klärt. Das Hauptinteresse nahm eine Erstlingsarbeit unseres
1573 2438 2554 2485 jährlichem Miethzins einjährige Dauer des Vertrages zu
2569 2460 2742 2515 Nachbarn
473 2468 1573 2529 igen Mitbürgers Franz Adam Beyerlein in Anspruch. Sein
1563 2479 2560 2524 gelten haben, sodaß spätestens zum 31. März gekündigt
2572 2496 2760 2554 Eine Nachb
470 2508 1578 2564 nack Einakter „Das Siegesfest“ ist das Herumtappen eines
1570 2509 2562 2556 werden muß, damit der Vertrag am 1. Oktober beendet ist.
2564 2535 2757 2583 Ein Frisen
479 2548 1571 2614 genbegabten Neulings. Der Inhalt ist die Leidens¬
1569 2555 2553 2600 Wechselt das Haus aber den Besitzer, so können Sie vom
2563 2567 2743 2627 Mathieu,
471 2601 2578 2633 uck=lgeschichte eines Socialdemokraten, der sich zu spätfTage des Besitzwechsels an den Vertrag als gelöst betrachten
481 2633 2567 2673 ust=Idavon überzeugt, daß die Führer genau so wielund dies dem neuen Besitzer anzeigen, denn Kauf bricht
481 2673 2557 2718 mit die Capitalisten auf ihren Nutzen bedacht sind. Hätte der Miethe. 2. Sie gelten bis zur Aufhebung des Vertrages
2554 2661 2721 2725 Napoleon
2554 2710 2744 2757 Chathörine
473 2713 2564 2754 gs= Verfasser den Nebeufiguren ein komisches Gepräge verliehen, jals Wohnungsinhaber, müssen demzufolge auch antheilig
2554 2742 2734 2787 Marschall
570 2749 2558 2791 so hätte das Stück viel mehr Würze und die Tragik mehrfdie Treppenreinigung besorgen. 3. Wie oft die Fenster zur
472 2744 575 2805 und
2558 2775 2699 2811 Fouché, 4
570 2783 2563 2836 Nachdruck. Der Dialog ist mit allen Reizen der sächsischenf Lüftung zu öffnen sind, ist nicht vorgeschrieben, nur für ge¬
481 2793 572 2841 nen
2557 2794 2735 2844 Königin 9
2561 2817 2720 2875 Prinzessir
1560 2824 2557 2873 nügende Lüftung der Wohnung ist zu sorgen. 4. Den
567 2825 1569 2878 Mundart ausgestattet und wurde von der Hilfstruppe des
484 2829 568 2879 in“
2564 2862 2705 2898 Savary,
1564 2858 2558 2911 Schlüssel brauchten Sie nicht herauszugeben, Sie müssen
480 2860 1575 2913 un=Herrn Piori meisterhaft behandelt. Der Socialist Franz
2569 2887 2720 2927 Graf Nei
1572 2905 2555 2953 dann aber Jemand stellen, der in der Wohnung anwesend
478 2898 1568 2947 nor Härtel, der sich nicht zum willenlosen Werkzeug der Führer
2562 2915 2721 2961 Despréau
2554 2946 2706 2984 Madame
1570 2942 2530 2989 ist, um eine Besichtigung zu ermöglichen; der Wirth i
569 2939 1568 2996 mißbrauchen lassen will, ist vom Autor nicht mit besonderer
478 2943 577 2994 in¬
2561 2969 2706 3018 Herzogin
483 2975 2550 3047 m=Intelligenz ausstaffirt, gewann aber durch Herrn Walde=nicht verpflichtet, jedesmal sich von Ihnen den Schlüssel
2562 2998 2713 3047 Frau vor
1568 3019 1867 3075 holen zu lassen.
567 3016 1579 3074 mars tiefdurchdachte Verkörperung an Durchgeistigung.
484 3024 574 3075 ing
2554 3031 2721 3076 Gräsin ve
2555 3060 2716 3107 Frau vor
567 3046 1572 3116 Eine gelungene Figur ist der alte Philister Schirmer, den
1591 3037 2556 3103 b F. Ue. in D. Die Adresse lautet: An Se. Majestät
481 3063 569 3108 lle
2560 3084 2718 3134 Frau vor
564 3098 1553 3146 Herr Stöbe nach vorstädtischem Muster photographirt hat,
1559 3078 2558 3143 den deutschen Kaiser und König von Preußen in Berlin;
477 3093 569 3148 er¬
2564 3113 2728 3170 Frau von
2025 3137 2068 3163 11
575 3130 1551 3185 ohne ihn zu retouchiren. Frl. Werner und Frl. Reuter
489 3140 572 3186 em
1562 3133 2561 3183 Fe Anrede: Allerdurchlauchtigster, Großmächtigster Kaiser
2561 3143 2707 3190 Brigode,
2560 3182 2724 3219 Chevalier
570 3177 1561 3223 zeichneten ihre Volksfiguren ebenfalls nach natürlichen
1567 3169 2551 3219 und König, Allergnädigster Kaiser, König und Herr!; im
485 3169 571 3233 in¬
2562 3207 2728 3249 Lauriston,
1148 3207 1553 3279 zu den Volksscenen
1566 3206 2558 3272 Texi: Ew. kaiserliche Majestät oder Allerhöchstdieselbe;
570 3207 1149 3276 Vorlagen. Die Kneipe bot
494 3213 582 3262 ¬
2554 3234 2729 3273 Canonvil
1186 3238 1562 3298 Die drei Volks¬
899 3250 1166 3303 Hintergrund.
1570 3241 2133 3307 Unterschrift: allerunterthänigster.
494 3246 897 3308 nd einen passenden
2564 3257 2715 3307 Mortema
2559 3281 2698 3342 Vicomte
1577 3270 2545 3336 & b K. A. in L.=V. 1. Wer der den Meldeschein ertheilende
499 3292 583 3342 en
2559 3329 2706 3363 Jasmin,
1571 3322 2559 3371 Eivilvorsitzende der Aushebungsbezirke Leipzig=Stadt und
572 3334 1566 3382 angemalt. In der äußeren Erscheinung haben die Herren
503 3333 574 3383 ig.
2562 3346 2716 3391 Constant
572 3372 1556 3420 [Darmer, Götze und Piori ihr Möglichstes gethan, um
1561 3364 2547 3408 L=Land ist, konnten Sie aus den in unserem Blatte wieder¬
486 3376 574 3421 lt,
2551 3375 2707 3420 Roustan,
2556 3404 2709 3457 Leroy, ei
579 3408 1568 3456 dem Ideal der professionellen Wanderprediger so nahe als
1561 3407 2550 3457 hhlt erschienenen Bekanntmachungen desselben und auch aus
486 3413 571 3458 gen
2556 3430 2713 3481 Cop, ein
1563 3440 2552 3486 dem Adreßbuche ersehen; das Bureau befindet sich Wilhelm¬
577 3449 1566 3500 möglich zu kommen. Auch schlugen sie den richtigen Ton
468 3440 564 3495 deren
2565 3463 2714 3516 Ein Die:
576 3484 1567 3531 an. Die schwache Seite des Stückes ist die Logik. Man
1564 3480 2553 3530 Seyfferthstraße 2, Geschäftsstunden sind von 8—1 und 3 bis
447 3473 570 3535 Nann
2603 3487 2723 3551 Kam
1563 3516 2568 3569 6 Uhr. 2. Die Meldungen sind zu richten an das Kom¬
576 3515 1560 3572 weiß nicht, warum Härtel nicht längst aus der Partei
477 3526 575 3573 war
575 3554 2571 3607 herausgetreten ist und warum ihn der Genosse Gelfert er=tando des 7. Infanterie=Regiments „Prinz Georg“ Nr. 106
465 3563 574 3616 agen
481 3598 576 3657 der
564 3593 2615 3659 sticht. Am Schluß des Stückes ertönte ein geller Pfiff, demkoher an das des 8. Infanterie=Regiments „Prinz Johanns#e
481 3635 1882 3699 tei=Jaber ein orkauartioer Beifall und vielmaliger Hervorruf der Georg“ Nr. 107.
2572 3620 2729 3697 Aufanz
645 3786 1289 3898 A
691 3863 1289 4006 AWa
