3296 4224
1692 131 2108 227 box 7/4
948 139 1576 206 das Schicksal
516 138 664 220 Fra
797 160 912 218 an
90 138 495 229 4.1. Die
326 160 1588 251 a. I.    G K  — enenenenenenenentenenenen
1119 497 2128 581 Wie ich soeben lese, hat Freiherr von Heereman im
1046 561 2121 615 Reichstag das erschütternde Wort ausgesprochen: Die
1048 609 1778 652 Kunst soll etwas Schönes darstellen.
1780 609 2121 668 Es scheint nach¬
1046 662 2142 718 gerade, daß unsere Volksvertreter die Gesammterziehung
1054 697 2123 753 des deutschen Volkes in Erbpacht nehmen wollen.
1058 739 2128 806 Nachdem neulich Herr Paasche den Propheten gespielt
1058 783 2118 835 und uns über das Wesen und die Aufgaben der
1058 827 2123 893 wahren Religion den Text gelesen, weiterhin Herr
1061 867 2114 921 Lieber lustig die Pritsche gegen die moderne Kunst ge¬
1061 917 2116 963 schwungen hat, geht nunmehr Herr von Heereman
1058 953 1212 1014 daran,
1319 955 1915 1021 Aesthetik zu reformiren,
1909 963 2017 1019 sie
1061 1002 2121 1070 den Anschauungen von anno dazumal zurück zu
1057 1036 2109 1101 reformiren. Vielleicht übernehmen die Herren
1154 1097 2129 1147 ihren übrigen Thätigkeiten auch noch die
1052 1129 2120 1189 ständige Kunst=, Musik= und Theaterkritik. So
1055 1177 2113 1239 lange das aber noch nicht geschehen ist, wollen wir die
1069 1225 2121 1284 Erscheinungen der Kunst etwas weitherziger auffassen,
1055 1275 2112 1329 als Herr von Heereman, sintemalen im Laufe der
1058 1304 2120 1374 letzten fünf Jahrtausende noch kein Philosoph, geschweige
1055 1363 2117 1417 ein Reichstagsabgeordneter eine genügende Erklärung
1053 1393 2113 1447 von dem was schön ist zum Besten gegeben hat. Ein
1054 1442 2114 1504 Maler, der einen Kretin vollendet wiedergiebt, kann
1054 1489 2122 1549 mit dem Gemälde ein giltiges Zeugniß seines Könnens
1055 1535 2111 1583 liefern; aber „schön“ ist der Kretin auch im Bilde nicht;
1052 1577 2115 1628 die Behauptung, daß das Widrige durch die künstlerische
1052 1624 2111 1674 Darstellung zu etwas „Schönem“ werden könne, heißt
1063 1666 2109 1726 mit der deutschen Sprache Unfug treiben. Die Kunst
1125 1712 2101 1769 zu gestalten, Empfindungen, Anschauungen, Per¬
879 1711 988 1786 Für
2103 1721 2276 1791 Inclusive
1012 1728 2249 1808 0e sönlichkeiten so lebendig und deutlich zu gestalten, j Porto.
1228 1788 2274 1852 Stimmung, die sich in der Seele des  Zahlbar
966 1790 1142 1852 200 baß
2105 1817 2307 1884 iim Voraus
967 1838 2115 1889 500 Künstlers regt, das Bild, das in seiner Vorstellung lebt,
967 1880 2315 1944 1000 von dem Genießenden möglichst klar und bestimmt de ist das
1055 1931 2347 1981 nachempfunden und nachgeschaut werden kann. Ob beig eht es den
902 1952 1041 2025 Abonn
1058 1970 2233 2028 dem Gestalten eiwas Liebliches oder Grausiges, Er= fdern.
901 2013 1045 2080 Abonn
1053 2021 2116 2070 habenes oder Gemeines, ein Ideal oder eine Fratze
1053 2057 2140 2121 herauskommt, das hängt von ganz andren Faktoren,
1057 2117 2142 2176 als von der Kunst, dem Können ab, nämlich von dem #
1059 2162 2109 2212 allgemeinen Kulturstand einer Zeit und der menschlichen
1056 2202 2121 2238 Eigenart des Schaffenten. Wenn die Kunst den Zweck
1051 2235 2119 2297 hätte, nicht Andres, als das Schöne darzustellen, dann hätten
1061 2287 2124 2329 Shakespeare, Dante, Juvenal und Rabelais zeitweilig stark
1059 2330 2117 2377 in Anti=Kunst gemacht, und —— Otto Erich Hartleben,
1049 2375 2107 2425 der Verfasser der Komödie „Die Erziehung zur
1048 2413 2115 2484 Ehe“ wäre geradezu ein Prophet, ein Rafael der
1052 2451 2106 2509 Anti=Kunst. Mögen die Schönheitsästhetiker sich noch
1047 2496 2125 2571 so sehr in Sophismen, in Dialektik winden, um den,
1036 2551 2119 2609 Begriff „Schön“ als Maßstab des Künstlerischen fest¬
1049 2598 2102 2659 zuhalten, das werden sie denn doch dem gesunden
1043 2643 2108 2680 Menschenverstande nicht beibringen, daß die Heldin
1042 2687 2107 2752 jener Komödie, die verwittwete Bankdirektor Auguste
1046 2718 2011 2785 Günther „etwas Schönes“ sei. Und doch
1053 2764 2109 2822 sie künstlerisch eine vorzügliche Schöpfung. Ein
1052 2811 1513 2870 Musterexemplar jener
1509 2815 2104 2875 Gesellschaftskreise, die in
1050 2856 2098 2902 äußerlicher Anständigkeit Bewundernswerthes leisten,
1041 2904 2114 2946 innerlich aber aufs Tiefste angefault sind, deren „bürger¬
1043 2946 2105 3004 liche Moral“ im Sinne höheren Menschenthums nackte
1043 2990 2103 3031 Unmoral ist. Frau Auguste findet es entsetzlich, daß
1043 3030 2113 3098 ihre Tochter das Wort „Geliebte“ auszusprechen wagt,
1052 3072 2109 3137 sie hält jedes Mittel für recht, ihren Jungen vor einer
1044 3133 2099 3188 ernsthaften Neigung zu bewahren, sobald diese Neigung
1046 3170 2099 3217 auf das „Nichtstandesgemäße“ verfällt. Aber liebe¬
1049 3207 1488 3263 voll gestattet sie,
1487 3210 1877 3275 daß der Sohn
1897 3210 1990 3267 sich
1052 3246 2125 3311 leichtsinnigen Abenteuern austobt und auf diese
1045 3292 2105 3347 Weise für eine Geldheirath reif wird. Das
1050 3341 2110 3400 Stück, eine sehr bittere Satire, wurde bereits vor
1044 3393 2096 3444 einiger Zeit von der Neuen Freien Volksbühne auf¬
1046 3431 2101 3486 geführt, ich habe es damals eingehender besprochen und
1045 3476 2103 3529 auch die Mängel der Arbeit hervorgehoben. Die
1049 3516 2109 3560 Scherze sind öfters mehr pikant und um der Theater¬
1041 3563 2108 3625 wirkung willen herangeholt, als in den Charakteren be¬
1052 3607 2105 3655 gründet; die einzelnen Szenen nur sehr lose verknüpft.
1049 3647 2104 3696 Diese Mängel werden aber durch die sichere Zeichnung
1043 3697 2103 3751 der Hauptgestalten und die Lebenswahrheit der ent¬
1053 3739 2098 3804 scheidenden Vorgänge durchaus wettgemacht. Trotzdem
1052 3785 2095 3839 hat das Stück erst jetzt in der Vorführung des
1049 3832 2097 3877 Lessing = Theaters einen Erfolg errungen,
1045 3868 2099 3933 der ihm ein längeres Bühnenleben verspricht. Nicht
1044 3921 2099 3970 allen, aber doch den meisten Darstellern gelang es,
1042 3959 2109 4026 ihre Rollen aufs Wirksamste zur Geltung zu bringen.
1049 4000 2101 4050 Mit vollendeter Gewandtheit gab Lore Jona die
1040 4046 2093 4096 moralische Mutter, die kluge Herrscherin des Hauses,
