3392 4256
1738 235 2135 333 box 7/4
780 243 1608 317 an das Schicksal
530 250 688 325 Fra
1445 302 1620 358 une eleshenene
118 251 1327 360 4.1. Die Mage anads den
389 1172 2431 1258 #sarun mn#amen m
1517 1247 2517 1303 Die Handlung ist im Weimar des alten Goethe.
1429 1292 2535 1355 Dort blüht die Geheimrathssamilie Schnaase. Mit deren
612 1254 1019 1375 Feuilleion.
1443 1350 2531 1409 Zierde, dem überaus blonden Söphchen verlobt sich der
365 1296 579 1448 8a
1442 1381 2530 1454 junge Arzt Heinrich Urban. Die Schuaases sind der
1030 1313 1341 1463 Taas
1444 1425 2535 1485 Iubegriff wohlhabend=wohlanständiger Selbstzufriedenheit,
1438 1474 2531 1520 kleinstädtischer Nüchternheit und Beschränktheit. Heinrich
558 1395 1079 1552 Müachner Brief.
1433 1517 2531 1584 ist anders geariet; Arthur Schopenhauer, der in dieser
616 1528 1023 1618 Von Willy Math.
1442 1557 2528 1615 Zeit in Weimar weilt, ist sein Freund. Bald erkennt
1439 1598 2530 1652 der Bräutigam, daß jeine Schwärmerei eine verhängniß¬
349 1583 1377 1652 Mein letzter Münchener Brief schloß mit der An¬
1432 1651 2540 1706 volle Selbsttäuschung, daß das Innere des hübschen
257 1644 1373 1720 kündigung, daß ein Stück „Alltagswelt“ von Helene
1437 1685 2537 1751 Mädchens unsäglich allbacken, fluch und kleinlich ist, daß
272 1688 1362 1749 Böhlau im Residenztheater ansgeführt werden solle.
1509 1730 2523 1784 sich als echte Schnaasin fühlt. In Lori, der herz¬
1435 1735 1510 1785 sie
265 1745 1370 1794 Inzwischen hat nun die Première stattgefunden. Die
1446 1772 2542 1841 kranken, seelenstarken Tochter einer unverehelichten
273 1781 1379 1839 mit allgemeiner Spannung erwarteie erste Bühnendichtung
1453 1812 2533 1874 Schneiderin, lernt er den idealen Gegensatz zu seiner
274 1822 1388 1890 der begabten und selbständigen, nur mitunter etwas ten¬
1459 1866 2532 1918 Braut kennen. Die beiden Wahlverwandien finden sich,
274 1874 1372 1934 denziös angekränkelten Erzählerin, die seit Jahren in
1441 1900 2531 1970 aber nur für kurze Tage schönster Seelengemeinschaft.
272 1910 1380 1963 München heimisch ist, hat die Feuerprobe in der That
1438 1948 2530 2006 Des Mädchen stirbt. Heinrich, den seine Braut aus
264 1959 1380 2012 bestanden. Dennoch muß ich mich der Falschmeldung be¬
1446 1990 2531 2041 Ru#ksicht auf „die Leute“ noch nicht freigeben will, bleibt
262 1996 1381 2052 zichtigen: man spielte das Stück „Philister über Dir“!
1435 2037 2536 2110 allein zurück, um frei zu werden und zu leben, weil
274 2039 1374 2099 Aber ich bin schuldlos. Wie Einge.veihle behaupteten, be¬
1433 2077 2223 2150 Lori es sterbend von ihm gesordert hat.
265 2088 1376 2138 schränkte sich das literarische Leben im Hoftheater während
1502 2094 2532 2187 Neben durchaus Undramatischem ist manches trefflich Ge¬
264 2122 1380 2179 der ersten Wochen der Saison darauf, daß von Zeit zu
1431 2161 2523 2219 lungene, mauche außerordentliche Feinheit in Helene
274 2181 1385 2229 Zeit ein neuer Name für das Böhlan'sche Stück nachge¬
1435 2207 2527 2261 Böhlan's spätem Erstlingsdroma. Aber Ungleichmäßigkeit,
262 2223 1370 2287 liefert wurde. So ward aus „Alltagswelt“, „Alltags¬
1441 2254 2529 2312 Stilnureinheit bleibt doch das Kennzeichen des Ganzen.
273 2257 1199 2326 leben“ und anderem schließlich der Philistertitel.
1447 2299 2530 2348 So atmen die Schnaase=Szeuen einen künstlerisch noch
365 2292 1377 2360 Diese Titelsucht ist nicht so garz nebensächlich, sie
1432 2333 2533 2399 nicht ganz verdauten Ingrimm gegen alles Pharisäer¬
266 2347 1344 2399 steht in innigem Zusammenhang mit der künstlichen Ent¬
1437 2394 2532 2437 und Philisierthum, der geiegentlich allzu unmittelbar
264 2393 1345 2443 stehung der Komödie. Die Erfahrung auch der jüngsten
1443 2422 2536 2479 hitzig losschlägt, aber auch viel Treffliches hervorbringt.
257 2433 1375 2496 Vergangenheit lehrt, daß das Mißtrauen gegen Dichter
1433 2467 2541 2532 Wiederholl stören unerträgliche Längen; den Schluß, der
275 2479 1376 2529 und Dichtungen, die ihren dramatischen Beruf nachträglich
1432 2515 2537 2568 von zurter, starker Lyrik erfüllt ist, beeinträchtigt ein
265 2523 1374 2582 entdecken, selten ungerechtfertigt bleibt. Der geborene
1435 2558 2528 2609 Allzuviel an allzu schönen Worten. Die Benutzung
265 2567 1371 2614 Dramatiker sieht und schafft von vornherein dramalisch;
1438 2595 2534 2653 Schopenhauer's zu einer ziemlich grotesken Nebenfigur
268 2608 1374 2661 schreiht er einmal eine Novelle, so erklärt er damit, daß
1437 2640 2538 2709 hätte die Dichterin uns besser erspart; durch die druck¬
266 2653 1344 2703 ihm der Stoff eben als ungeeignet für die Bühne er¬
1436 2695 2532 2748 reifen Aureden dieses seines Vertreters an kleine Back¬
273 2696 1381 2755 schien. Es ist kein leerer Wahn, daß jeder eigenartige
1438 2735 2549 2789 fische wird sein Andenken nicht gerade geehrt. — Die
264 2735 1380 2803 Sroff seine adäquate Form habe, die der Dichtung angeboren
1431 2766 2529 2834 ungleichmäßige Aufnahme des Stücks, das vortrefflich
264 2780 1370 2843 sei wie die Haut dem Körper, nicht aber sie locker
1437 2820 2527 2897 dargestellt wurde, darf als freundlicher Achtungserfolg
271 2816 1365 2875 umhüllen dürfe wie ein beliebiges Gewand. So ist
1421 2860 1798 2936 bezeichnet werden.
273 2882 1343 2925 auch „Philister über Dir!“ ein keineswegs uninter¬
1513 2878 2525 2963 Dem Münchner Schauspielhaus muß man das
271 2918 1288 2981 essantes Werk, als Ganzes doch verfehlt. Es leidet
1434 2945 2525 3008 Verdienst lassen, daß es im ganzen bisher seinen Spiel¬
273 2961 1293 3019 Makel seiner Geburt; es entstand aus einer von
1432 2990 2523 3055 pian immer auf literarischem Niveau hielt. Dus war
269 2999 1370 3058 altweimarischen Geschichten der Böhlau. Die fesselnde
1436 3038 2534 3101 nicht allzu schwer, da diese einzige Münchner Privat¬
267 3054 1375 3097 Novelle „Verspielte Leute“ ist ohne irgend weientliche
1438 3086 2534 3144 bühne zur Pflege ernsthafter Dramatik erst seit wenigen
269 3089 1372 3152 Beränderungen für die Bühne adaptirt worden; nur der
1443 3128 2526 3189 Jahren besteht und in der angenehmen Lage war, die
267 3133 1367 3191 Selbstmord des Novellenhelden wurde im Stück unter¬
1442 3161 2520 3220 im Lauf des letzten Jahrzehnts in Berlin und anderswo
266 3173 1372 3225 drückt, wiewohl die Vorbereitungen dazu größtentheils
1424 3207 2517 3267 erprobten Werke der modernen Bühnenliteratur zu über¬
267 3223 1380 3285 stehen blieben und eine Schopenhauerische Pistole wie ein
1428 3263 2529 3316 nehmen; denn die Hoftheater durften (trotz vereinzelten
270 3275 1376 3336 fürchterliches Schickalsinstrument durch sämmtliche Akte
1456 3305 2526 3373 tühnen Vorstößen ins Morderne) doch aus Rücksicht
289 3310 600 3381 sagleumwir
2630 1175 3143 1266 ——
2588 1243 3234 1306 auf Hof und Kwrisei sich nicht
2594 1305 3221 1365 kennen, der sich allenthalben die
2586 1334 3204 1412 aber scheint es, daß der
2590 1372 3216 1445 zu schmelzen aufing, sebald
2590 1423 3226 1486 gelangte, nichts Rechtes mehr zu
2591 1475 3235 1545 Prodpkten und Produzenten jehl
2594 1513 3220 1571 auch in den nächsten Jahren nich
2591 1564 3222 1632 ist unverkennbar, daß diese „S
2590 1601 2833 1674 erfüllt hat.
2685 1622 3208 1718 Der Stillstand veraulaßte
2599 1691 3177 1738 Nachlese, Wiederbelebungsver
2600 1737 3146 1787 Schauspielhaus jüngst, nacht
2588 1779 3159 1847 kannten modernen Einakter gege
2583 1816 3217 1894 Arthur Schnitzler's „Angtol“
2598 1868 3223 1928 sonver“ die „Frage an das
2598 1914 3189 1972 asthetisch raffinirte L#emann,
2587 1941 3180 2009 Leden und Wahrheit, das
2604 1994 3222 2053 innersten Stimme halbbewußt um
2598 2036 3229 2091 wird als charakteristischer Tyyus
2590 2077 3231 2137 thums und der „Moderne“, die
2589 2111 3235 2184 das kleine süße Mädel selten hin
2588 2164 3224 2230 literarhistorischen Werth behalten.
2595 2206 3241 2269 haben diese leicht hingeworfen
2597 2243 3207 2311 Szenen voll Seldstironie einen
2589 2292 3209 2362 nicht selbstverständlichen Reiz:
2599 2343 3225 2396 Eleganz der Mache. Der seinen
2600 2380 3219 2449 plumpes Ding beigesellt, eine
2600 2412 3223 2495 zeugle Skulptur: Die angeblich
2598 2465 3224 2535 spieler“, von einem Berliner,
2625 2516 3220 2573 ingeschickte Zweiakter, der höch
2598 2549 3222 2608 Aufzug mit einem Vorspiel“ zer
2592 2606 3221 2661 weit reisen. Es ist eine Posse,
2598 2640 3226 2697 Pfissigkeit mit modern=sein=woll
2591 2688 3219 2749 urväterlicher Schwankkomik lieb
2583 2722 3229 2790 alten Zerrbilder der angejahr
2599 2769 3215 2837 „Dichterin“ und des unreisen D
2600 2810 3231 2886 flaus und in der längen Locke
2597 2862 3218 2912 Bühne zu zerren. Die Komödie
2646 2904 3223 2960 i. Komödianten des Alltagsl
2586 2943 3230 3002 nehmen, ist im Titel stecken gebli
2676 2986 3224 3051 Dem Berliner Beispiel folges
2585 3016 3224 3090 haus, um der Repertoirnoth al
2591 3074 3179 3143 „Ausgrabung“ vorgenommen.
2584 3104 3182 3179 ohne Zweisel noch ein weites F
2590 3162 3231 3227 Dahl der älteren dramalischen M
2599 3206 3208 3273 borgenen schmachten, während s
2600 3249 3227 3310 minderten Werth besäßen, nicht
2610 3298 3232 3372 Aber wie viel respektables Mitt#
