3392 4256
205 154 426 238 4.1.
643 151 771 226 Fre
488 144 609 225 ie
916 152 1693 232 an das Schicksal
433 171 1694 272 Kn kn.   ne. S S. Se  en enenenenenenenenenenenenenen.
614 260 1445 370 Wien, I., Concordiaplatz. 4.
810 344 1226 425 Vertretungen
481 413 1555 474 in Berlin, Budapest, Chicago, Christiania, Genf, Kopen¬
468 455 1561 533 hagen, London, Madrid, Mailand, Minneapolis, New-YVork,
519 484 1516 560 Paris, Rom, San Francisco, Stockholm, St. Petersburg.
814 533 1234 590 (Quollenangabe ohne Gewähr).
460 571 836 645 Ausschnitt aus:
668 629 862 703 3 1910
462 688 597 739 vom:
463 730 619 769 M
876 684 1397 791 Heuss Wisdar
574 783 1504 852 Carltheater. Bei einer vom Journalistenvereine
482 850 1503 891 „Concordia“ gestern im Carltheater veranstalteten, glänzend
485 879 1506 925 besuchten Matinee war wieder einmal zu sehen, welch
483 930 1508 987 schöne Vorstellungen durch die Zusammenfügung von Ein¬
484 976 1508 1036 aktern geboten werden können, wenn die Auswahl eine
482 1007 1511 1075 geschmackvolle ist und die kleinen Stücke von künstlerischen
481 1075 1516 1127 Kräften getragen werden. Auf einen Artur Schnitzlerschen
482 1122 1510 1170 Lustspieldialog, der weltkluge Psychologie in ein leichtes
478 1156 1500 1218 und heiteres Gewand kleidet, folgte als „Fastnachtsscherz“
486 1219 1516 1270 altitalienische Novellenromantik mit neuem Aufputz, in ein
486 1251 1516 1314 modernes Operettengewand gehüllt, und darauf wieder eine
484 1304 1506 1365 Szene von ganz andrer Art, ein treuherziges Stillebenbild
472 1348 1518 1398 aus dem alten Wien. Den Anfang machte „Die Frage
480 1397 1513 1442 an das Schicksal“, jener Einakter aus Schnitzlers Anatol¬
479 1437 1514 1517 „zyklus, wo Anatol vor Verlangen brennt;über die Treue seiner
486 1488 1515 1548 Geliebten Gewißheit zu erlangen, aber als früh erfahrener
485 1536 1515 1594 Frauenkenner schließlich doch das Dunkel der Aufklärung
478 1582 1518 1643 vorzieht. Die Darstellung hatte die Neue Wiener Bühne
487 1636 1522 1688 übernommen. Herr Charlé verbreitete volles Licht über
483 1673 1506 1751 die Gemütsstimmung des zweifelnden und doch vor der
484 1702 1515 1784 „Frage an das Schicksal“ zurückschreckenden Verliebten.
483 1785 1505 1828 Fräulein Wallentin gab dem „füßen Mädel“ mit
479 1825 1512 1882 einigen leichten Zügen der Sprache das Wienerische Gepräge.
479 1864 1521 1926 Als zweite, schon etwas umfangreichere Gabe erschien eine
488 1910 1518 1969 kleine Operette von Oskar Straus: „Venus im
488 1956 1510 2025 Grünen“, die bisher mir in Leipzig gespielt worden ist
482 2007 1502 2054 also unserm Publikum noch unbekannt war. Den Text,
490 2038 1516 2111 bildet Rudolf Lothars gleichnamiges Fastnachtsspiel, das
438 2074 1509 2150 man vor einem Jahre im Deutschen Volkstheater zu sehen
493 2141 1518 2205 bekam, in einer Bearbeitung von Leo Stein. An alte italienische
488 2192 1508 2241 Novellen anklingend, entwickelt sich hier aus einem
486 2234 1503 2303 abenteuerlichen Fastnachtsscherz lustige Räuberromantik
492 2285 1510 2339 und zum Schlusse ein Liebesidyll. Eine Entkleidung wird
485 2333 1514 2387 züchtig in Waldesdickicht verlegt, was doch eigentlich gegen
490 2382 1508 2436 alle Operettenpraktiken verstößt. Da die Musik sehr anmutig¬
490 2424 1514 2488 ist, wird man mitunter an die reizenden Operetteneinakter
488 2475 1513 2529 Offenbachs erinnert. Die Damen Keplinger und
487 2531 1520 2583 Zwerenz, die Herren Rohr und Waldemar wichen
491 2578 1519 2620 glücklich der Verlockung zum Grotesken aus; sie trafen in
494 2610 1514 2671 erfreulichster Weise den musikalischen Lustspielstil. Lebhafter
484 2662 1505 2710 Beifall, das Verlangen nach Wiederholungen und Hervor¬
490 2705 1506 2757 rufe der Künstler wie des Komponisten, der zur
487 2748 1520 2801 Vorstellung eigens aus Paris hieher gereist war,
477 2800 1522 2863 kennzeichneten den großen Erfolg der kleinen Novität. Den
484 2846 1516 2899 Schluß machte Leo Falls gemütvolle Operette „Brüder¬
482 2899 1506 2952 lein fein“ in einer ausnahmsweisen Rollenbesetzung.
492 2941 1518 2989 Alexander Girardi hatte als Domkapellmeister Drechsler
488 2987 1512 3055 nach langer Zeit wieder eine Doppelrolle, in der er bald
491 3033 1517 3093 jung, bald alt sein konnte. Durch sein sonniges Wesen und seine
490 3080 1515 3142 Treuherzigkeit bekam die Figur fast eine typische Bedeutung; sie
495 3124 1517 3181 verkörperte förmlich den Deutschösterreicher. Frau Günther
482 3178 1504 3245 bot gleichfalls durch Wandlungsfähigkeit, erst matronen=,
496 3228 1515 3283 dann mädchenhaft, eine schöne schauspielerische Leistung
495 3285 1518 3330 Fräulein Walde erinnerte als Jugend in ihrer bildhaften
491 3325 1507 3366 Erscheinung an die uns erhalten gebliebenen Figurinen¬
483 3355 1519 3415 blätter aus Raimunds Tagen. Leo Falls musikalischer
497 3404 1515 3464 Humor strebt in diesem kleinen von Julius Wilhelm ver¬
500 3454 1503 3510 faßten Biedermeierstücke nur zarte, rein künstlerische Wir¬
490 3501 1498 3561 kungen an. Wer bleibt ganz ungerührt, wenn „Die Jugend“
490 3558 1510 3616 in der Gestalt, die ihr Raimunds Muse gab, erscheint?
500 3596 1506 3658 Wenn sie sogar alte Leute besucht, also bei Menschen, von
485 3651 1509 3703 denen sie schon Abschied genommen hat, wieder einkehrt,
557 3687 1515 3762 wenn auch nur in deren Erinnerung? Stürmischer
927 3816 1499 3905 und den Komponisten immer
455 3824 921 3901 Beifall rief die Darsteller
461 3878 897 3966 wieder vor die Rampe.
952 3867 1475 3962 1  .
1761 159 2228 268 box 7/4
2671 1015 3040 1112 Telephon 12.801.
2686 1124 2849 1204 Dee
1980 1157 2062 1210 S
2127 1170 2792 1265 „ODSLIVEN
1961 1255 3035 1323 # österr. behördl. konz. Unternehmen für Zeitungs-Ausschnitte
2086 1308 2930 1389 Wien, I., Concordiaplatz 4.
2293 1374 2720 1450 Vertrefungen
1964 1436 3032 1493 in Berlin, Budapest, Chi ago, Christiania, Genf, Kopen¬
1962 1479 3048 1532 hagen, London, Madrid, Mailand, Minneapolis, New-Vork,
2006 1520 3016 1580 Paris, Rom, San Francisco, Stockholm, St. Petersburg.
2296 1567 2720 1628 (Quellenangabe ehne Gewähr).
1951 1615 2333 1693 Ausschnitt aus:
2570 1671 3147 1770 as Valkehlatt. Wier
1952 1659 2570 1780 vom: —7 3. 1910aufach
1929 2065 2944 2186 Carl=Theater. Die alljährliche Malinee zugunstgt
1854 2122 2969 2234 des Journalisten= und Schriftstellervereines „Konkordsf“
1851 2180 2969 2268 war auch am gestrigen Sonntag trotz des herrlichen
1854 2222 2961 2315 Frühlingswetters, das eigentlich in den Prater lockte, bis
1855 2271 2970 2365 auf das letzte Plätzchen ausverkauft. Den Reigen des
1856 2312 2966 2387 Programmes eröffnete der Schnitzlersche Einakter „Die
1852 2354 2953 2431 Frage an das Schicksal“, jene Spiekerer mit dem Hypno¬
1845 2409 2964 2491 tismus, den man von einer Aufführung am Josefstädter!
1847 2434 2028 2493 Theater
2050 2442 2215 2498 bereits
2247 2452 2958 2531 kennt. Die in den Traum¬
1837 2489 2400 2552 schlaf versenkte Geliebte
2451 2506 2953 2575 gab Fräulein Claire
1838 2527 2948 2624 Wallentin in den episodistischen Wachzuständen
1829 2572 2398 2638 mit rassigem Temperament.
2410 2595 2952 2668 Gustav Charlé schuf
1841 2620 2946 2718 als unentschlossener Hypnotifeur, der die Frage an die
1830 2666 2939 2742 Nebenexistenz in amore seiner Freundin schließlich lieber
1834 2701 2954 2807 nicht stellt, eine köstliche Charakterstudie. In der skizzenhaft
1911 2758 1952 2822 —
1919 2818 1978 2867 —
2750 2776 2961 2851 Seite 3
1979 2768 2776 2881 1 Aaj 1310
1889 2853 2992 2925 der Idee, aber die Uebertreibung verdarb die Satire. Die
1895 2903 2995 2981 Herren H. Machold und P. Freundlich als
1893 2943 2993 2994 Redakteure und J. Petza als Stiefelputzer spielten ihre
1882 2969 2994 3070 Rollen so gut, daß sie auch den Beifall, der ihnen reichlich
1883 3040 2420 3097 gespendet wurde, verdienten.
2721 3045 2962 3109 Dr. H. F.
2015 3087 2997 3161 Die mit Rücksicht auf das ursprünglich für Montag
1886 3154 2982 3207 angesetzte Leichenbegängnis des Kammersängers Leopold
1882 3179 2990 3244 Demuth mitgeteilte Abänderung des Spielplanes der
1881 3213 2984 3290 Hosoper entfällt, da die Beerdigung erst Dienstag nach¬
1895 3258 2989 3326 mittags stattfindet. Es gelangt somit heute Montag, wie ur¬
1895 3295 2999 3370 sprünglich festgesetzt, „Liebestrank“ und das Ballett „Wiener
1880 3340 2386 3403 Walzer“ zur Aufführung.
