3296 4224
1658 136 2096 248 box 7/4
772 141 1549 224 an das Schicksal
484 157 679 236 Frag
333 152 481 234 Die
67 161 1578 256 4.1. bieiige  das Scheisen
1533 898 1633 973 M
378 947 2928 1017 Geliebte, Cora, ihm auch wirklich treu sei. Endlich sieht er ein! Gespielt wurde unter der künsilerischen Leitung von Herrn
385 987 2922 1067 Mittel, alle Zweifel zu beenden: in der Hypnose spricht Jeder die[ Vischer — mit Ausnahme des oben erwähnten Fehlers — ganz
383 1036 2920 1109 reinste, lauterste Wahrheit. Er versenkt Cora in hypnotischen Schlaf, vortrefflich. Besonders war es Frl. Illing, die die Vittoria
363 1085 2926 1165 aber er findet nicht den Muth, die schicksalsschwere Frage an sie zu ihren mustergiltigen Darstellungen Ibsenscher Frauengestalten
368 1131 2930 1212 #richten. Selbst die qualvollste Ungewißheit zieht er der Möglichkeit gleichwerthig zufügen kann. Neben ihr gebührt Herrn Lettinger
1646 1181 2929 1260 volles Lob für seinen Abenteurer, dessen fortreißende Phantasie,
379 1201 1653 1260 schwerster Enttäuschung vor. Dieser amüsante Stoff ist nicht ganz
1654 1237 2921 1313 überquellende Lebenskraft, sinnliche Genußfreudigkeit er vorzüglick
376 1245 1650 1315 mit der spielenden, liebenswürdigen Grozie behandelt, die andere
1648 1288 2913 1351 zur Geltung brachte. Ganz reizend, frisch und lebensvoll war
385 1288 1653 1364 Schnitzlersche Plaudereien auszeichnet; bisweilen glaubt man gar
1650 1331 2914 1401 Frl. Wendt als Cesarino. (Warum hatte man sie auf dem Zette
378 1344 1652 1410 nicht den Urwiener Schnitzler zu hören, sondern eine elegante Ueber¬
378 1389 2913 1434 setzung eines geistreichen französischen Dialogs. Dazu kam, daß die schnöde unterdrückt?) Auch der Damen Nolewska (Redegonda)
379 1427 2916 1501 Darstellung schwerflüssiger, fast möchte ich sagen: norddeutscher[ Deklon (Marfisa), sowie der Herren Jessen (Lorenzo) un
355 1478 2921 1545 war, als dem Stile der Bluette entsprach. Zwar Frl. Nolewska[ Spira (Salaino) sei anerkennend gedacht. Die „Freie litterarisch
379 1519 2910 1589 war in Erscheinung und Spiel ganz prächtig, doch konnte ihre Vereinigung“ darf mit Stolz auf das trefflich gelungene Experimen
375 1578 2903 1639 winzige Rolle den Eindru“ des Ganzen nicht beeinflussen. Aber so= zurückblicken; wenn man in Wien und Berlin geglaubt hatte, di
375 1627 2916 1678 wohl Herrn Botz, wie Herrn Lettinger, sehlte doch die nöthige blühende Rhetorik Hofmannsthals durch brutale Striche bühner
364 1675 2910 1747 Lässigkeit des vornehmen Müßiggängers. Es war Alles ganz gut gerecht machen zu müssen, so zeigte die Breslauer Aufführung, da
386 1716 2901 1770 und verständig, aber bei derartigen Werken ist es gar nicht gut, zu man anderwärts die Aufnahmefähigkeit des Publikums für d
377 1759 2917 1832 verständig zu sein. Da Herr Lettinger unmittelbar darauf die eigenartigen Gebilde des eigenartigsten Poeten unter den Moderne
2555 1818 2898 1906 H. Hr.
375 1821 2196 1876 große und bedeutsame Rolle des Abenteurers Casanova, in die erzu niedrig eingeschätzt hatte.
373 1875 1647 1956 sich völlig einzuleben wußte, zu spielen hatte, waren kleine Mränge“
377 1906 1122 1992 der ersten Rolle um so entschuldbarer.
436 1963 1653 2045 Ging von dem ersten Stücke viel durch die bedauerliche Unrul
381 2017 1645 2068 des Hauses — je später einer kam, um so mehr schien er das Be
369 2064 531 2136 dürfnis
611 2069 1647 2132 spüren, sich unliebsam bemerklich zu machen — verlorer
627 2124 1653 2175 Hofmannsthals dramatischem Gedicht leider vieles durt
372 2115 483 2181 sog
373 2166 498 2227 unde
645 2168 1640 2242 Sprechen auf der Bühne verloren. Sicherlich war vo
627 2207 1650 2280 ie Absicht der Regie des Herrn Vischer lobensweril
369 2204 528 2277 vornhe
387 2271 1658 2327 den intimen Reiz des feinen Stimmungsbildes dadurch voll zu
394 2312 1642 2376 Geltung zu bringen, daß Alles in gedämpfter Abtönung gesproche
380 2359 1663 2419 wurde, daß Alles wie eine weiche, zarte Melodie vorgetragen wurde
390 2413 1651 2478 deren Ton durch Sordini noch verschleiert wurde. Nur durfte die
374 2450 1667 2525 nicht so weit gehen, daß denjenigen, die das Werk nicht gelesen hatten
364 2505 1663 2563 ganze Partien unverständlich, d. h. akustisch unverständlich blieben
366 2549 1655 2615 Vielleicht blieb übrigens dem Einen oder Anderen auch manche
378 2600 1655 2660 inhaltlich unverständlich. Um in dem glänzenden Gewirr bunte
385 2638 1655 2711 Seidenfäden das Muster deutlich zu erkennen, muß man wenigsten
364 2692 1657 2765 einigermaßen mit den luxuriösen, laxen Sitten des achtzehntei
388 2748 1665 2808 Jahrhunderts, namentlich in den romanischen Ländern, vertrau
383 2791 1657 2855 sein, und man muß bei der Beurtheilung des Charakters der Haupt
377 2844 1663 2901 figur sich von dem Gedanken emanzipiren können, daß vornehm
379 2887 1643 2957 glänzenden Abenteurer=Erscheinungen, wie Casanova, Cagliostr
387 2933 1657 3009 und andere, irgendwelche Aehnlichkeit mit unseren großstädtische
377 2991 1657 3051 Hochstaplern, Falschspielern oder Heirathsschwindlern haben. In
373 3034 1675 3097 ewunderbarer Klarheit tritt, von Scene zu Scene sich deutlicher ent
375 3081 1654 3148 hüllend, das Charakterbild Vittorias und Casanovas — bei Hof
391 3122 1658 3192 mannsthal Baron Weidenstamm genannt — hervor; in ergreifender
376 3176 1659 3248 Gegensatz. Vittoria, der die flüchtige Liebe des galanten Abenteurer¬
372 3232 1655 3306 zum Lebensschicksal ward, der die Erinnerung an das kurze, be¬
390 3261 1666 3340 rauschende Glück die Künstlerseele schuf, und Casanova, der nack
382 3328 1659 3385 fünfzehn Jahren zurückkehrt und die kurze Episode längst vergesser
376 3379 1672 3443 hat, der seinen eben gefundenen Sohn lächelnd verläßt, nachdem er
385 3433 1665 3482 ihm — seine Börse mit Gold geschenkt, wie er sie, ein mitleidiger
379 3468 1675 3544 Verschwender, jedem Bettler reichen würde. Auch Casanova ist
376 3518 1678 3583 „ein Träumer und er hängt am Weibe“. Das Werk Hofmannsthals
380 3566 1672 3633 ist, als es in der Bücherausgabe erschien, an dieser Stelle eingehend
380 3619 1682 3676 besprochen worden, so daß ich glaube, ein weiteres Eingehen auf
382 3675 1526 3741 seinen Inhalt und seine Eigenart mir ersparen zu müssen.
