3392 4256
896 182 1675 264 an das Schicksal
601 192 739 274 Fr.
185 178 2207 309 4.1. Die age an Schensar box 7/4
1174 533 1518 643 Telephon 12. 691.
648 604 1372 770 „OBSERVER‘
454 724 1581 845 1. Isterr. behördl. konz. Unternehmen für Zeitange-Ausschaltte
658 786 1400 892 Wien, I., Concordiaplatz 4.
863 845 1201 924 Vertretungen
454 879 1563 988 in Berlin, Basel, Budapest, Chicago, Cleveland, Christianta,
461 940 1563 1016 Geuf, Kopenhagen, London, Madrid, Mailand, Minneapelis,
457 959 1560 1066 Naw-Vork, Paris, Rom, San Francisco, Stockholm, St. Peters
866 1023 1169 1080 burg, Toronto.
777 1051 1243 1137 (Gnellumgeb. oh. Gerib.
450 1093 915 1193 Ausschnitt aus:
992 1125 1579 1268 Preindenblatt, Wien
662 1181 936 1271 - 3. 1910
451 1207 632 1266 vom:
1104 1210 1455 1326 Abendblatt
1740 1346 3167 1422 Hochgenuß, den unvergleichlichen Künstler an der Seite Mizzi
718 1364 1344 1471 Theater und Kunst.
1746 1397 3149 1454 Günthers wirken zu sehen, jener Sängerin, deren Stimme und
1742 1452 3152 1521 Gesangskunst sich — ein Glück für die Wiener Operette — noch
343 1468 1710 1560 Die „Concordia“=Vorstellung im Carl=Theater.
1739 1489 3147 1563 immer prächtiger entfaltet. Als Mütterchen und als Braut bot
1739 1540 3151 1612 Frau Günther einen gleich entzückenden Anblick; besonderen Reiz
434 1536 1722 1624 Es war eine überaus gelungene Vorstellung, die gestern nach¬
1736 1592 3153 1667 strahlte ihr Tanz aus. Die Dritte im Bunde war Fräulein Walde
323 1598 1723 1668 mittags, vom Journalisten= und Schriftstellerverein „Concordia“
1741 1642 3148 1704 vom Raimund=Theater; als Jugeno von fesselnder Erscheinung (ein
326 1655 1723 1706 veranstaltet, ein glänzendes Publikum im Carl=Theater versammelte.
1745 1690 3162 1759 wahres Bijon) und schausvielerisch von anmutiaster Schalkhaftigkeit.
320 1694 1722 1774 Das Haus war schon seit einigen Tagen ausverkauft. Es herrschte
1734 1737 3139 1809 Direktor Sigmund Natzler von der „Hölle“ hatte das Werk
325 1745 1733 1810 eine gewisse Spannung, wie vor jedem Theaterereignis, das ein
2331 1782 3152 1855 eine Aufgabe, die viel Feinheit und
1733 1796 2247 1856 ausgezeichnet inszeniert
325 1798 1728 1860 wenig sensationell angetan ist. Ein originell gemischtes Programm
1745 1830 3140 1896 Geschick erfordert hat. Von den Ovationen, die am Schlusse den
315 1848 1732 1910 erwartete die Hörerschaft. Zuerst ein literarisches Viertelstündchen,
1738 1896 3153 1958 Darstellern und mit ihnen Leo Fall bereitet wurden, der vom
310 1893 1735 1956 von Artur Schnitzler geboten, dann eine wirkliche Operettenpremiere
1736 1925 3142 1998 Orchesterpult auf die Bühne gerufen wurde, wollen wir hier nur
330 1942 1719 1999 — Oskar Straus mit seinem in Wien noch nicht aufgeführten Ein¬
1737 1981 3147 2037 nebenbei sprechen. Sie waren der stimmungsvolle Abschluß dieser
295 1987 1717 2049 alter Venns im-Grünen“ — und schließlich eine Girardi=Première.
298 2029 1726 2109 — Das heißt nämlich: Srar# a Vomtapellmeister Drechsler in der
1737 2033 2062 2106 Veranstaltung.
307 2077 1729 2163 aus der „Hölle" bekannten Operette „Brüderlein fein“ mit Mizzi
319 2130 1723 2204 Günther und Fräulein Gerda Walde als Partnerinnen und mit dem
1842 2100 3138 2184 Der außergewöhnliche Erfolg der gestrigen „Concordia“¬
308 2173 1721 2243 Komponisten des reizenden Werkchens Leo Fall am Dirigentenpult.
1737 2160 3157 2240 Vorstellung und die zahlreichen Wünsche nach einer Wiederbolung, die
418 2221 1720 2282 Dieles Programm fand außerordentlich dankbare Aufnahme.
1739 2222 3169 2285 namentlich aus jenen Kreisen laut wurden, welche für die gestriges.
319 2241 1729 2344 Schnitzlers Einakter aus dem Anatol=Zyklus „Die Frage an
1733 2268 3148 2334 Matinee keine Karten mehr erhalten konnten, veranlassen das Komuee
314 2311 1729 2391 das Schfal“ wurde von einem Ensemble der Neuen Wiener Bühne
1729 2316 3149 2381 die Vorstellung mit dem selben Programm am Sonntag den
298 2375 1725 2443 Iganz vortrefflich gegeben: Charlé als Anatol, Herr Ziegler
1723 2377 3155 2435 20. d., halb 3 Uhr nachmittags, im Carl=Theater zu wieder¬
310 2423 1716 2490 als Max und Claire Wallenstein als Cora waren geistreiche
1719 2432 3161 2484 holen. Der Karten=Vorverkauf wird übermorgen Mittwoch,
313 2455 1715 2521 (Interpreten des Dichters; die leifeste Nuance des sinnigen Dialogs,
1726 2465 3163 2543 9 Uhr vormittags, bei den beiden Tageskassen des Carl=Theaters
314 2503 1726 2571 die feinste Anspielung nach dem Schalkhaften hin — wie lebhaft
1721 2522 1916 2596 eröffnet.
313 2571 1720 2631 wurde sie sofort vom Publikum aufgeariffen! Herr Charlé und
308 2613 1723 2672 Fräulein Wallentin verstanden es auch, durch ein sanftes Unter¬
311 2656 1734 2734 streichen der wienerischen Note das Problem sozusagen gemütlicher
311 2709 1721 2776 zu gestalten. Der Einakter hatte einen warmen Erfolg und die
313 2754 1738 2826 Darsteller wurden oft gerufen; mit ihnen mußte auch Direktor
305 2785 1411 2860 Steinert, der ausgezeichnete Regisseur, erscheinen.
417 2847 1722 2916 Der Einakter Oskar Straus' „Venus im Grünen“ nennt
304 2881 1727 2968 sich ein „musikalisches Fastnachtspiel“; es ist die „Vertonung“ des
313 2947 1726 3015 lustigen Stückchens Rudolf Lothars, das vor zwei Jahren im
304 2986 1724 3066 Deutschen Volkstheater so erheiternd gewirkt hat. Schauplatz:
299 3030 1717 3117 Irgenowo in Toskana. Zeit: Achtzehntes Jahrhundert. Ein junges
296 3090 1721 3150 Bürschchen wird auf die Brautschau geschickt; er soll Viola zum ersten
295 3149 1720 3196 Male sehen, die ihm der Vater zur Gefährtin auserwählt. Auf dem
305 3185 1725 3241 Wege, gerade vor dem Schlosse des Bräutchens, wird der Freier von
302 3240 1717 3311 Banditen seiner Kleider beraubt. Da gibt es, meint der Räuber¬
297 3279 1729 3361 hauptmann, nur eine Rettung: der Jüngling möge sich von Passanten
298 3330 1718 3389 andere Kleider mit Gewalt — ausborgen. Der Jüngling tut's sehr
303 3385 1716 3429 wider Willen. Da kommen zwei junge Herren von einem Masken¬
302 3433 1718 3498 fest; der Freier und der Räuberhauptmann zwingen die beiden,
304 3479 1712 3546 Frack, Weste 2c. als Beute zurückzulassen — bis sich herausstellt, daß
303 3522 1723 3594 die beiden Opfer niemand anderer sind, als Viola und ihre Zofe
294 3572 1717 3641 Giulietta. Selbstverständlich Verlobung auf der Stelle. Oskar
291 3620 1721 3674 Straus hat sich keine der lustigen Situationen entgehen lassen, sie
288 3665 1723 3725 durch eine leichte, so recht ins Ohr gehende Musik festzuhalten. Das
292 3721 1708 3784 Ständchen des Freiers, zwei Quartette, das Kußlied des Räubers und
291 3770 1716 3836 Giuliettas und die lyrische Nummer des Räubers wider Willen fanden den
295 3805 1720 3875 wärmsten Widerhall; den größten Erfolg jedoch hatte der Walzer
292 3863 1719 3922 Violas und Giuliettas. Das ist eine Piece, mit der sich Oskar
284 3913 1714 3976 Straus wieder einmal von seiner schönsten Seite gezeigt hat. Der
1641 3967 1694 3999 *
291 3963 1704 4026 Walzer ist süß und weich und hat den richtigen sieghaften „Schmiß.
293 4014 1708 4077 Frau Keplinger (Viola) und Frau Zwerenz (Zofe) sangen,
293 4058 1713 4135 tanzten und pfiffen ihn hinreißend. Die Zwerenz hat mit dem lustigen
299 4103 1709 4166 Kammerkätzchen ein Soubrettenröllchen ganz nach ihrem Herzen ge¬
