3392 4256
774 220 1567 302 an das Schicksal
531 232 678 305 Fra
106 227 433 335 4.1. D.
367 217 2128 329 endfean das ##nscksal box 7/4
371 1117 1459 1208 Licht gebracht werden, wie vieles, das vom literatur¬
1613 1142 2615 1222 Daß Herr Schmederer, der kapitalistische Direktor,
361 1185 1461 1255 oder kulturgeschichtlichen Standpunkt aus höchstes Inter¬
1536 1187 2620 1264 seinem künstlerischen Mitdirektor, Herrn Stollberg,
371 1226 1462 1296 esse verdient! In diesem Sinne ist es denn auch nur
1537 1248 2613 1295 größere Auswendungen nicht immer verwehrt, das hat
364 1274 1468 1342 anzuerkennen, daß das Schauspielhaus sich an eine Auf¬
1530 1292 2608 1345 die „Erstaufführung“ der komischen Oper „Brigitte“
371 1324 1462 1382 führung von Henrik Ibsen's politischer Komödie „Der
1552 1330 2602 1385 (Véronique) im Gärinerplatz=Theater neuerdings be.
361 1370 1467 1425 Bund der Jugend“ gewagt hat, die zwar kein Jugend¬
1546 1382 2613 1429 wiesen. Die Kostüme und Unformen von Anno 1832
352 1408 1456 1471 werk des Dichters ist — (er schrieb sie mit 41 Jahren) —,
1544 1415 2613 1466 waren ebenso funkelnagelnen und geschmackvoll wie die
367 1455 1460 1501 aber doch ein „alter Ibsen“; denn sie entstand vor ein¬
1545 1460 2616 1515 Dekorationen. Was aber dem einen der „vereinigten
362 1495 1464 1543 unddreißig Jahren. Von den Vergangenheit=Phantasie¬
1531 1498 2615 1552 Theater“ recht ist, sollte dem andern bilig sein, um so
370 1537 1474 1583 gebilden trieb ein Ehrlichkeitsdrang, der sich nie genug
1559 1547 2621 1594 nehr da das moderne Drama so außerordeutlich be¬
369 1581 1466 1640 thun konnte, den Dichter zum Erfassen der Gegenwart¬
1543 1591 2614 1665 scheidene Ansprüche an Leinen=, Seiden= und Trikolvrunk
365 1626 1456 1679 Erscheinungen und ließ ihn dann auch noch den Vers
1559 1636 2613 1702 stellt und die wohlthätigen Folgen einer größeren Opfer¬
376 1663 1462 1731 verpönen. So wurde diese Komödie der Lüge, des
1550 1681 2615 1736 willigkeit im Gagenzahlen von ganz anderer Dauer sind.
367 1722 1467 1771 Streberthums das erste in der langen und nur einmal
1619 1721 2616 1770 Die neue komische Oper gefiel recht gut, obwohl
371 1755 1455 1810 noch (1873, durch das viel früher begonnene dramatische
1537 1758 2612 1814 das Texlbuch (von Vauldos und Duval, deutsch von
378 1797 1456 1851 Gedicht „Kaiser und Galiläer“) unterbrechenen Reihe seiner
1532 1813 2612 1857 Bolten=Bäckers) sehr dürftig ist. Wie eine Komtesse als
378 1848 1460 1897 Prosastücke, die bis in die düstersten Winkel des mo¬
1549 1852 2606 1921 Grisette verkleidet den Vicomte, der sie auf höhere Ordre
376 1884 1467 1948 dernen Lebens hineinleuchten und die jedenfalls sein
1539 1891 2622 1970 heirathen soll und muß, erobert, das wird mit wenig
367 1934 1010 1987 eigenkliches Lebenswerk bedeuten.
1522 1932 2619 2006 Witz und viel Behagen nach uralter Operettenkonvention
450 1965 1454 2020 Im Vergleich mit den folgenden reisen Ibsen=Dramen er¬
1513 1980 2611 2041 geschildert. André Messager hat eine seine, frisch¬
368 2015 1459 2065 schein: „Der Bund der Jugend“ mehr wie ein besserer Schwank,
1529 2025 2615 2077 melodiöse und dabei das Triviale tapfer meidende Musik
377 2061 1459 2112 der allerdings im Gegensatz zu der heute üblichen Sorte
1526 2058 2612 2130 dazu geschrieben, indem er sich namentlich auf die lyrischen
361 2096 1463 2153 von Schwänken von stark gepfefferter, geistreicher Satire
1520 2109 2610 2163 Momente der sol-disant-Handlung stützte. So ward das
367 2154 1460 2201 strotzt. Es ist noch sehr viel Theater, sehr viel Franzosen¬
1527 2152 2612 2220 leicht wiegende Opus durch die Kunst des Komponisten
362 2182 1466 2238 khum darin, und es berührt ganz wunderlich, den künftigen
1535 2209 2607 2259 erst eine komische Oper, immerhin leichten Geures, die
363 2231 1469 2289 Einsamen, ideal Einseiligen und unnahbar Vornehmen
1530 2249 2603 2299 in der recht slollen Darstellung als eine hubsche, geschmack¬
363 2285 1467 2346 hier noch mitten unter seinem Völkchen zu sehen. Selbst¬
1525 2287 2603 2329 volle, wenn auch nicht bedeutende Bereicherung des
368 2321 1457 2384 verständlich aber kann andererseits ein Josen sich nirgend
1527 2322 2609 2383 komisch=musikalischen Spielplaus erscheint. — Kurz vorher
372 2371 1461 2425 verleugnen. Sittlich und geistig steht er bereits über
1525 2374 2598 2431 hatte das Gäriner=Theater eine neue Wiener Posse
369 2404 1466 2457 den Dingen, die er darstellt. Schon ist der undestechliche
1538 2422 2598 2475 bekanntester Art vorgeführt, „Der Herr Pomeisk“
376 2448 1456 2499 Beobachter, der grimmige Spötter und Mahner zu er¬
1533 2461 2605 2532 von Krenn und C. Linbau, die den üblichen
368 2491 1457 2548 kennen. Nur spielt er hier noch mit den schädlichen Er¬
1546 2496 2003 2572 Heiterkeitserfolg errang.
368 2548 1459 2598 scheinungen des Gesellschaftslebens, ehe er ihnen mit
1617 2533 2610 2619 Auch eine wirkliche neue ernste Oper ist uns endlich
371 2576 1453 2644 seinem ganzen, unerbittlichen und moralienfauren Ernst
1601 2589 2611 2657 ich entsinne mich nicht mehr, nach wieviel
370 2625 1454 2682 zu Leibe geht. So nimmt eine kurze Szene bereits den
1523 2624 2097 2702 Monaten der Erholung —
2091 2636 2606 2690 bescheert worden. Im
366 2673 1457 2728 Kern des ganzen Nora=Dramas vorweg. Und über die
1696 2671 2604 2746 und National=Theater erschien Engen
372 2718 1460 2772 französische Intrigenkomödie erhebt sich der „Bund der
1542 2725 2601 2792 d'Albert's „Kain“. Es ist zwar nur ein Akt,
377 2752 1454 2804 Jugend“ auch durch den ethischen Gehalt des Ausgangs,
1537 2761 2608 2811 aber das macht fast gar nichts; denn erstens
362 2804 1460 2857 der doch neben der äußerlichen auch eine innerliche Ueber¬
1538 2808 2605 2871 soll man Kunstwerke nicht mit der Elle messen, zweitens
364 2847 1459 2919 windung der Lüge, eine (freilich nur flüchtig gestaltete)
1536 2857 2609 2915 ist dieser Akt reichlich lang #eung und drittens sind wir
362 2879 742 2952 Läuterung bringt.
1528 2899 2606 2959 froh, wenn die Opernleit# gne überhaupt ein Lebens¬
453 2917 1464 2994 Die Aufnahme wäre eiwa als literarhistorischer
1534 2940 2607 2997 zeichen von sich giebt. Das uiue Werk des geseierten
367 2950 1456 3037 Heilerkeitserfolg zu bezeichnen. Die Darstellung war, wie
1532 2980 2610 3039 Pianisten dürfte Ihnen bereits bekannt sein. Die Musik
369 3012 1453 3070 des öfteren in letzter Zeit, nicht auf der Höhe der
1542 3028 2618 3088 bietet viele Feinheiten, entbehrt aber bei aller Gebiegen¬
369 3043 1459 3128 Situation. Die Direktion wird einige. Anstreugung
1536 3073 2609 3121 heit der Inteutionen und allem Uebermaß von hervischem
369 3098 1464 3153 machen und tieser in den Säckel greisen müssen, wenn sie
1550 3118 2615 3173 Geräusch doch der gesammelten Kraft, die gerade dieser
361 3149 1458 3205 die könstlerische Leistungsfähigkeit des Theaters und damit
1543 3158 2610 3227 Stoff ersorderte. Die Dichtung von H. Bulthaupt
372 3188 1452 3267 das Interesse der Kunstfreunde wieder zu der anfänglichen
1530 3201 2610 3265 (nach Dyroc) ist wenig dramalisch. Sämmtliche technischen
360 3227 836 3305 Höbe zurückführen will.
1544 3253 2607 3311 Effekte der Bühne mußten helsend eingreifen. So hatie
2676 1147 3218 1232 Lautenschläger beinahe
2685 1212 3218 1273 stellung, die aber auch im
2682 1247 3225 1315 Aufnahme war sehr freun
2687 1292 3218 1357 mehrmals an der Rampe
2671 1338 3213 1423 fraglich, ob der Erfolg sich
2767 1405 3213 1490 An Theatern wird die
2679 1465 3216 1532 keinen Mangel haben. Das
2685 1514 3213 1578 das Prinzregententheater
2697 1558 3219 1620 Pforten dem schaulustigen
2690 1598 3221 1664 sichere Gerüchte von einem
2683 1643 3227 1725 (nach Berliner Muster) mach
2675 1681 3215 1743 hartnäckig die Runde. In
2687 1734 3220 1798 far wild Ost plötzlich mit
2679 1778 3219 1836 theater“ gesegnet. Es fähr
2673 1811 3219 1878 Popularität wie das alte
2686 1860 3201 1923 lurzem haben beibe auf
2688 1904 3216 1955 drama „Der Müller
2683 1940 3233 2010 gegriffen, und das Gärtner
2687 1988 3220 2045 nur in Nachmittags=Vorstelll
2684 2032 3220 2096 — ein nachdenksamer Beitre
2689 2082 3213 2140 keit“!) Und jetzt ist auch d
2678 2127 3218 2186 von der Stadt erbaute neue H#
2674 2168 3211 2228 Theaters nämlich, feierlic
2757 2218 3214 2269 Das Münchner Marion
2670 2246 3216 2317 aristolratischer Herkunft. D
2667 2296 3215 2370 maler Withelm v. Heyd
2668 2334 3195 2406 Herren, die auch geistig
2672 2381 3220 2450 zahlten, haben es vor ei
2675 2426 3218 2489 gründet, und lange Heit erg
2676 2472 3217 2531 Herzogs Max daran. Män
2681 2510 3211 2577 und namentlich Graf Pocch
2679 2549 3220 2615 Freund des Spiels, verschmch
2692 2600 3201 2667 für das kleine Gerüst, das
2694 2644 3211 2714 schreiben. Dieser echt kü
2690 2689 3209 2756 Miniaturtheater bis heute
2686 2729 3216 2784 unter „Papa Schmidt's
2683 2774 3216 2843 keit. Generationen hindurch
2685 2820 3216 2880 Münchens entzückt. Nun h
2678 2862 3170 2920 eigenes Heim geschaffen.
2675 2904 3214 2964 mann Th. Fischer erric
2675 2944 3214 3012 Hänschen steht in den An
2684 2996 3208 3050 ist ein schlichter einstöckiger
2683 3037 3203 3098 Biedermeyerstil. Auch im
2668 3075 3199 3138 und geschmackvoll zierlich.
2661 3122 3216 3183 Kinderwelt zu „ihrem“ Mu
2675 3170 3203 3225 der winzigste sein, — auf 1#
2685 3207 3212 3287 und Harmonie wird er doch
