3392 4256
796 244 1561 314 an das Schicksal
347 255 418 326 D
574 239 2103 338 rageal box 7/4
110 255 669 360 4. 1.
279 625 1544 697 und seinem Bravothum. Der Schauplatz ist nämlich Venedig um die
1948 646 2448 709 „Breslauer Zeitung“.
276 683 1546 733 Mitte des 18. Jahrhunderts. Die beiden Hauptgestalten sind vortrefflich
1639 692 2829 758 „Der Abenteurer und die Sängerin". Der Erfolg war
269 717 1551 765 charakterisirt. Von der Darstellung läßt sich im Allgemeinen nur Vor¬
1558 742 2832 792 weit über Erwarten der Veranstalter gut, wenn sich auch das Publikum
280 763 1538 804 theilhaftes berichten. Trotz Längen in den Dialogen erlahmte doch das
1568 779 2820 825 sichtlich ziemlich langsam in die Poesie Hofmannsthals einlebte und
277 797 1540 854 Interesse des Publikums nicht, und den wackeren Mitwirkenden wurde
1568 816 2829 864 an ihr erwärmte. Die Matinée begann mit Arthur Schnitzler's
278 839 1228 894 der verdiente Lohn in anhaltendem Applause zutheil.
1575 850 2849 907 „Die Frage an das Schicksal“. In dem Cyklus der dramatischen
1562 898 2821 948 Anatol=Plaudereien ist „Die Frage an das Schicksal“ im Sujet
563 912 1242 995 „Breslauer General=Anzeiger“.
1558 932 2836 981 vielleicht die interessanteste. Gespielt wurde unter der künstlerischen
1565 974 2097 1036 Leitung von Herrn Vischer.
362 975 1543 1029 „Der Abenteurer und die Sängerin“. Dramatisches Gedicht
280 1024 1541 1090 in einem Akt von Hugo von Hofmannsthal. Musik von Robert
280 1068 1537 1110 Ludwig. Vorher: „Die Frage an das Schicksal“. Wenn draußen
270 1109 1550 1150 ein goldener Frühlingsmorgen, lang ersehnt und lang entbehrt herauf¬
283 1143 1550 1189 gezogen, wenn die Sonne lockt und gleißt und kein Wölkchen am Himmel
1638 1067 2795 1254 mHimmelhof.
274 1182 1549 1241 die Illusion zerstört, dann wendet man nur ungern den Blick von der
277 1223 1542 1263 herrlichen Bühne der Natur zu der verdunkelten des Theaters. Und
1886 1232 2475 1319 Gesangsposse in drei Akten
276 1263 1550 1302 doch war ein zahlreiches Publikum zur Matinée erschienen, welche die
2132 1290 2249 1349 von
275 1295 1545 1362 „Freie litterarische Vereinigung" ihren Mitgliedern und Gästen zum
288 1338 1556 1412 Saisonschluß veranstaltete und doch erwartete man mit Interesse und
1713 1329 2649 1413 Jean Kren und Alfred Schönfeld.
283 1375 1555 1439 Spannung, welcher Kunstgenuß diesmal ihnen werden solle. Und ein
275 1417 1542 1475 Theil der Geladenen wird ja wohl auf seine Kosten gekommen sein.
272 1453 1539 1510 Arthur Schnitzler's „Frage an das Schicksal“ mit dem Motto:
1563 1462 2820 1529 Aufführung am Carl=Schultze Theater zu Hamburg.
282 1502 1554 1553 „Und der Mensch versuche die Götter nicht“ ist ein artiges kleines Ein¬
271 1536 1553 1590 akterchen, in dem nur drei Personen beschäftigt sind Amatol bebt in
285 1578 1544 1619 gerechter Furcht vor dieser Frage an das Schicksal, in seinem Fall an
1559 1571 2827 1634 Wie in Berlin, erzielte die äußerst wirksame Posse auch in Hamnburg
282 1614 1554 1662 die Geliebte gerichtet, welche in der Hypnose bekennen soll, „ob sie ihm
1567 1636 2813 1682 einen vollen durchschlagenden Erfolg. Ein Beifall durchbranste das
273 1638 1543 1702 treu ist“ Er stellt sie aus der Furcht heraus, etwas Unliebsames zu
1552 1666 2824 1726 Haus, wie er selten in den Räumen des Carl=Schultze Theaters gehört
286 1694 1545 1746 hören, nicht, und bleibt ein ahnungsloser Engel und als solcher
1610 1703 2760 1770 wurde. Nachfolgend bringen wir einige Referate auszugsweise:
273 1745 1553 1787 glücklich. An der Ha mlosigkeit dieses kleinen Einacters braucht man
279 1771 1557 1818 also nicht zu zweifeln. Hugo von Hofmannsthal versteht gut in
1881 1754 2504 1825 „Hamburger Fremdenblatt.“
275 1816 1547 1863 Spannung zu halten, sein Problem ist ungefähr das des ersten Stückes:
1645 1822 2832 1879 „Im Himmelhof“. Die Berliner Posse ist entschieden noch in
285 1854 1552 1898 „Selig sind die Harmlosen“ er spricht eine schöne klangvolle Sprache.
1564 1854 2838 1909 der angenehmen Periode der fetten Jahr, was man bekanntlich von den
1564 1899 2834 1950 Hamburger Lokalstücken nicht gerade behaupten kann. Muß doch mehr
569 1925 1255 2002 „Breslauer Morgen=Zeitung“.
1571 1930 2826 2000 „Jeist“ drinstecken in den Berliner Windbeuteln, als in den Hamburger
1572 1985 2829 2025 Pfeffersäcken, was ja schließlich auch Keiner anders von der Stadt der
353 1988 1541 2052 Das erste Werk Schnitzler's, das dem jungen Dichter außerhalb
1566 2023 2827 2079 Intelligenz erwartet. Aber Scherz bei Seite. Die Berliner Posse ist
287 2026 1552 2094 seiner Vaterstadt Wien Beachtung warb, war das Buch „Anatol“ eine
1555 2060 2826 2106 noch ebenso quietschvergnügt, genau so schnoddrig und darum echt, wie
280 2080 1535 2124 Sammlung graziöser, wienerisch gefärbter Plaudereien in Scenenfoim,
1568 2104 2827 2149 vor zehn oder zwanzig Jahren. Herrgott von Bentheim, war das
282 2104 1549 2171 die ursprünglich kaum für die Bühne berechnet waren. Nach und nach
1573 2142 2826 2182 wiede ein Blödsinn, der gestern im „Himmelhof“ verzapft wurde!
279 2156 1540 2194 haben aber einzelne dieser zierlichen Nippes den Weg dorthin gefunden
1564 2177 2827 2230 Zum Auswachsen, aber gelacht haben wir Alle, die wir da im Carl
267 2192 1539 2252 An be auchbaren Einaktern hat das „Deutsche Theater“ solchen Mangel,
1562 2218 2825 2271 Schultze=Theater saßen, daß uns die Seiten, Andern auch die Zwerch¬
277 2235 1540 2283 daß es die Schnitzler'schen Scenen wirklich nicht allein den Lesern
1573 2254 2820 2306 felle wehthaten. Man verlange nur nicht von mir, daß ich sage, worüber
270 2276 1550 2326 überlassen konnte. In Breslau waren bisher nur die großen Arbeiten
1558 2291 1873 2346 ich gelacht habe
1904 2292 2825 2340 ich weiß es die nicht mehr —, man frage, um
270 2315 1540 2355 des Autors bekannt, die sein Talent ebenso frappant erweisen, wie die
1560 2336 2827 2388 meiner Seligkeit willen, nicht nach oer Handlung — von der weiß ich
271 2347 1553 2390 reizenden, kleinen Grisetten=Geschichten des „Anatol“. Speziell die
1568 2376 2833 2427 noch weniger —, aber man frage mich, ob man in den „Himmelhof“.
279 2389 1542 2435 „Frage an das Schicksal“ ist doch wohl noch mehr, als eine liebens¬
1569 2411 2826 2456 gehen soll, so sage ich: Ja. Bereuen wird's Keiner Außerdem hat sich
277 2428 1549 2475 würdige, mit den aparten Reizen eines fein geführten Dialoges be¬
1561 2451 2832 2499 die Direktion verpflichtet, Jedem, der nicht gelacht hat, einen blanken
284 2466 1547 2529 strickende Causerie, sie hat einen sehr interessanten lebensphilosophischen
1559 2487 2825 2535 Thaler an der Kasse auszuzahlen. Berlin, wat sagste nu? Was da
275 2501 1551 2542 Inhalt, der freilich nicht erschöpft, nur skizzirt wird. So rasch der Ein¬
1568 2532 2834 2584 an guten und schlechten Witzen, die ersteren zum Glück in der Mehrzahl,
274 2538 1550 2597 akter vorüber huscht, so angenehm ist seine Wirkung. Schwerer als der
1581 2567 2824 2623 Lsammengetragen, was an Sitnationskomik aufgespeichert ist, das geht
280 2577 1546 2623 einfache Einakter Schnitzler's ist das zweiscenige, sehr komplicirte Ge¬
1571 2602 2836 2673 aif keine Kuhhaut, geschweige auf ein paar Blätter Papier. Die Bühnen¬
280 2616 1550 2663 dicht Hofmannsthal's zu charakterisiren. „Der Abenteurer und
1568 2644 2826 2690 techniker gucken aus jeder Koulisse, aus all dem Drum und Dran, wo¬
275 2652 1546 2719 die Sängerin“ ist eines jener Kunstwerke, das seine Reize nicht willig
1567 2677 2830 2740 mit die Herren Kren und Schönfeld ihren „Himmelhof“ ausstaffirt
287 2698 1553 2757 und nicht Jedem entschleiert. Es ist keine nay den üblichen Regeln zu¬
1560 2730 2832 2782 haben. Da giebt's im zweiten Akt u. A. eine allerliebste Serie „leben¬
285 2737 1553 2781 bereitete Theaterkost, sondern eigenwillige, eige wüchsige Poesie. Hoff¬
1569 2762 2824 2807 der Ansichtspostkarten“ zu bewundern, eine reizende Idee, die sehr an¬
276 2779 1550 2818 mannsthai erweist, daß er zwei unter den dramatisch schaffenden
1561 2805 2837 2849 sprach, zumal noch ein „Gruß aus Hamburg eingefügt war. Alles zu¬
283 2814 1551 2861 Zeitgenossen sehr seltene Eigenschaften in höchster Vollendung besitzt: die
1553 2837 2827 2896 lammengenommen, eine pudellustige, lebendige Posse, die ungeteübt über
275 2837 1549 2912 Gabe der Charakteristik und die absolute Herrschaft über die Sprache.
1572 2890 2834 2935 ein paar Stunden hinweghilft. Der Erfolg unserer Berliner Gäste war
270 2888 1544 2942 Wie prachtvoll ist ihm der Casanova gerathen! Dem Hofmanns¬
1552 2921 2822 2985 glänzend. Das stark besetzte Haus belohnte die durchweg vortrefflichen
266 2927 1551 2990 thalschen Abenteurer eignen die bezaubernde Grazie, der leidenschaft¬
1567 2963 2829 3010 Leistungen mit zum Theil stürmischen Beifall, der auch den einen der
276 2973 1536 3032 liche Entrain, der rücksichtslose Egoismus des gechichtlichen Originals.
1557 2996 2834 3053 Autoren, Herrn Schönfeld, auf die Bühne rief. Daß die Posse nach
283 3010 1536 3062 Welche sanfte, von tiefen Leiden und tiefem Lieben zeugende Melancholi¬
1568 3040 2825 3074 den vielen Beeliner Aufführungen tadellos jappte, ist wohl selbstver¬
273 3059 1542 3110 spricht aus der Viktoria. Wie menschlich echt ist der eifersüchtige Gatt¬
1559 3064 2831 3144 ständlich. Die Bühne sah sehr hübsch aus, belebt von einer Schaar
273 3088 1542 3148 der Sängerin mit seinem unter den vornehmen Patriziermanieren oft
1566 3115 2818 3160 junger, anmuthiger Mädchen, die Kostüme waren geschmackvoll und
274 3133 1540 3183 wild hervorbrechenden Südländertemperamente gegeben. Und neben
1572 3156 2835 3206 sauber, so daß auch das Auge nicht leer ausging. Für ein exaktes
282 3165 1551 3229 diesen ernsten, groß geformten Gestalten stehen allerlei zierlich Figuren,
1570 3194 2586 3249 musikalisches Ensemöle sorgte Herr Kapellmeister Schmidt.
279 3197 1548 3266 echtestes Rococco und doch blühend lebendig: Der elegante Salon=Abbé,
1810 3240 2563 3285 „Hamburger Neueste Nachrichten“
279 3247 1542 3290 die hochnäsige Redegonda mit ihrem bruderlichen Lakai, die kokette
1638 3268 2825 3317 „Im Himmelhof“ Unsere Gäste vom Thalia=Theater in Berlin
280 3284 1549 3335 Tänzerin Marsifa, hinter deren glatter Kinderstirn die Mordgedanken
1568 3295 2829 3352 hielten gestern ihren Einzug ins Carl Schultze=Theater und brachten
278 3326 1549 3369 wohnen, die kupplerische Mutter, die so streng darauf achtet, daß das
1561 3345 2832 3397 ihre in der Reichshauptstadt bereits über 130 Mal gegebene Ausstattungs¬
278 3369 1554 3411 hübsche Töchterchen seine Huldbeweise nicht an arme Schlucker ver¬
1568 3391 2820 3445 posse „Im Himmelhof“ von Jean Kren und Alfred Schönfeld
288 3397 1543 3456 schwendet. Und was die Sprache betrifft, die sich in reifer Prosa, wie
1567 3434 2824 3477 zur ersten Aufführung. Ein fast ausverkauftes Haus jubelte ihnen ent¬
280 3442 1555 3506 in reichem Verse ausgiebt, so glaube ich nicht, daß ein lebender Deut¬
1566 3467 2827 3522 gegen und brachte ihnen nicht nur an den Aktschlüssen, sondern auch
276 3479 1539 3528 scher sie gleich Hofmannsthal meistert. Wenn der Abenteurer die
1560 3507 2817 3550 häufig bei offener Scene stürmischen Beifall entgegen. Was Alles „Im
270 3522 1556 3579 Reize seines Venedig in dithyrambischem Aufschwung besingt, so findet
1570 3540 2824 3598 Himmelhof“, einer Villa der Besitzer eines Ansichtspostkartenverlags
280 3553 1547 3599 er im Pathos des lyrischen Ausdrucks fascinirende Töne. Die Phan¬
1570 3581 2831 3627 im Grunewald bei Berlin, geschieht, ist so kunterbunt, daß es keine
286 3599 1543 3638 tasic über die Gründung der Lagunenstadt, die andere, in der Casanova
1569 3622 2836 3682 leichte Aufgabe wäre, zu erzählen, wie die dort zusammentreffenden
290 3635 1549 3676 seine unbändige Lebenslust ausströmt, die zärtlichen Worte, die Vittoria
1566 3665 2825 3717 fidelen Leute beiderlei Geschlechts in lustigen Renkontres aufeinander¬
288 3677 1534 3727 fer die Wunder ihrer Stimme findet und viele andere Momente sind
1558 3704 2825 3738 platzen. Es hieße auch den künftigen Besuchern des prächtigen Stückes,
288 3714 1545 3768 Gedichte einziger Schönheit. Die Darstellung dieses balo reich bewegten,
1566 3734 2826 3800 das scht Berlinischen Ursprungs und vollgeladen mit der satyrischen
281 3747 1546 3810 bald sich wieder zu intimsten Scenen concentrirenden, daher das streng
1562 3779 2823 3833 „Schnoddrigkeit“ ist, welche so manche Bewohner Sprecathens auszeichnet,
283 3794 1553 3846 künstlerische Erfassen fortwährend wechselnder und hart differenirter
1569 3823 2824 3876 einen guten Theil der Freude vorwegnehmen, wollten wir verrathen,
281 3829 1544 3880 Stimmungen verlangenden Werkes ist für den Regisseur, wie für seine
1571 3859 2825 3906 was es in der Posse zu sehen, hören und zu belachen giebt. Das Auge
283 3876 1541 3930 Schauspieler wahrlich keine Sinekure. Was durch Herrrn Otto Vischer
1566 3899 2825 3943 wird geblendet von der Pracht weiblicher Schönheit in herrlichen Kostümen
277 3905 1550 3950 und die Ausführenden diesmal geleistet wurde, entsprach allen Be¬
1567 3939 2818 3981 besonders im zweiten Akt, wo die unserer Zeit entsprechende Idee der
276 3939 1539 4009 dingungen der Dichtung vollkommen. Ein hoheres Lob ist kaum zu
1561 3975 2833 4030 Ausstellung einer wunderbaren Kollektion von Ansichtskarten in drama¬
287 3985 1542 4050 spenden. Im Zusammenspiel, wie in den Einzelleistungen hatte die
1565 4017 2822 4060 tischer Weise dergestalt ausgebeutet wird, daß die vor künstlerisch ge¬
292 4023 1537 4099 Vicher'sche Regie keine, auch nicht die kleinste Lücke offen gelassen.
1559 4051 2824 4119 maltem Hintergrund postirten Figuren leben und schließlich herabsteigen,
