3296 4224
1246 105 1550 184 hicksa.
810 116 1128 190 an das
535 113 652 192 Fr.
95 103 2123 201 4.1. Dieag Schan box 7/4
696 960 1120 1027 Telefon 12801.
2187 962 2601 1040 Telefon 12801.
417 1055 1431 1151 Unternehmen für Zeitungs-Ausschnitte.
1893 1067 2907 1160 Unternehmen für Zeitungs-Ausschnitte.
1298 1116 1487 1186 Aussehutt!
2779 1119 2977 1211 Ausschnitt
232 1111 449 1273 1.05
573 1143 1222 1277 „OBSERVER“
1736 1150 3022 1297 223 „OBSERVER“ Nr. 1
177 1273 1627 1356 L Esterr. behördl. conc. Bureau für Zeitungsberichte u. Personalnachrichten
1615 1289 3112 1371 I. österr. behördl. conc. Bureau für Zeitungsberichte u. Personalnachrichten
349 1335 1463 1437 Wien, IX/1, Türkenstrasse 17.
1861 1346 2943 1446 Wien, IX/1, Türkenstrasse 17.
587 1415 1243 1506 Filiale in Budapest: „Figyelö“-
2068 1420 2713 1521 Filiale in Budapest: „Figyelé“
270 1477 1547 1569 Vertretungen in Berlin, Chicago, London, Newyerk, Paris, Stockholm.
1747 1497 3026 1567 Vertretungen in Berlin, Chicago, London, Newyork, Paris, Stockholm.
183 1607 721 1693 Ausschnitt aus:
1658 1619 2212 1712 Ausschnitt aus:
2811 1648 3021 1746 hung
173 1672 815 1868 — 1 450
1658 1746 2275 1843 vo 27/ e
1865 1906 2949 1979 (Theater in der Josephstadt.) Die erotisch=psycho¬
1798 1970 2944 2020 logischen Studien über den modernen Wiener Lebemann,
1791 2013 2959 2066 die Schnitzler in seinem Buche „Anatol“ zu einem
1798 2062 2944 2114 so feinen, künstlerisch ganz einheitlichen Gesammtbild ver¬
402 2074 1401 2147 Theater in der Josefstadt. Vor dem Strindberg'schen
1794 2101 2946 2161 einigt hat, lösen sich, von der Bühne herab gesehen, in kleine,
352 2129 1391 2200 „Gläubiger“, der auch bei der letzten Aufführung das
1791 2138 2947 2200 sehr caprieiöse Einacter auf, die ein ganz plastisch reales
351 2153 1387 2209 Publikum ergriff, wurde gestern der Einalter „Die Frag
1793 2185 2951 2236 Leben, allerdings nur von der Bedeutung eines kräftigen
526 2197 1382 2264 Schicksal“ von Arthur Schnitzler gegeben, ein
1782 2226 2949 2270 einmaligen Eindruckes haben. Ob das ein Beweis für die
564 2243 1395 2291 nes, etwas ##ödres-Lustspielchen in graziösem
1794 2275 2950 2336 psychologische Wahrheit und Kraft des ganzen Cyklus
619 2271 1380 2334 chnitzler's Serien=Liebhaber Anaiol möchte ein¬
680 2318 1384 2363 m seine Cora treu ist. Sie wird ihm gewiß
1796 2317 2948 2379 ist, bleibe dahingestellt. Zweifellos zeugt es aber für die
688 2361 1379 2407 sagen, ist sie doch ein falsches Weib. So
1792 2359 2938 2436 Echtheit und Vollkommenheit des dargestellten Typus. „Die
693 2393 1379 2435 t ihm ein Freund zu. Gesagt, gethau! Wie
1789 2403 2952 2454 Frage an das Schicksal“ wurde gestern aufgeführt,
684 2428 1377 2481 wirklich hypnotisirt ist, wird dem Zweifler
1791 2454 2949 2507 und Anatol, Cora und Max, die wir so lange und so gut
692 2468 1391 2534 wirklich aufrichtig sprechen und dadurch
1782 2490 2949 2553 kennen, standen plötzlich als Andere auf der Bühne, weniger
666 2504 1382 2560 verwunden. Er unterläßt die Frage und
1779 2531 2945 2579 tief und problematisch, aber selbstverständlicher, der täglichen
509 2524 1389 2598 und, der die Beiden in innigstem Gekose wiedersieht,
503 2581 1390 2631 zeugt, daß die Frauen — auch in der Hypnose lügen.
1797 2579 2946 2624 Wirklichkeit näher und in einem anderen Sinne uns be¬
471 2612 1385 2663 elt wurde die hübsche Bluette von Direktor Jarno,
1792 2625 2941 2683 kannter. Das hängt fast gar nicht mit der Darstellung zu¬
446 2646 1380 2711 Frl. Palme und Hr. Sachs wirksam unterstützten,
1798 2668 2949 2713 sammen, es kommt nur daher, daß die Hintergedanken, die
378 2690 1402 2762 geradezu prächtig, so daß das Publikum ihn mit Beifall
1796 2709 2950 2760 beim Lesen immer von einer Studie zur anderen
370 2721 599 2784 überschüttete.
1202 2735 1384 2814 —
1789 2756 2945 2814 mitlaufen, von der Bühne herab nicht mehr gehört
1802 2798 2945 2853 werden. Das Wort geht von einer Person gerade zur
1794 2843 2946 2889 anderen, ohne längeren philosophischen Aufenthalt hinter den
1788 2884 2950 2939 Vorgängen. So verliert man ein wenig Psychologie, kommt
1799 2936 2946 2990 aber zu einem stärkeren Genusse des geistreichen Witzes, der
1792 2975 2948 3045 erst jetzt recht lebendig wird. Jarno brachte mit seiner scharfen,
1787 3020 2936 3067 treffsicheren Sprechweise jedes Wort zu seiner richtigen Be¬
613 3010 1182 3104 Bezugs-Bedingungen.
1800 3058 2941 3118 deutung. Er hat jenes undefinirbare Spiel ohne besondere
1651 3072 1757 3161 Für
168 3077 1340 3164 Für 50 Zeitungsauschnitte (Artikel oder Notizen) fl. 7.50
1786 3098 2950 3158 Nuancen, das Figuren schafft, die man unbedingt glaubt,
1350 3094 1566 3170 inclusive
257 3129 357 3182 100
1201 3134 1334 3200 14.—
1119 3143 1179 3197 „
1784 3150 2940 3218 aber nicht analysiren kann. Fräulein Palme und Herr
1376 3157 1532 3202 Porto.
247 3161 368 3225 200
1199 3174 1330 3228 25.—
1659 3182 1712 3239 1
1350 3188 1541 3245 Zahlbar
1790 3195 2944 3235 Sachs standen ihm mit sehr guten Leistungen zur Seite. —
245 3203 362 3255 500
1201 3215 1322 3267 55.—
1675 3235 2937 3305 " 10 Nachher wurde „Die Gläubiger“ von Strind¬
1138 3229 1565 3314 100.— im Voraus.
203 3245 356 3307 „ 1000
1788 3275 2927 3343 berg in der bekannten trefflichen Darstellung mit der
280 3285 1609 3357 Im Gegensatze zu anderen Bureaux für Zeitungsausschnitte ist da
1652 3313 2936 3407 Abonn großen Wirkung, die das Stück immer unfehlbar ausübt,
176 3339 1608 3389 Abonnement durch keine bestimmte Zeitdauer begrenzt; — auch stcht es def
1637 3370 1973 3453 Abonn gegeben.
168 3386 1470 3456 Abonnenten frei die aufgegebenen Themen zu ergünzen oder zu ändern.
1961 3377 2936 3466 me ausgegebenen Theinen zu ergänzen oder zu ändern.
2941 3238 3045 3310 lus.
2976 3301 3078 3372 das
2945 3355 3084 3417 s den
