3344 4352
1251 219 1708 317 box 35/9
218 240 1098 348 Gesannelte Nerke
2708 1160 3152 1241 Thopfheim, 20. On
2149 1158 2279 1233 WOARNN
1699 1205 3312 1271 Lauspiel im September ds ##. verwei=[Anwesen des Landwirts Bäuml
486 1264 3308 1320 jenigen Soldaten, die als Lusischiffer oderjgerte. Doch das Zirkus=Unternehmen weiß sich shaus, Stallung und Schenne durch
483 1311 2980 1351 Flieger dienen wollen, sich verpflichten müssen, zu helfen. Es verlegt nun einsach sein Gastspiel nach seingeäschert.
1279 1340 1911 1400 merrne MWrN
782 1345 953 1409 ATEEREEN
1608 1392 3305 1446 Welch eine Fülle von Gestalten dringt uns aus ls In diesem Roman rührt Schnitz
1532 1408 3314 1490 den Seiten seiner Bücher entgegen! Aus allen sßen Schmerz. Er zeigt das Proh
480 1411 1528 1568 Der Erzähler Schnitzler.
1537 1467 3318 1544 Gassen Wiens strömen sie hervor. Und mit diesen stums und die Nöte dieses merkwürh
419 1512 490 1577 „ 4
328 1527 401 1601 4
1543 1530 3307 1615 Menschen enthüllt sich uns auch das Wesen dieser lsich jeder Kultur assimiliert und de
557 1538 1550 1601 Als er vor einigen Wochen seinen fünfzigsten Ge¬
1551 1568 3280 1645 Stadt. Wie fein hat Schnitzler ihre Stimmungen ltypischen Eigenschaften verliert.
485 1592 1551 1651 burtstag feierte, da s##en es uns, als müsse dies ein
1548 1622 3316 1691 gezeichnet: das Leben am Ring, sommerliche Abend= ldas internationalste Volk der Welt
483 1641 1560 1704 Irrtum sein. In unserer Erinnerung lebte nicht
1557 1685 3317 1741 stunden in den Prateralleen, wenn drüben aus den jschicksal hat sie ruhelos alle Land
476 1691 1559 1774 der reife Mann, der dem sechsten Lebensjahrzehnt
1557 1723 3317 1811 Gärten verwehte Musik herüberkommt, dann die jlassen. So haben sie wohl ander
486 1733 1559 1817 zueilt, sondern jener junge Wiener Elegant, dessen
1548 1780 3301 1847 nächtlichen Straßen, oder die freundlichen Vorstadt= lgefunden, aber sie verloren dabei
486 1792 1548 1852 amoureuse Aventuren er uns in so vielen Wandlun¬
1545 1807 3316 1897 gassen Wiens, oder endlich die kleinen Dörfer, die lland. Von diesem fernen Vaterla
490 1840 1553 1906 gen gezeigt hat. Man mag es lächerlich nennen;
1551 1880 3314 1947 der Hügellandschaft der Wienerstadt eine so helle in dem Schnitzlerschen Roman ein
483 1891 1553 1968 aber es ist doch Tatsache, daß unsere Vorstellung
1555 1919 3309 1985 Anmut geben. Und dabei umfängt uns die Heiter=lvon einer ewigen Sehnsucht. Ihr
492 1922 1554 2004 eigenwillig den jungen Elegant und Arthur Schnitz¬
1555 1968 3323 2034 keit und der sanfte Rbythmus des Wiener Lebens. newandt, nach Jerusalem, nach der
482 1983 1548 2054 ler zu einer einzigen Gestalt verband. Aber das
1551 2022 3318 2085 Wir spüren die Atmosphäre dieser Stadt, die weich Väter. Sie wollen wieder heimk
489 2035 1551 2101 rührt jedenfalls daher, weil in allem, was dieser
1546 2078 2604 2131 und von den Parfüms einer frohen Sinnlichkeit er¬
2592 2058 3312 2128 Nationalstaat aufrichten, in dem si
494 2090 1549 2161 Wiener schrieb, der Ton der Jugend so hell zu
2595 2122 3318 2181 gleichberechtigte Bürger fühlen dürf
1547 2125 2601 2179 füllt ist. Und wir sehen hier menschliche Schicksale,
483 2138 769 2201 hören war.
2597 2153 3313 2240 noch andere Juden da, die an die
1551 2171 2613 2245 losgelöst von dem Strom der andern und ihm doch
546 2160 1545 2246 Der Ton der Jugend: er schwingt nicht nur in
1549 2221 2139 2287 wieder unlösbar verknüpft.
2599 2210 3318 2280 glauben mögen, weil ihnen der Zi
484 2228 1553 2291 seinen Dramen und Komödien,nicht nur in den Dia¬
1599 2253 2612 2326 Denn in all diesen Einzelschicksalen ist das Schick¬
2601 2250 3313 2337 Stück verspäteter Romantik und w
497 2274 1555 2344 logen seiner kleinen Szenen, er ist als lauter Puls¬
1557 2306 3307 2378 sal einer Gesamtheit gezeichnet. Alle diese Men=standenes Staatsideal erscheint. A
489 2327 1554 2405 schlag aus allem hörbar, was seiner Feder entfloß.
2600 2368 3316 2435 gen diese Pessimisten — was heißt
1556 2352 2614 2436 schen, die Schnitzler schildert, sind von pathetischem
490 2361 1559 2449 Nun liegt die reiche Ernte seiner Prosa in drei
1550 2417 2608 2480 Heldentum weit entfernt. Es sind keine Erscheinun¬
2595 2409 3311 2483 Ist es nicht eine Fiktion, ein Beg
491 2431 1560 2491 Bänden*) vor uns: seine Novellen und sein großer
1560 2460 3313 2534 gen, deren Schicksal vereinzelt bleibt, keine Typen,der sich verändern kann und darun
489 2474 1555 2544 Zeitroman. Und wenn wir diese Bände lesen, wenn
1550 2518 3285 2574 die über das Format ihres Daseins hinauszuwachsen sist? Und was heißt Palästina?
492 2529 1547 2590 wir die Menschen und ihre Schicksale ins Auge fassen,
1554 2559 3314 2629 suchen, sondern Menschen, deren Schicksal sich im leerer geographischer Begriff? Und
491 2574 1564 2646 die Schnitzlers reife Kraft vor uns hinstellt, so hö¬
1557 2608 3307 2666 Nahmen des Alltags abrollt. Wie beziehungsreich sinnig, gegen den starken Strom
491 2621 1560 2701 ren wir auch hier, aus all der Melancholie, aus all
1556 2666 2614 2722 hat Schnitzler in seinem Zeitroman „Der Weg ins
2592 2644 3319 2717 Entwicklung zu schwimmen, der di
478 2674 1554 2761 der Tragik und Bedrängnis: den Ton der Jugend.
2602 2712 3319 2772 Fremde trieb? Das alles sind Fra
1546 2705 2604 2764 Freie“ dieses Leben gestaltet. Welch farbiges Bild
2644 2759 3322 2828 Aber weiter. Arbeiten nicht T#
1555 2758 2613 2825 des heutigen Wien hat er da gezeichnet. Und welch
570 2732 1558 2824 *) Arthur Schnitzler: Gesammelte
2608 2795 3320 2872 den an der Kuktur dieser Erde mit
493 2779 1555 2863 Werke. Erste Abteilung: Die erzählenden Schrif¬
1541 2801 2609 2864 wechselvolles Spiel der einzelnen Schicksale sehen
498 2850 1550 2912 ten. In drei Bänden gebunden 10 Mark, in Halb¬
1547 2860 2602 2923 wir auf dieser Szene. Die Liebe des Baron Wer¬
2593 2855 3323 2918 geistige Bewegungen geschaffen und
1044 2884 1558 2946 Ganzleder 16 Mark.
498 2892 938 2955 leder 13 Mark,
2594 2905 3317 2967 tum der neuen Heimat aufgegang
1339 2904 2600 2970 Inbalt;genthin und der Anna Rosner: mit welcher Meister¬
745 2914 1203 2987 .Fischer, Berlin.
490 2920 746 2982 Verlag E
2594 2955 3321 3021 Volkstum, das alle ihre Mitarbeit
489 2957 2610 3027 1. Band: Sterben — Blumen — Ein Abschied — Die schaft ist hier dieses Verhältnis zweier junger Men¬
2599 3002 3319 3058 nießt, verweigert ihnen die höchst
1302 3004 2594 3067 Die Toten'schen geschildert. Das Auf und Ab der Empfindun¬
497 3005 1273 3049 Frau des Weisen — Der Ehrentag¬
487 3048 1559 3098 schweigen — Andreas Thameyers letzter Brief — Der
2606 3056 3312 3109 sperrt sie von hohen Aemtern aus
487 3051 2600 3134 blinde Geronimo und sein Bruder = Leutnant Gußt gen, das Urproblem der schöpferischen Liebe und all
2600 3096 3316 3164 Bürgern zweiter Klasse. Das trag
542 3125 2607 3171 * Die griechische Tänzerin. 2. Band: Frau Berta ihre schmerzhaften Nöte: wie tief berührt uns das
496 3157 3318 3210 Garlau — Das Schicksal des Freiherrn von Leisen=lund wie sehr fühlen wir da unser eigenes Leben Volkes empfängt in diesem Buche
492 3203 3226 3255 bohg — Die Fremde — Die Weissagung — Das hineinbezogen. Auch in jenen wehmutsvollen Ab=tiefe menschliche Beleuchtung.
502 3244 1567 3300 neue Lied — Der Tod des Junggesellen — Der tote
1553 3246 3317 3309 schied, der immer der Liebe folgt, wenn sie ihre end= (Judentums wird hier mit einem Fr.
499 3291 1404 3341 Gabriel — Das Tagebuch der Redegonda
1429 3271 1571 3339 Der
492 3324 3321 3358 Mörder* Die dreifache Warnung — Die Hirten=iche Erfüillung gefunden hat und der Weg nuch der alle Wurzeln bloßlegt und alle
1539 3338 2182 3427 Ineuen Zielen ins Freie führt.
2599 3348 3322 3415 So ist in diesem Roman Menschenlo
489 3362 1296 3437 flote. 3. Band: Der Weg ins Freie.
530 3429 1370 3614 eee##
777 3580 1384 3691 21502
