3436 4352
534 240 653 297 am
1371 232 1860 338 box 35/9
247 232 1239 348 7. Gesannelte Nerke
2589 1454 2651 1537 1220
3152 1464 3254 1557 —
2243 1532 3253 1597 früheren Romane bei S. Fischer) hat zum Schau¬
278 1521 2256 1638 M Nachdruck vexboten. gibt und in einer großen, ergriffenen Mystik des
1252 1568 2258 1644 durchbrechenden Gefühls versiummt. Die „Dämmer¬
2251 1582 3267 1652 platz den Ostseestrand. Der Maler Hans Grill
1259 1623 2250 1686 seelen“ — Paradox und Geheimnis, die Waldroman¬
2247 1616 3271 1695 und Doxalice, geschiedene Gräfin Köhne=Jasky, die
1256 1661 2255 1728 tik der „Weissagung", die schmerzliche, visionäre
2247 1661 3263 1735 nach Stürmen der Leidenschaft sich in London haben
265 1512 1246 1742 TIi. 9/2. Erzähler. 0. NV.
1262 1706 2253 1767 Entrücktheit der „Fremden“, das gespenstische Schle¬
2243 1700 3271 1784 trauen lassen, verbringen in der Einsamkeit des
353 1717 1267 1800 Novellen und Romane Schnitzlers, des fünf¬
1267 1750 2254 1818 mihlium des „Freiherrn von Leisenbogh“ — und die
2245 1750 3266 1822 Fischerdorfes Wochen eines von Schatten der Erinne¬
275 1769 1263 1845 zigjährigen (Berlin, S. Fände der Ge¬
1268 1788 2240 1850 in der Goetheschen Zeitlosigkeit der „Hirlenflöte“
2240 1794 3224 1862 rung beunruhigten Glücks. Stark und schwer ist
273 1816 1264 1884 sammelten Werke). Ein helldunkles Reich, Menschen¬
1262 1840 2242 1899 erstarrenden, in Lebensferne verblassenden „Masten
2237 1843 3199 1910 der Mann, verwöhnt die hellblonde, schlanke Frau
264 1875 1263 1935 studien mit der Bangigkeit der Elegie, Traumhast¬
1263 1874 2243 1941 und Wunder". Zwei Romane: „Frau Bertha Gar¬
2247 1872 3179 1946 die noch immer im Halbtraum den tadelnden Bl
266 1905 1265 1971 Unwirkliches, von überlegenem Geist ersonnen.
1262 1906 2249 1982 lan“, eine bürgerlich=sentimentale und allzu langsame
2238 1916 3255 1997 des Grofen zu spüren meint, seine Schritte durch
265 1959 1274 2009 „Sterben“: ein Aufschluchzen, ein verborgener
1262 1968 2246 2028 Wiener Bovary, und der mit der Judenfrage be¬
2247 1973 3275 2034 den Salon der Dresdner Gesandtschaft knarren hört
262 2001 1275 2066 Kampf gegen das Unabwendbare, ein gedämpftes und
1254 2008 2238 2072 schwerte „Weg ins Freie“, dessen edle, doktrinäre
2243 2017 3249 2088 und in ihre wohlig schlaffe Vornehmheit sich zurück¬
259 2019 2245 2117 verschleiertes Grauen. Klinische Schilderungen, so Absicht doch zurückstehen muß gegen den Roman des
2243 2056 3264 2143 sehnt. Die Familie des Herrn von Buttlär nimmt
266 2093 1268 2157 exakt wie die Novellistik der jüngeren Franzosen,
1262 2102 2235 2174 nichtjüdischen Liebespaares Georg und Anna und
2239 2114 3259 2169 am Strand Logis, und auf alle ihre jüngeren Mit¬
266 2115 1265 2191 und dabei umzittert von weichem, lyrischem Dust.
1252 2135 1829 2209 seine gchaltene Melancholie.
2229 2135 3253 2222 glieder wirkt der nicht mehr ganz korrekte und um
259 2154 1269 2236 Sommerabende im Augarten und im Prater, Som¬
1335 2169 2245 2247 „Wellen“ von Eduard Grafen Keyser¬
2224 2182 3259 2243 so gefährlichere Reiz Doralicens. Bis der Bräuti¬
256 2202 1265 2274 mernächte im Gebirge, in Salzburg, und jene letzte,
1252 2217 2239 2295 ling, dem Münchner Dichter aus Kurland, der in
2233 2235 3249 2311 gam der kleinen Lo, der kleine Leutnant Hilmar, in
264 2242 1273 2319 mondbeglänzte Herbstnacht über den graublauen
1247 2262 2246 2337 der „Dritten Stiege“ naturalistischer Romancier
2231 2285 3251 2342 das Feuer flatiert, mit heißen Worten in der engen
261 2294 1263 2363 Bergen von Meran. Nur Vornamen wie in der
1258 2314 2245 2388 war, im Schauspiel „Ein Frühlingsopfer“ ein bal¬
2243 2319 3249 2400 Fischerstube Doralice an sich zieht und Lo, eine
264 2337 1266 2399 Heysczeit: Felix, Marie und Alfred. Das Werk eines
1262 2357 2242 2419 tischer Gerhart Hauptmann und nun, von „Beate
2241 2369 3258 2438 Märtyrerin ihres Opfermuts, in das nächtliche
261 2397 2238 2466 dreißigjährigen Dichters, mit dem erst wieder aufer= und Mareile“ an, seine zarlen, mit dem Auge des
2241 2408 3258 2479 Meer hinausschwimmt, um so zu sterben. Sie wird
261 2425 2238 2506 stand, was in der gewollten Kunstlosigkeit des Ber=Malers gesehenen, erotischen Aristokratengeschichten
2230 2444 3236 2529 gerettet. Jäh verstört flüchtet Doralice wieder zu
253 2466 1258 2534 liner Realismus verderbt schien, Sprache und Form
1244 2484 2242 2557 schreibt. Immer haben sie, bis auf den von Schnee
2236 2502 3245 2573 Grill. Schon scheinen sic sich auf die Dauer zu
257 2506 1259 2579 der Erzählung. Dann, 1898, die Novelletten „Die
1249 2515 2243 2588 leuchtenden Winterroman „Dumala“, den reifen
2241 2535 3239 2616 finden, da ertrinkt der Maler nachts beim Fisch¬
262 2565 1257 2625 Frau des Weisen“ typisierend in der Art von Mau¬
1256 2574 2246 2646 Geruch sommerlicher Obsigärten, immer sind sie voll
2231 2580 3237 2657 fang. Ein skurriles und boshaftes Männchen, der
1245 2591 1305 2645 65
260 2606 2245 2676 passant und von Schnitzlers kleinen Ehedramen, doch Müdigkeit, und immer schwält unter der mit Fon¬
2239 2625 3241 2696 Geheimrat Knospelius, bietet der Witwe tröstend
253 2635 2242 2729 mit unvergeßlichen Stimmungen der Lebensangst taneschem Sarkasmus gezeichneten Welt der stolzen
2225 2664 3231 2742 als selbstloser Gefährte sich an. Die Pastellmanier
263 2690 2241 2778 (Albert, der sich zum Lager der verstorbenen Ge= Eleganz die rote Flamme. Sparsam sind Keyser¬
2235 2713 3252 2779 Keyserlings ist in diesem Miniaturroman so ver¬
254 2730 2232 2816 liebten geschlichen hat und im flimmernden Kerzen= lings Motive: in „Beate und Mareile“ und in
2234 2760 3232 2817 führerisch wie jemals, und der traurig=süßen Wirr¬
263 2785 1269 2845 licht wähnt, daß ein höhnisches Lächeln um ihre
1260 2789 2240 2865 „Harmonie“ die Untreue des Mannes an einer
2232 2808 3230 2867 nis des Daseins ist er so innig hingegeben wie nur
263 2826 1261 2887 Lippen spiele, oder in „Die Toten schweigen“ Frau
1256 2813 2236 2907 ätherischen, lühlen Gattin, in der „Liebeserfahrung“
2226 2846 3228 2932 in seinen Meisterwerken: „Bunte Herzen“ und
253 2859 1255 2930 Emmas gehetzte Flucht von der Reichsbrücke hinein
1247 2879 2239 2941 und in „Dumala“ der Ehebruch der Frau, die mit
2232 2883 2574 2956 „Schwüle Tage“
258 2892 2247 2986 in die Stadt). Die tragische Affäre des „Leutnants dem brutalen Dritien durchgeht. Aber niemand unter
2297 2910 3215 3002 Jakob Wassermanns Roman „Caspar
254 2951 1246 3020 Gustl“, die bis auf den Grund des armen Menschen¬
1249 2959 2229 3039 den deutschen Erzählern hat diese almende Sinnlich¬
2230 2950 3218 3041 Hauser oder die Trägheit des Herzens“ (in neuer
245 2984 1255 3065 wesens dringt, ein Selbstgespräch im Fieber, aus¬
1251 3007 2238 3077 keit diese Bildtechnik: Mareile, die Sängerin, im
2226 3017 3210 3086 Ausgabe bei S. Fischer), mit den „Buddenbrooks“
254 3039 1260 3104 gehend in bizarre Alltagsironie. Die „Griechische
1242 3045 2233 3120 Rosaschein des Liebespavillons, die stille, weiße
2231 3066 3219 3128 von Thomas Mann das wuchtigste Epos neuer Lite¬
261 3075 2228 3166 Tänzerin“ mit der Novelle vom blinden Geronimo Frau Annemarie, die lautlos sich in den grünen
2232 3106 3223 3166 ratur. Hier hat die gern im Gestaltlosen schwei¬
263 3122 3210 3167 und seinem Bruder Carlo, die der frechen Laune des Teich wirft, die nächtliche Abscheulichkeit des Juden=fende, brütende Art des Dichters der „Renate Fuchs“
251 3159 3223 3271 Ungéfähr die Macht eines gnadenlosen Schicksals krugs in den „Bunten Herzen“. „Weilen“ swie die leinen jener Stoffe gefunden, an denen sie sich dis¬
2316 3281 2527 3378 S
