3436 4352
1354 228 1813 322 box 35/9
222 226 1204 330 7. Gesammelte Nerke
479 1464 1226 1560 Wenden! Rückselte beachten!
1309 1485 1557 1555 Wenden!
1228 1491 1287 1564 —
1191 1562 1535 1640 Telephon 12.801
691 1703 1252 1807 „ODSEHTEN
512 1797 1484 1862 I. österr. behördl. konzessioa, Unternehmen für Zeitungs-Ausschnitte
629 1853 1403 1925 WIEN I, CONCORDIAPLATZ 4
852 1919 1174 1978 Vertretungen:
462 1961 1545 2023 in Berlin, Basel, Budapest, Chicago, Cleveland, Christiania,
453 2015 1542 2068 Genf, Kopenhagen, London, Madrid, Mailand, Minneapolis,
454 2048 1533 2104 New-Vork, Paris, Rom, San Francisco, Stockholm, St. Peters¬
861 2085 1140 2140 burg, Toronto.
759 2120 1244 2195 (Quellenangabe ohne Gewähr.)
454 2177 1449 2309 AnsschnlmGENER ABENDPOST
795 2260 1069 2338 11. 72. 1919
458 2274 619 2335 vom:
1191 2403 1237 2458 7
467 2393 876 2495 Cn Sanigler
893 2432 1500 2522 Gesammelte Werke.“ In zwei
439 2476 1492 2550 „Abteilungen. Verlag S. Fischer, Berlin.) In drei Bänden
451 2547 1486 2618 erzählender Schriften, in vier Bänden Theaterstücken sind
436 2591 1491 2660 nun die Gestalten, Masken und Wunder des feinsten Wiener
453 2641 1479 2722 Dichters unserer Tage vereinigt. Es wird sicher die Zeit
448 2692 1492 2766 kommen, wo man die Echtheit seiner wienerischen Seele noch
444 2743 1475 2814 viel deutlicher spüren wird, als dies die Zeitgenossen ver¬
450 2798 1473 2862 mögen. Aus dem Medardus, der der Gegenwart entrückt ist,
441 2846 1474 2908 spüren auch wir schon ganz deutlich Schnitzlers Verwachsen¬
439 2882 1470 2951 sein mit der Wiener Psyche. Wien hat viele Schilderer
444 2931 1489 3010 und Former, auch etliche, die in kräftigeren, grelleren
429 2996 1483 3066 Farben porträtieren; Artur Schnitzler ist wienerisch in seiner
427 3048 1481 3113 Seele. Aus der kleinsten Novelle, irgend einem Akte quillt
429 3090 1475 3157 heißes, geheimnisvolles Verständnis und Gefühl für den
424 3142 1475 3196 Wiener inneren Menschen, der am Leben leidet. Schnitzler
431 3183 1461 3247 ist reich in seiner Menschlichkeit, ein Künstler durch die An¬
431 3232 1471 3323 mut und Kultiviertheit, mit denen er bildet. Er ist warm,
431 3294 1469 3364 weich, ohne banal oder weichlich zu sein. Mehr denn je
430 3334 1476 3411 fühlt man Artur Schnitzler als eine geschlossene Persönlich¬
420 3388 1474 3485 keit, da nun sein bisheriges Lebenswerk in einer selbst¬
421 3445 1255 3532 verständlich würdigen Ausgabe vorliegt
1986 1764 2767 1873 Klose & Seidel
1933 1858 2857 1935 = Bureau für Zeitungsausschnitte.=
1897 1912 2867 2003 Bertin NO 43, Georgenkirchplatz 211.
1980 2023 2796 2103 (Liest die meisten Zeitungen und ist das
1977 2080 2804 2145 bestorganisierte Bureau Deutschlands.)
1852 2192 2875 2264 Zeitung: Berliner Zeitung am Mittag
2622 2278 2857 2361 Berlin
1862 2298 2017 2378 Ort:
2141 2347 2382 2448 1g Dez
2407 2361 2467 2434 9
1861 2411 2901 2501 Datum: u
1987 2543 2764 2638 „Arthur Schnitzlers Theaterstücke.
1982 2603 2817 2693 Von der schön ausgestatteten Gesamtausgabe
1926 2646 2820 2734 der Werke Arthur Schnitzlers, die der Verlag
1932 2686 2819 2765 S. Fischer, Berlin, zum 50. Geburtstage des
1937 2726 2828 2806 Dichters Iveranstaltet hat, sind nach den drei
1939 2761 2818 2842 Prosabänden nun auch die Theaterstücke er¬
1940 2800 2825 2876 schienen. In vier Bänden liegt alles, was
1952 2843 2819 2921 Schnitzler der deutschen Bühne geschenkt hat, vor
1939 2882 2823 2965 uns. Es sind vom „Anatol“ bis zum „Weiten
2130 2920 2837 2992 id zum „Medardus“ mehr als zwanzig
1963 2955 2849 3021 Laldeuen, und bei weitem die meisten nicht nur
1973 3004 2848 3049 in unverwelkter Frische erhalten, sondern mit
1978 3025 2851 3094 den Jahren nur noch wie guter Wein edler und;
1973 3057 2855 3143 blumiger geworden. Man kann daran seine
1974 3122 2252 3185 Freude haben.
