<?xml version="1.0" encoding="UTF-8" standalone="yes"?>
<PcGts xmlns="http://schema.primaresearch.org/PAGE/gts/pagecontent/2013-07-15" xmlns:xsi="http://www.w3.org/2001/XMLSchema-instance" xsi:schemaLocation="http://schema.primaresearch.org/PAGE/gts/pagecontent/2013-07-15 http://schema.primaresearch.org/PAGE/gts/pagecontent/2013-07-15/pagecontent.xsd">
    <Metadata>
        <Creator>prov=University of Rostock/Institute of Mathematics/CITlab/Gundram Leifert/gundram.leifert@uni-rostock.de:name=ONB_Newseye_GT_M1+(htr_id=10810)::::v=2.4.2
prov=University of Rostock/Institute of Mathematics/CITlab/Tobias Gruening/tobias.gruening@uni-rostock.de:name=de.uros.citlab.module.baseline2polygon.B2PSeamMultiOriented:v=2.4.2
prov=University of Rostock/Institute of Mathematics/CITlab/Tobias Gruening/tobias.gruening@uni-rostock.de:name=/mnt/transkribus/LA/DEA/URO/LA_news_onb_att.pb:de.uros.citlab.segmentation.CITlab_LA_ML:v=2.4.2
Transkribus</Creator>
        <Created>2019-10-07T13:52:29.527+02:00</Created>
        <LastChange>2019-10-08T09:54:39.955+02:00</LastChange>
        <TranskribusMetadata docId="224105" pageId="9510737" pageNr="6" tsid="16514533" status="IN_PROGRESS" userId="40391" imgUrl="https://files.transkribus.eu/Get?id=BUFEZTXOQUHYBTNWIAITEZUB&amp;fileType=view" xmlUrl="https://files.transkribus.eu/Get?id=ZFBGEUKBBNQCTWTRTRJJSLEI" imageId="6199261"/>
    </Metadata>
    <Page imageFilename="224105_0006.jpeg" imageWidth="3392" imageHeight="4320">
        <ReadingOrder>
            <OrderedGroup id="ro_1711444065803" caption="Regions reading order">
                <RegionRefIndexed index="0" regionRef="r1"/>
            </OrderedGroup>
        </ReadingOrder>
        <TextRegion orientation="0.0" id="r1" custom="readingOrder {index:0;}">
            <Coords points="231,289 231,3683 3321,3683 3321,289"/>
            <TextLine id="r1l1" custom="readingOrder {index:0;}">
                <Coords points="1196,346 1233,330 1309,355 1357,325 1392,336 1452,312 1585,335 1602,318 1643,337 1708,310 1707,258 1638,245 1587,269 1494,253 1469,274 1416,258 1388,276 1324,251 1269,252 1227,282 1195,274"/>
                <Baseline points="1209,328 1234,324 1259,322 1285,320 1310,318 1336,317 1361,316 1387,316 1412,316 1438,316 1463,316 1489,316 1514,316 1540,317 1565,316 1591,316 1616,315 1642,314 1667,313 1693,310"/>
                <TextEquiv>
                    <Unicode>box 35/9</Unicode>
                </TextEquiv>
            </TextLine>
            <TextLine id="r1l2" custom="readingOrder {index:1;}">
                <Coords points="217,385 588,356 853,378 997,349 1037,375 1086,348 1084,259 1027,248 909,290 871,259 754,287 626,258 414,299 215,287"/>
                <Baseline points="231,352 273,353 315,354 357,355 399,355 441,355 483,355 525,355 567,354 609,354 651,353 693,352 735,351 777,350 819,348 861,347 903,346 945,345 987,343 1029,342 1072,340"/>
                <TextEquiv>
                    <Unicode>Gesammelte Nerke</Unicode>
                </TextEquiv>
            </TextLine>
            <TextLine id="r1l3" custom="readingOrder {index:2;}">
                <Coords points="1545,991 1821,984 1847,964 1884,963 1884,891 1737,912 1662,895 1625,915 1544,924"/>
                <Baseline points="1558,958 1583,959 1609,960 1635,960 1661,959 1687,959 1713,959 1739,958 1765,958 1791,958 1817,958 1843,959 1869,959"/>
                <TextEquiv>
                    <Unicode>—</Unicode>
                </TextEquiv>
            </TextLine>
            <TextLine id="r1l4" custom="readingOrder {index:3;}">
                <Coords points="2690,1007 3007,1019 3151,997 3168,1015 3304,1019 3304,956 3253,938 3112,936 3062,968 2956,943 2881,960 2780,933 2691,943"/>
                <Baseline points="2704,1000 2733,1000 2762,1000 2791,1000 2820,1000 2850,1001 2879,1001 2908,1001 2937,1001 2966,1002 2996,1002 3025,1002 3054,1002 3083,1003 3112,1003 3142,1004 3171,1004 3200,1005 3229,1005 3258,1006 3288,1007"/>
                <TextEquiv>
                    <Unicode>Notwendigkeit, aus der heraus</Unicode>
                </TextEquiv>
            </TextLine>
            <TextLine id="r1l5" custom="readingOrder {index:4;}">
                <Coords points="333,1019 1531,1009 1531,966 1487,963 1283,989 333,953"/>
                <Baseline points="346,1014 404,1013 462,1013 521,1012 579,1012 638,1011 696,1011 755,1011 813,1010 872,1010 930,1010 988,1010 1047,1010 1105,1010 1164,1010 1222,1010 1281,1011 1339,1011 1398,1011 1456,1012 1515,1013"/>
                <TextEquiv>
                    <Unicode>diese seiner Novellen in ein Prunkgewand erlesenster!</Unicode>
                </TextEquiv>
            </TextLine>
            <TextLine id="r1l6" custom="readingOrder {index:5;}">
                <Coords points="2694,1060 2749,1045 2786,1063 2809,1040 2853,1060 2890,1040 2976,1061 3020,1041 3069,1064 3273,1050 3310,1074 3311,1022 3152,995 2694,1011"/>
                <Baseline points="2709,1044 2738,1044 2767,1044 2797,1044 2826,1044 2855,1044 2885,1044 2914,1044 2943,1044 2973,1044 3002,1044 3031,1044 3061,1044 3090,1044 3119,1044 3149,1045 3178,1045 3207,1045 3237,1046 3266,1047 3296,1048"/>
                <TextEquiv>
                    <Unicode>und, die innige Versenkung in</Unicode>
                </TextEquiv>
            </TextLine>
            <TextLine id="r1l7" custom="readingOrder {index:6;}">
                <Coords points="1903,1043 1923,1041 1957,1067 2009,1053 2032,1076 2101,1059 2144,1077 2176,1057 2245,1063 2289,1043 2289,1000 2231,1008 2183,979 2061,993 2050,981 1987,978 1903,1006"/>
                <Baseline points="1917,1047 1942,1046 1968,1046 1993,1046 2019,1046 2044,1047 2070,1047 2096,1047 2121,1047 2147,1048 2172,1048 2198,1048 2223,1048 2249,1048 2275,1047"/>
                <TextEquiv>
                    <Unicode>Bücherschau.</Unicode>
                </TextEquiv>
            </TextLine>
            <TextLine id="r1l8" custom="readingOrder {index:7;}">
                <Coords points="330,1071 1528,1086 1505,1014 330,1019"/>
                <Baseline points="343,1063 401,1063 460,1063 518,1063 577,1064 635,1064 694,1064 752,1064 811,1064 869,1064 928,1064 987,1063 1045,1063 1104,1063 1162,1063 1221,1063 1279,1062 1338,1062 1396,1062 1455,1062 1514,1061"/>
                <TextEquiv>
                    <Unicode>Worte. Eine feierliche, rhyehmische Getragenheit beherrscht</Unicode>
                </TextEquiv>
            </TextLine>
            <TextLine id="r1l9" custom="readingOrder {index:8;}">
                <Coords points="2700,1094 3311,1095 3311,1063 3242,1049 3199,1066 2879,1040 2701,1054"/>
                <Baseline points="2714,1088 2743,1087 2772,1087 2801,1086 2830,1086 2860,1086 2889,1086 2918,1087 2947,1087 2976,1087 3006,1088 3035,1089 3064,1089 3093,1090 3122,1090 3152,1090 3181,1090 3210,1090 3239,1089 3268,1088 3298,1087"/>
                <TextEquiv>
                    <Unicode>erst die Bedeutung geben und</Unicode>
                </TextEquiv>
            </TextLine>
            <TextLine id="r1l10" custom="readingOrder {index:9;}">
                <Coords points="332,1133 1472,1115 1472,1069 1418,1066 332,1063"/>
                <Baseline points="347,1114 402,1112 458,1111 513,1110 569,1109 625,1109 680,1109 736,1110 791,1110 847,1111 903,1112 958,1112 1014,1113 1069,1114 1125,1114 1181,1114 1236,1114 1292,1113 1347,1112 1403,1110 1459,1108"/>
                <TextEquiv>
                    <Unicode>hier seinen Vortrag — man denke an das „Hirtenlied“ —</Unicode>
                </TextEquiv>
            </TextLine>
            <TextLine id="r1l11" custom="readingOrder {index:10;}">
                <Coords points="1601,1123 2661,1130 2692,1075 2539,1042 2268,1078 1980,1078 1926,1046 1600,1069"/>
                <Baseline points="1616,1114 1669,1115 1722,1116 1775,1117 1828,1117 1881,1117 1934,1117 1987,1117 2040,1117 2093,1117 2146,1116 2199,1116 2252,1115 2305,1114 2358,1114 2411,1113 2464,1112 2517,1111 2570,1110 2623,1109 2677,1108"/>
                <TextEquiv>
                    <Unicode>Das letzte Weinen. Novellen von Robert Michel.</Unicode>
                </TextEquiv>
            </TextLine>
            <TextLine id="r1l12" custom="readingOrder {index:11;}">
                <Coords points="2693,1140 2796,1145 2819,1128 2940,1148 2995,1131 3127,1150 3165,1124 3315,1144 3315,1098 2692,1094"/>
                <Baseline points="2708,1130 2737,1131 2767,1133 2796,1134 2826,1134 2856,1135 2885,1135 2915,1135 2944,1134 2974,1134 3004,1134 3033,1133 3063,1133 3092,1133 3122,1132 3152,1132 3181,1132 3211,1132 3240,1132 3270,1132 3300,1133"/>
                <TextEquiv>
                    <Unicode>Blick, dem sich Brücken und #</Unicode>
                </TextEquiv>
            </TextLine>
            <TextLine id="r1l13" custom="readingOrder {index:12;}">
                <Coords points="336,1167 1465,1171 1522,1113 336,1132"/>
                <Baseline points="349,1163 410,1162 471,1160 532,1159 593,1158 654,1158 715,1158 776,1158 837,1158 898,1159 959,1159 1020,1160 1081,1160 1142,1161 1203,1161 1264,1161 1325,1161 1386,1161 1447,1160 1508,1159"/>
                <TextEquiv>
                    <Unicode>und eine an die Sprache alter Heiligenlegenden ge¬</Unicode>
                </TextEquiv>
            </TextLine>
            <TextLine id="r1l14" custom="readingOrder {index:13;}">
                <Coords points="1528,1165 2447,1174 2683,1155 2683,1112 1528,1113"/>
                <Baseline points="1542,1161 1598,1161 1654,1161 1711,1161 1767,1162 1824,1162 1880,1163 1936,1163 1993,1163 2049,1164 2106,1164 2162,1164 2218,1163 2275,1163 2331,1162 2388,1161 2444,1159 2500,1158 2557,1154 2613,1152 2670,1149"/>
                <TextEquiv>
                    <Unicode>Deutsch=Oesterreichischer Verlag, Wien und Leipzig, 1912. —</Unicode>
                </TextEquiv>
            </TextLine>
            <TextLine id="r1l15" custom="readingOrder {index:14;}">
                <Coords points="2699,1189 2754,1201 2794,1178 2901,1173 2959,1193 3284,1186 3319,1169 3319,1131 2700,1137"/>
                <Baseline points="2713,1172 2742,1172 2772,1173 2801,1173 2831,1174 2860,1174 2890,1175 2919,1175 2949,1175 2978,1175 3008,1175 3038,1175 3067,1175 3097,1175 3126,1175 3156,1175 3185,1175 3215,1175 3244,1175 3274,1175 3304,1175"/>
                <TextEquiv>
                    <Unicode>Schönheit durchleuchtet offenbare</Unicode>
                </TextEquiv>
            </TextLine>
            <TextLine id="r1l16" custom="readingOrder {index:15;}">
                <Coords points="1531,1223 2594,1217 2697,1190 2697,1147 1530,1165"/>
                <Baseline points="1545,1209 1601,1208 1658,1207 1715,1207 1772,1206 1829,1206 1886,1206 1943,1206 2000,1206 2057,1206 2114,1206 2170,1206 2227,1206 2284,1205 2341,1205 2398,1204 2455,1203 2512,1201 2569,1199 2626,1197 2683,1194"/>
                <TextEquiv>
                    <Unicode>Fahrten in den Reichslanden. Bilder und Skizzen</Unicode>
                </TextEquiv>
            </TextLine>
            <TextLine id="r1l17" custom="readingOrder {index:16;}">
                <Coords points="334,1219 1515,1221 1515,1158 335,1161"/>
                <Baseline points="349,1210 406,1209 464,1208 521,1208 579,1208 637,1207 694,1207 752,1207 809,1207 867,1207 925,1208 982,1208 1040,1208 1097,1209 1155,1209 1213,1209 1270,1210 1328,1210 1385,1210 1443,1210 1501,1210"/>
                <TextEquiv>
                    <Unicode>mahnende Erdentrücktheit des Ausdrucks vermählt sich</Unicode>
                </TextEquiv>
            </TextLine>
            <TextLine id="r1l18" custom="readingOrder {index:17;}">
                <Coords points="2762,1221 2992,1236 3038,1213 3087,1234 3159,1214 3260,1232 3312,1221 3312,1169 3240,1186 2984,1181 2969,1196 2903,1175 2762,1180"/>
                <Baseline points="2775,1216 2801,1216 2827,1217 2853,1217 2879,1217 2905,1218 2931,1218 2957,1219 2983,1219 3009,1219 3035,1220 3061,1220 3087,1220 3113,1220 3139,1220 3165,1220 3191,1219 3217,1219 3243,1219 3269,1218 3296,1217"/>
                <TextEquiv>
                    <Unicode>Die Nicht des Dekt</Unicode>
                </TextEquiv>
            </TextLine>
            <TextLine id="r1l19" custom="readingOrder {index:18;}">
                <Coords points="1527,1255 2694,1243 2693,1203 2532,1190 1527,1220"/>
                <Baseline points="1541,1250 1597,1251 1654,1251 1711,1251 1768,1251 1825,1251 1882,1251 1938,1251 1995,1251 2052,1250 2109,1249 2166,1249 2223,1248 2280,1247 2336,1246 2393,1245 2450,1244 2507,1243 2564,1242 2621,1241 2678,1240"/>
                <TextEquiv>
                    <Unicode>aus Bosnien und der Herzegovina. Von Robert Michel. Mit</Unicode>
                </TextEquiv>
            </TextLine>
            <TextLine id="r1l20" custom="readingOrder {index:19;}">
                <Coords points="332,1261 1352,1289 1516,1260 1516,1217 332,1218"/>
                <Baseline points="347,1262 404,1261 462,1260 520,1259 578,1259 635,1258 693,1258 751,1258 809,1257 866,1258 924,1258 982,1258 1040,1258 1097,1258 1155,1258 1213,1259 1271,1259 1328,1259 1386,1259 1444,1259 1502,1259"/>
                <TextEquiv>
                    <Unicode>eigenartig mit dem Uebersinnlichen und Unirdischen des</Unicode>
                </TextEquiv>
            </TextLine>
            <TextLine id="r1l21" custom="readingOrder {index:20;}">
                <Coords points="2693,1265 3303,1271 3303,1219 3211,1233 3156,1213 3087,1233 3038,1213 2989,1239 2960,1219 2814,1233 2744,1196 2693,1207"/>
                <Baseline points="2707,1260 2736,1261 2765,1262 2794,1262 2823,1262 2852,1263 2881,1263 2910,1263 2939,1263 2968,1264 2997,1264 3026,1263 3055,1263 3084,1263 3113,1263 3142,1263 3171,1262 3200,1262 3229,1262 3258,1261 3288,1261"/>
                <TextEquiv>
                    <Unicode>Georg Hermann. Verlag E</Unicode>
                </TextEquiv>
            </TextLine>
            <TextLine id="r1l22" custom="readingOrder {index:21;}">
                <Coords points="1529,1299 2690,1278 2689,1244 2600,1236 1528,1253"/>
                <Baseline points="1543,1295 1599,1295 1656,1295 1712,1294 1769,1294 1825,1294 1882,1293 1938,1293 1995,1292 2051,1291 2108,1290 2165,1290 2221,1289 2278,1288 2334,1287 2391,1286 2447,1285 2504,1284 2560,1283 2617,1282 2674,1281"/>
                <TextEquiv>
                    <Unicode>25 Zeichnungen von Max Bucherer. Deutsch=Oesterreichischer</Unicode>
                </TextEquiv>
            </TextLine>
            <TextLine id="r1l23" custom="readingOrder {index:22;}">
                <Coords points="2693,1315 3301,1316 3301,1270 3263,1259 2926,1276 2693,1260"/>
                <Baseline points="2708,1307 2736,1308 2765,1308 2794,1308 2823,1308 2852,1307 2881,1307 2910,1306 2939,1305 2968,1304 2997,1304 3025,1303 3054,1303 3083,1303 3112,1302 3141,1303 3170,1303 3199,1304 3228,1305 3257,1307 3286,1309"/>
                <TextEquiv>
                    <Unicode>Hermann hat die Kraft und die Fa</Unicode>
                </TextEquiv>
            </TextLine>
            <TextLine id="r1l24" custom="readingOrder {index:23;}">
                <Coords points="333,1327 382,1329 414,1339 449,1318 492,1315 515,1326 541,1319 540,1279 525,1279 505,1265 442,1270 427,1264 399,1276 375,1262 332,1260"/>
                <Baseline points="347,1309 372,1309 398,1309 424,1308 449,1307 475,1306 501,1306 527,1307"/>
                <TextEquiv>
                    <Unicode>Inhalts.</Unicode>
                </TextEquiv>
            </TextLine>
            <TextLine id="r1l25" custom="readingOrder {index:24;}">
                <Coords points="1523,1349 2693,1340 2692,1276 1523,1297"/>
                <Baseline points="1537,1337 1594,1337 1651,1338 1708,1338 1765,1338 1822,1338 1879,1337 1936,1337 1993,1336 2050,1335 2108,1334 2165,1334 2222,1333 2279,1332 2336,1331 2393,1330 2450,1329 2507,1329 2564,1329 2621,1328 2679,1328"/>
                <TextEquiv>
                    <Unicode>Verlag, 1912. — Die Eigenart Robert Michels, die in seinen</Unicode>
                </TextEquiv>
            </TextLine>
            <TextLine id="r1l26" custom="readingOrder {index:25;}">
                <Coords points="2698,1355 3222,1368 3279,1345 3279,1319 3193,1307 3115,1305 3095,1322 3014,1305 2896,1323 2698,1312"/>
                <Baseline points="2713,1350 2740,1351 2768,1351 2795,1351 2823,1351 2851,1351 2878,1351 2906,1350 2933,1350 2961,1350 2989,1349 3016,1349 3044,1348 3071,1348 3099,1348 3127,1348 3154,1348 3182,1349 3209,1350 3237,1351 3265,1352"/>
                <TextEquiv>
                    <Unicode>Milieu zu versenken. Er sieht </Unicode>
                </TextEquiv>
            </TextLine>
            <TextLine id="r1l27" custom="readingOrder {index:26;}">
                <Coords points="428,1381 1522,1373 1522,1321 1410,1300 1246,1332 992,1299 428,1320"/>
                <Baseline points="443,1364 496,1364 549,1365 602,1365 656,1365 709,1365 762,1365 816,1365 869,1365 922,1365 976,1365 1029,1365 1082,1366 1135,1366 1189,1366 1242,1366 1295,1367 1349,1367 1402,1367 1455,1368 1509,1368"/>
                <TextEquiv>
                    <Unicode>Doch auch diese Epoche der Hingabe an unbegriffene</Unicode>
                </TextEquiv>
            </TextLine>
            <TextLine id="r1l28" custom="readingOrder {index:27;}">
                <Coords points="1522,1391 2671,1384 2691,1341 1522,1353"/>
                <Baseline points="1537,1384 1594,1384 1651,1383 1708,1383 1765,1382 1822,1382 1879,1382 1936,1381 1993,1381 2050,1380 2107,1380 2164,1379 2221,1378 2278,1377 2335,1376 2392,1375 2449,1374 2506,1373 2563,1371 2620,1369 2677,1367"/>
                <TextEquiv>
                    <Unicode>„Geschichten von In, #ten“ besonders zur Geltung kam, ist in</Unicode>
                </TextEquiv>
            </TextLine>
            <TextLine id="r1l29" custom="readingOrder {index:28;}">
                <Coords points="2697,1400 2772,1405 2795,1388 2885,1413 2919,1390 2954,1404 3020,1386 3202,1407 3256,1401 3256,1355 2697,1357"/>
                <Baseline points="2712,1395 2738,1396 2765,1396 2791,1396 2818,1396 2844,1395 2871,1395 2897,1394 2924,1393 2950,1392 2977,1391 3004,1391 3030,1390 3057,1390 3083,1390 3110,1390 3136,1390 3163,1392 3189,1392 3216,1394 3243,1397"/>
                <TextEquiv>
                    <Unicode>das Drum und Dran, er s</Unicode>
                </TextEquiv>
            </TextLine>
            <TextLine id="r1l30" custom="readingOrder {index:29;}">
                <Coords points="343,1412 1526,1423 1457,1371 654,1387 343,1351"/>
                <Baseline points="356,1414 413,1414 471,1414 529,1414 587,1414 645,1414 702,1414 760,1414 818,1415 876,1415 934,1415 991,1415 1049,1415 1107,1415 1165,1415 1223,1415 1280,1416 1338,1416 1396,1416 1454,1416 1512,1416"/>
                <TextEquiv>
                    <Unicode>Gewalten ging vorbei. Sie mußte vorbeigehen — Schnitz¬</Unicode>
                </TextEquiv>
            </TextLine>
            <TextLine id="r1l31" custom="readingOrder {index:30;}">
                <Coords points="1529,1433 2687,1431 2686,1374 2629,1369 1529,1390"/>
                <Baseline points="1545,1427 1601,1427 1657,1427 1714,1426 1770,1426 1827,1425 1883,1424 1939,1424 1996,1423 2052,1422 2109,1421 2165,1420 2221,1420 2278,1419 2334,1418 2391,1417 2447,1416 2503,1415 2560,1414 2616,1413 2673,1412"/>
                <TextEquiv>
                    <Unicode>seiner neuen Novellensammlung in der Durchleuchtung seltsamer</Unicode>
                </TextEquiv>
            </TextLine>
            <TextLine id="r1l32" custom="readingOrder {index:31;}">
                <Coords points="2692,1449 2770,1452 2799,1432 2819,1452 2917,1452 2946,1429 2983,1447 3312,1445 3312,1416 3234,1396 3202,1410 3150,1378 3101,1401 2920,1389 2885,1412 2796,1389 2692,1397"/>
                <Baseline points="2708,1438 2737,1437 2766,1437 2796,1437 2825,1437 2855,1437 2884,1437 2913,1437 2943,1437 2972,1437 3002,1437 3031,1438 3060,1438 3090,1438 3119,1438 3149,1438 3178,1438 3207,1438 3237,1438 3266,1438 3296,1438"/>
                <TextEquiv>
                    <Unicode>Menschen, er lebt mit ihnen dan</Unicode>
                </TextEquiv>
            </TextLine>
            <TextLine id="r1l33" custom="readingOrder {index:32;}">
                <Coords points="338,1464 1515,1486 1516,1417 338,1415"/>
                <Baseline points="353,1462 410,1462 467,1463 525,1463 582,1464 640,1464 697,1464 754,1465 812,1465 869,1465 927,1465 984,1466 1041,1466 1099,1466 1156,1466 1214,1466 1271,1466 1328,1466 1386,1466 1443,1466 1501,1466"/>
                <TextEquiv>
                    <Unicode>ler ist keine „Dämmerseele“. Sein Geist und sein Gefühl</Unicode>
                </TextEquiv>
            </TextLine>
            <TextLine id="r1l34" custom="readingOrder {index:33;}">
                <Coords points="1532,1474 2687,1469 2687,1420 1532,1434"/>
                <Baseline points="1546,1470 1602,1470 1658,1469 1715,1469 1771,1468 1828,1468 1884,1467 1940,1467 1997,1466 2053,1466 2110,1465 2166,1464 2222,1464 2279,1463 2335,1462 2392,1461 2448,1460 2504,1459 2561,1459 2617,1458 2674,1457"/>
                <TextEquiv>
                    <Unicode>Menschenschicksale, manchmal nur geringfügiger Episoden wir¬</Unicode>
                </TextEquiv>
            </TextLine>
            <TextLine id="r1l35" custom="readingOrder {index:34;}">
                <Coords points="2688,1498 2915,1479 3238,1492 3301,1486 3301,1443 2688,1444"/>
                <Baseline points="2703,1480 2732,1480 2761,1480 2790,1480 2819,1480 2848,1480 2877,1480 2907,1481 2936,1481 2965,1481 2994,1481 3023,1481 3052,1481 3081,1482 3111,1482 3140,1482 3169,1482 3198,1482 3227,1481 3256,1481 3286,1481"/>
                <TextEquiv>
                    <Unicode>Er ist ein Menschenschilderen w</Unicode>
                </TextEquiv>
            </TextLine>
            <TextLine id="r1l36" custom="readingOrder {index:35;}">
                <Coords points="1521,1518 2684,1514 2683,1462 2588,1449 1520,1475"/>
                <Baseline points="1536,1514 1592,1514 1649,1513 1705,1513 1762,1513 1819,1512 1875,1512 1932,1511 1989,1511 2045,1510 2102,1509 2159,1509 2215,1508 2272,1507 2329,1506 2385,1505 2442,1504 2499,1503 2555,1501 2612,1500 2669,1499"/>
                <TextEquiv>
                    <Unicode>kend. Gerade in letzteren, wo gar nichts Erschütterndes geschieht,</Unicode>
                </TextEquiv>
            </TextLine>
            <TextLine id="r1l37" custom="readingOrder {index:36;}">
                <Coords points="333,1512 1519,1516 1487,1473 1364,1462 333,1480"/>
                <Baseline points="348,1518 405,1516 463,1514 521,1513 579,1512 637,1512 694,1511 752,1511 810,1512 868,1512 926,1512 983,1513 1041,1513 1099,1513 1157,1514 1215,1514 1272,1514 1330,1513 1388,1513 1446,1512 1504,1511"/>
                <TextEquiv>
                    <Unicode>mögen sich zuweilen ins Grenzenlose verirren, er steht den¬</Unicode>
                </TextEquiv>
            </TextLine>
            <TextLine id="r1l38" custom="readingOrder {index:37;}">
                <Coords points="2693,1533 2800,1544 2904,1523 3045,1543 3229,1531 3252,1513 3281,1525 3281,1484 3260,1481 2693,1481"/>
                <Baseline points="2707,1525 2734,1525 2762,1525 2790,1525 2818,1524 2846,1524 2874,1524 2902,1524 2930,1523 2958,1523 2986,1523 3013,1523 3041,1523 3069,1523 3097,1523 3125,1523 3153,1523 3181,1523 3209,1523 3237,1523 3265,1523"/>
                <TextEquiv>
                    <Unicode>prachtvolle epische Ruhe und</Unicode>
                </TextEquiv>
            </TextLine>
            <TextLine id="r1l39" custom="readingOrder {index:38;}">
                <Coords points="1530,1561 2668,1560 2685,1508 1530,1517"/>
                <Baseline points="1546,1556 1602,1556 1658,1555 1714,1555 1771,1555 1827,1554 1883,1554 1940,1553 1996,1553 2052,1552 2109,1552 2165,1551 2221,1551 2277,1550 2334,1549 2390,1547 2446,1546 2503,1545 2559,1543 2615,1541 2672,1539"/>
                <TextEquiv>
                    <Unicode>wenn man ein Gespräch über Jugenderinnerungen, ein Schul¬</Unicode>
                </TextEquiv>
            </TextLine>
            <TextLine id="r1l40" custom="readingOrder {index:39;}">
                <Coords points="337,1559 1426,1578 1529,1561 1529,1515 337,1533"/>
                <Baseline points="352,1563 410,1561 468,1559 526,1558 584,1557 642,1557 700,1557 758,1558 816,1558 874,1559 933,1560 991,1561 1049,1561 1107,1562 1165,1562 1223,1562 1281,1562 1339,1561 1397,1560 1455,1559 1514,1556"/>
                <TextEquiv>
                    <Unicode>noch wurzelfest auf der Erde und namentlich auf wiene¬</Unicode>
                </TextEquiv>
            </TextLine>
            <TextLine id="r1l41" custom="readingOrder {index:40;}">
                <Coords points="2697,1574 3106,1583 3137,1559 3267,1582 3313,1567 3313,1527 3249,1516 3045,1543 2901,1523 2696,1530"/>
                <Baseline points="2711,1569 2740,1570 2769,1570 2799,1570 2828,1570 2857,1570 2887,1569 2916,1569 2945,1569 2975,1569 3004,1568 3033,1568 3063,1568 3092,1567 3121,1567 3151,1567 3180,1567 3209,1567 3239,1567 3268,1568 3298,1568"/>
                <TextEquiv>
                    <Unicode>trotz aller Breite und Weitschie</Unicode>
                </TextEquiv>
            </TextLine>
            <TextLine id="r1l42" custom="readingOrder {index:41;}">
                <Coords points="1531,1607 2536,1607 2665,1599 2688,1556 1530,1561"/>
                <Baseline points="1545,1599 1601,1600 1658,1600 1714,1600 1771,1600 1827,1600 1884,1600 1940,1599 1997,1598 2053,1598 2110,1597 2166,1596 2223,1595 2279,1594 2336,1593 2392,1592 2449,1591 2505,1591 2562,1590 2618,1589 2675,1589"/>
                <TextEquiv>
                    <Unicode>intermezzo nicht etwa dafür nehmen will, schwingt ein Ton,</Unicode>
                </TextEquiv>
            </TextLine>
            <TextLine id="r1l43" custom="readingOrder {index:42;}">
                <Coords points="342,1610 1522,1623 1522,1556 342,1564"/>
                <Baseline points="355,1611 412,1610 470,1610 528,1609 585,1609 643,1609 701,1609 758,1609 816,1610 874,1610 932,1610 989,1611 1047,1611 1105,1611 1162,1611 1220,1611 1278,1611 1335,1611 1393,1610 1451,1609 1509,1608"/>
                <TextEquiv>
                    <Unicode>rischer Erde. Er muß dies selbst endlich empfunden, sich</Unicode>
                </TextEquiv>
            </TextLine>
            <TextLine id="r1l44" custom="readingOrder {index:43;}">
                <Coords points="2695,1625 2943,1613 3000,1633 3023,1615 3095,1626 3118,1606 3271,1620 3300,1617 3300,1573 3138,1557 3095,1575 2695,1574"/>
                <Baseline points="2709,1615 2737,1614 2766,1614 2795,1614 2824,1614 2852,1614 2881,1613 2910,1613 2939,1613 2967,1613 2996,1613 3025,1612 3054,1612 3082,1612 3111,1612 3140,1612 3169,1612 3197,1612 3226,1612 3255,1612 3284,1612"/>
                <TextEquiv>
                    <Unicode>sondern das Behagen, mit dem</Unicode>
                </TextEquiv>
            </TextLine>
            <TextLine id="r1l45" custom="readingOrder {index:44;}">
                <Coords points="1528,1651 2585,1647 2689,1636 2688,1587 1527,1608"/>
                <Baseline points="1541,1645 1597,1645 1654,1644 1711,1644 1767,1643 1824,1643 1881,1642 1937,1642 1994,1641 2051,1641 2108,1640 2164,1639 2221,1638 2278,1637 2334,1636 2391,1635 2448,1634 2504,1632 2561,1631 2618,1629 2675,1627"/>
                <TextEquiv>
                    <Unicode>der nach vollendeter Lektüre ganz selten nur berührte Saiten</Unicode>
                </TextEquiv>
            </TextLine>
            <TextLine id="r1l46" custom="readingOrder {index:45;}">
                <Coords points="340,1676 1066,1648 1394,1677 1523,1651 1523,1607 982,1637 340,1612"/>
                <Baseline points="353,1658 410,1657 468,1656 526,1656 584,1655 642,1655 699,1655 757,1655 815,1656 873,1656 931,1656 988,1657 1046,1657 1104,1657 1162,1657 1220,1656 1277,1656 1335,1655 1393,1654 1451,1653 1509,1651"/>
                <TextEquiv>
                    <Unicode>hierauf besonnen haben, als er dann an sein bishe:</Unicode>
                </TextEquiv>
            </TextLine>
            <TextLine id="r1l47" custom="readingOrder {index:46;}">
                <Coords points="2690,1662 2831,1679 2894,1656 3324,1668 3324,1616 3306,1613 2690,1619"/>
                <Baseline points="2703,1656 2733,1656 2763,1656 2793,1656 2824,1656 2854,1656 2884,1655 2915,1655 2945,1655 2975,1655 3006,1655 3036,1655 3066,1655 3096,1655 3127,1655 3157,1656 3187,1656 3218,1656 3248,1656 3278,1656 3309,1656"/>
                <TextEquiv>
                    <Unicode>übergehen fühlt. Wir sehen förm</Unicode>
                </TextEquiv>
            </TextLine>
            <TextLine id="r1l48" custom="readingOrder {index:47;}">
                <Coords points="1526,1697 2686,1690 2686,1638 1525,1654"/>
                <Baseline points="1539,1686 1595,1687 1652,1687 1709,1686 1765,1686 1822,1686 1879,1685 1935,1685 1992,1684 2049,1683 2106,1682 2162,1681 2219,1680 2276,1679 2332,1679 2389,1678 2446,1677 2502,1676 2559,1675 2616,1674 2673,1673"/>
                <TextEquiv>
                    <Unicode>unseres Gemüts in Schwingungen versetzt. Es eröffnen sich</Unicode>
                </TextEquiv>
            </TextLine>
            <TextLine id="r1l49" custom="readingOrder {index:48;}">
                <Coords points="2694,1712 3316,1710 3316,1663 2915,1671 2895,1656 2835,1677 2693,1660"/>
                <Baseline points="2709,1701 2738,1701 2768,1702 2797,1702 2827,1702 2857,1702 2886,1702 2916,1702 2945,1702 2975,1702 3005,1702 3034,1701 3064,1701 3093,1701 3123,1701 3153,1700 3182,1700 3212,1700 3241,1700 3271,1700 3301,1700"/>
                <TextEquiv>
                    <Unicode>legene, und doch so unendlich ver</Unicode>
                </TextEquiv>
            </TextLine>
            <TextLine id="r1l50" custom="readingOrder {index:49;}">
                <Coords points="335,1711 1530,1727 1502,1658 335,1670"/>
                <Baseline points="349,1709 407,1707 465,1706 524,1704 582,1703 640,1703 699,1703 757,1703 815,1703 874,1704 932,1704 990,1705 1049,1705 1107,1706 1165,1706 1224,1706 1282,1706 1340,1705 1399,1704 1457,1703 1516,1701"/>
                <TextEquiv>
                    <Unicode>größtes Prosawerk, an den Roman schritt, dessen Tie!</Unicode>
                </TextEquiv>
            </TextLine>
            <TextLine id="r1l51" custom="readingOrder {index:50;}">
                <Coords points="1535,1728 2681,1745 2680,1682 2605,1668 1534,1699"/>
                <Baseline points="1548,1729 1606,1729 1665,1730 1724,1730 1783,1730 1842,1729 1901,1729 1960,1728 2019,1728 2078,1727 2136,1726 2195,1725 2254,1725 2313,1724 2372,1723 2431,1722 2490,1722 2549,1721 2608,1721 2667,1721"/>
                <TextEquiv>
                    <Unicode>Zusblicke auf ein ganzes Menschenleben, aus der einen gering¬</Unicode>
                </TextEquiv>
            </TextLine>
            <TextLine id="r1l52" custom="readingOrder {index:51;}">
                <Coords points="2690,1743 2837,1761 3032,1742 3099,1762 3119,1744 3315,1751 3314,1705 3288,1702 2689,1708"/>
                <Baseline points="2704,1746 2733,1746 2763,1746 2793,1746 2823,1745 2853,1745 2882,1745 2912,1745 2942,1744 2972,1744 3002,1744 3031,1744 3061,1743 3091,1743 3121,1743 3151,1742 3180,1742 3210,1742 3240,1741 3270,1741 3300,1740"/>
                <TextEquiv>
                    <Unicode>er seine Menschen betrachtet und</Unicode>
                </TextEquiv>
            </TextLine>
            <TextLine id="r1l53" custom="readingOrder {index:52;}">
                <Coords points="333,1769 1505,1750 1505,1713 1399,1702 333,1712"/>
                <Baseline points="348,1760 405,1758 462,1756 519,1755 576,1754 634,1753 691,1752 748,1751 805,1751 862,1751 920,1751 977,1751 1034,1751 1091,1751 1148,1751 1206,1751 1263,1751 1320,1751 1377,1750 1434,1750 1492,1749"/>
                <TextEquiv>
                    <Unicode>das deutliche Geständnis einer Selbstbefreiung und Uere¬</Unicode>
                </TextEquiv>
            </TextLine>
            <TextLine id="r1l54" custom="readingOrder {index:53;}">
                <Coords points="340,1807 2672,1737 339,1761"/>
                <Baseline points="355,1802 470,1805 585,1806 700,1807 815,1806 930,1805 1045,1803 1161,1800 1276,1796 1391,1793 1506,1789 1621,1784 1736,1780 1851,1776 1967,1773 2082,1769 2197,1767 2312,1765 2427,1764 2542,1763 2658,1764"/>
                <TextEquiv>
                    <Unicode>windung enthält, als er den „Weg ins Freie“ schried; fügigen Episode löst sich die Ahnung eines Schicksals los ...</Unicode>
                </TextEquiv>
            </TextLine>
            <TextLine id="r1l55" custom="readingOrder {index:54;}">
                <Coords points="2691,1783 2884,1808 2921,1787 3203,1805 3304,1798 3304,1749 2690,1743"/>
                <Baseline points="2704,1788 2733,1789 2762,1789 2791,1789 2821,1789 2850,1789 2879,1789 2909,1788 2938,1788 2967,1788 2997,1787 3026,1787 3055,1786 3084,1786 3114,1786 3143,1785 3172,1785 3202,1785 3231,1785 3260,1786 3290,1786"/>
                <TextEquiv>
                    <Unicode>Gebert und Henriett: Jakoby ha</Unicode>
                </TextEquiv>
            </TextLine>
            <TextLine id="r1l56" custom="readingOrder {index:55;}">
                <Coords points="1523,1835 2689,1817 2688,1768 2510,1762 1522,1786"/>
                <Baseline points="1537,1823 1593,1822 1650,1821 1707,1820 1764,1819 1821,1818 1878,1817 1935,1816 1992,1815 2049,1814 2106,1813 2162,1812 2219,1811 2276,1810 2333,1809 2390,1809 2447,1808 2504,1808 2561,1807 2618,1807 2675,1807"/>
                <TextEquiv>
                    <Unicode>Immer wieder stößt man auf Stellen, wo die Kondensierung</Unicode>
                </TextEquiv>
            </TextLine>
            <TextLine id="r1l57" custom="readingOrder {index:56;}">
                <Coords points="2696,1838 2963,1846 3015,1823 3093,1845 3116,1828 3274,1845 3318,1825 3317,1784 3125,1805 3093,1788 2926,1791 2885,1809 2695,1792"/>
                <Baseline points="2709,1830 2738,1831 2768,1831 2797,1832 2827,1832 2857,1832 2886,1832 2916,1832 2946,1832 2975,1832 3005,1832 3035,1832 3064,1832 3094,1831 3124,1831 3153,1831 3183,1830 3213,1830 3242,1830 3272,1830 3302,1829"/>
                <TextEquiv>
                    <Unicode>Vorzüge, wenn auch der hum</Unicode>
                </TextEquiv>
            </TextLine>
            <TextLine id="r1l58" custom="readingOrder {index:57;}">
                <Coords points="339,1861 1528,1858 1476,1804 1344,1790 1148,1823 339,1806"/>
                <Baseline points="353,1856 411,1855 469,1855 527,1854 585,1854 643,1853 701,1852 759,1852 817,1851 875,1851 933,1850 991,1850 1049,1850 1107,1849 1165,1849 1223,1849 1281,1848 1339,1848 1397,1848 1455,1848 1513,1848"/>
                <TextEquiv>
                    <Unicode>(der später erschien, doch früher entstand als die Novellen in</Unicode>
                </TextEquiv>
            </TextLine>
            <TextLine id="r1l59" custom="readingOrder {index:58;}">
                <Coords points="1534,1872 2609,1863 2689,1853 2689,1816 1534,1829"/>
                <Baseline points="1549,1861 1605,1862 1661,1862 1717,1862 1774,1862 1830,1861 1886,1861 1942,1861 1999,1860 2055,1859 2111,1858 2167,1857 2224,1857 2280,1856 2336,1854 2392,1853 2449,1852 2505,1851 2561,1850 2617,1849 2674,1848"/>
                <TextEquiv>
                    <Unicode>eines lange währenden Prozesses zu einem knappen Ereignis</Unicode>
                </TextEquiv>
            </TextLine>
            <TextLine id="r1l60" custom="readingOrder {index:59;}">
                <Coords points="2692,1890 3314,1880 3313,1843 2812,1834 2795,1852 2769,1837 2691,1856"/>
                <Baseline points="2705,1881 2734,1880 2764,1879 2793,1878 2823,1877 2853,1877 2882,1876 2912,1876 2942,1876 2971,1875 3001,1875 3031,1875 3060,1875 3090,1874 3120,1874 3149,1874 3179,1874 3209,1874 3238,1873 3268,1873 3298,1873"/>
                <TextEquiv>
                    <Unicode>noch stärkeren Griff in das mit a</Unicode>
                </TextEquiv>
            </TextLine>
            <TextLine id="r1l61" custom="readingOrder {index:60;}">
                <Coords points="865,1907 1133,1902 1205,1923 1306,1897 1531,1898 1531,1852 1396,1877 1352,1854 1300,1874 1243,1854 1203,1874 1041,1850 866,1864"/>
                <Baseline points="881,1897 912,1897 944,1897 976,1897 1008,1897 1040,1897 1071,1897 1103,1898 1135,1898 1167,1898 1199,1899 1230,1899 1262,1899 1294,1899 1326,1899 1358,1899 1389,1899 1421,1899 1453,1899 1485,1898 1517,1898"/>
                <TextEquiv>
                    <Unicode>Dieser Roman, der bis zum</Unicode>
                </TextEquiv>
            </TextLine>
            <TextLine id="r1l62" custom="readingOrder {index:61;}">
                <Coords points="341,1911 534,1905 604,1926 640,1898 670,1912 854,1909 852,1854 823,1846 734,1864 662,1854 637,1873 616,1856 340,1862"/>
                <Baseline points="355,1910 380,1908 406,1906 431,1906 457,1904 482,1904 508,1903 533,1903 559,1902 584,1902 610,1901 635,1901 661,1901 686,1900 712,1899 737,1898 763,1896 788,1894 814,1891 840,1889"/>
                <TextEquiv>
                    <Unicode>„Masken und Wunder").</Unicode>
                </TextEquiv>
            </TextLine>
            <TextLine id="r1l63" custom="readingOrder {index:62;}">
                <Coords points="1536,1917 2691,1911 2690,1850 1536,1871"/>
                <Baseline points="1550,1909 1606,1908 1662,1907 1719,1906 1775,1906 1831,1905 1888,1904 1944,1903 2000,1902 2057,1901 2113,1901 2169,1900 2226,1899 2282,1898 2338,1897 2395,1896 2451,1895 2507,1894 2564,1893 2620,1892 2677,1891"/>
                <TextEquiv>
                    <Unicode>vollauf genügt, die durchschrittene Bahn des Geschehens deutlich</Unicode>
                </TextEquiv>
            </TextLine>
            <TextLine id="r1l64" custom="readingOrder {index:63;}">
                <Coords points="2700,1933 3045,1918 3235,1938 3310,1926 3310,1886 2699,1884"/>
                <Baseline points="2713,1920 2742,1920 2771,1920 2800,1919 2829,1919 2858,1919 2887,1919 2917,1919 2946,1919 2975,1919 3004,1920 3033,1920 3062,1920 3091,1920 3121,1920 3150,1919 3179,1919 3208,1919 3237,1918 3266,1918 3296,1917"/>
                <TextEquiv>
                    <Unicode>deutet. Unendlich fein aber, i</Unicode>
                </TextEquiv>
            </TextLine>
            <TextLine id="r1l65" custom="readingOrder {index:64;}">
                <Coords points="1523,1959 2680,1949 2703,1897 1522,1905"/>
                <Baseline points="1537,1953 1594,1953 1652,1952 1709,1951 1767,1950 1824,1949 1882,1948 1939,1947 1997,1946 2054,1945 2112,1944 2170,1943 2227,1941 2285,1940 2342,1939 2400,1938 2457,1937 2515,1936 2572,1935 2630,1934 2688,1933"/>
                <TextEquiv>
                    <Unicode>erraten zu lassen und, was künstlerisch einen Meistergriff be¬</Unicode>
                </TextEquiv>
            </TextLine>
            <TextLine id="r1l66" custom="readingOrder {index:65;}">
                <Coords points="332,1963 1524,1968 1524,1899 332,1902"/>
                <Baseline points="347,1951 405,1951 463,1950 521,1949 579,1949 637,1948 695,1948 754,1947 812,1947 870,1946 928,1946 986,1946 1044,1946 1102,1945 1161,1945 1219,1945 1277,1945 1335,1945 1393,1946 1451,1946 1510,1946"/>
                <TextEquiv>
                    <Unicode>Rande vom Reize Schnitzlerschen Geistes, von der Kraft</Unicode>
                </TextEquiv>
            </TextLine>
            <TextLine id="r1l67" custom="readingOrder {index:66;}">
                <Coords points="2692,1972 3237,1961 3260,1978 3306,1961 3306,1924 2692,1934"/>
                <Baseline points="2708,1964 2737,1963 2766,1962 2795,1962 2824,1961 2853,1961 2882,1961 2911,1961 2940,1961 2969,1962 2999,1962 3028,1962 3057,1962 3086,1963 3115,1963 3144,1963 3173,1963 3202,1963 3231,1963 3260,1962 3290,1962"/>
                <TextEquiv>
                    <Unicode>manns vielgestaltiges Talent zu</Unicode>
                </TextEquiv>
            </TextLine>
            <TextLine id="r1l68" custom="readingOrder {index:67;}">
                <Coords points="1527,1998 2694,1995 2693,1951 2606,1927 1527,1952"/>
                <Baseline points="1542,1996 1598,1996 1655,1995 1712,1995 1769,1994 1826,1993 1883,1992 1940,1991 1997,1990 2054,1989 2111,1988 2167,1987 2224,1986 2281,1985 2338,1983 2395,1982 2452,1981 2509,1980 2566,1979 2623,1979 2680,1978"/>
                <TextEquiv>
                    <Unicode>deutet, aus dem Einzelfall das typische Schicksal einer Mehrheit</Unicode>
                </TextEquiv>
            </TextLine>
            <TextLine id="r1l69" custom="readingOrder {index:68;}">
                <Coords points="341,2000 1485,2006 1522,1959 341,1960"/>
                <Baseline points="355,1999 412,1999 470,1999 528,1999 585,1998 643,1998 701,1998 758,1997 816,1997 874,1997 932,1996 989,1996 1047,1996 1105,1995 1162,1995 1220,1995 1278,1995 1335,1994 1393,1994 1451,1994 1509,1995"/>
                <TextEquiv>
                    <Unicode>Schnitzlerscher Anschauung erfüllt ist, war bald ein be¬</Unicode>
                </TextEquiv>
            </TextLine>
            <TextLine id="r1l70" custom="readingOrder {index:69;}">
                <Coords points="2701,2013 3309,2014 3309,1959 2701,1970"/>
                <Baseline points="2717,2005 2745,2005 2774,2005 2803,2005 2832,2005 2861,2005 2890,2005 2918,2005 2947,2005 2976,2005 3005,2005 3034,2005 3063,2005 3092,2005 3120,2005 3149,2004 3178,2004 3207,2004 3236,2003 3265,2002 3294,2001"/>
                <TextEquiv>
                    <Unicode>neuester Roman. Roman? Es i</Unicode>
                </TextEquiv>
            </TextLine>
            <TextLine id="r1l71" custom="readingOrder {index:70;}">
                <Coords points="1519,2040 2666,2043 2691,1985 1519,2002"/>
                <Baseline points="1535,2039 1592,2039 1649,2039 1706,2038 1763,2038 1820,2037 1877,2036 1935,2036 1992,2035 2049,2034 2106,2033 2163,2032 2220,2031 2277,2030 2335,2029 2392,2028 2449,2027 2506,2026 2563,2025 2620,2025 2678,2024"/>
                <TextEquiv>
                    <Unicode>sich losschälen zu sehen. Daß ein Oberst in Pension geht und</Unicode>
                </TextEquiv>
            </TextLine>
            <TextLine id="r1l72" custom="readingOrder {index:71;}">
                <Coords points="348,2060 1532,2040 1531,1986 348,2005"/>
                <Baseline points="362,2047 419,2047 477,2047 535,2047 593,2047 651,2047 708,2046 766,2045 824,2045 882,2044 940,2043 997,2042 1055,2042 1113,2041 1171,2041 1229,2041 1286,2041 1344,2041 1402,2041 1460,2042 1518,2043"/>
                <TextEquiv>
                    <Unicode>rühmtes Buch und galt bald als der beste Wiener Ro¬</Unicode>
                </TextEquiv>
            </TextLine>
            <TextLine id="r1l73" custom="readingOrder {index:72;}">
                <Coords points="2705,2056 3312,2061 3312,2004 2704,2015"/>
                <Baseline points="2718,2052 2747,2052 2776,2052 2805,2051 2834,2051 2863,2051 2892,2051 2921,2052 2950,2052 2979,2052 3008,2051 3037,2051 3066,2051 3095,2051 3124,2050 3153,2050 3182,2049 3211,2048 3240,2047 3269,2045 3298,2044"/>
                <TextEquiv>
                    <Unicode>unendlich klein, die Fabel so sub</Unicode>
                </TextEquiv>
            </TextLine>
            <TextLine id="r1l74" custom="readingOrder {index:73;}">
                <Coords points="1533,2092 2651,2077 2694,2068 2693,2019 1532,2046"/>
                <Baseline points="1547,2087 1603,2086 1660,2084 1716,2083 1773,2081 1830,2080 1886,2079 1943,2078 1999,2078 2056,2077 2113,2076 2169,2076 2226,2075 2282,2074 2339,2073 2396,2072 2452,2070 2509,2069 2565,2067 2622,2065 2679,2063"/>
                <TextEquiv>
                    <Unicode>bald darauf stirbt, ist ein einfaches Geschehnis, das zu sentimen¬</Unicode>
                </TextEquiv>
            </TextLine>
            <TextLine id="r1l75" custom="readingOrder {index:74;}">
                <Coords points="346,2118 1362,2112 1463,2066 1201,2067 1160,2033 345,2057"/>
                <Baseline points="360,2100 414,2098 468,2098 523,2097 577,2096 632,2095 686,2094 740,2093 795,2093 849,2092 904,2092 958,2091 1012,2091 1067,2091 1121,2091 1176,2091 1230,2092 1284,2092 1339,2093 1393,2094 1448,2096"/>
                <TextEquiv>
                    <Unicode>man“. Ob er das im üblichen Sinne ist, ist fraglich</Unicode>
                </TextEquiv>
            </TextLine>
            <TextLine id="r1l76" custom="readingOrder {index:75;}">
                <Coords points="2698,2101 3312,2103 3311,2057 3231,2048 3095,2066 2698,2055"/>
                <Baseline points="2713,2096 2742,2095 2771,2095 2800,2095 2830,2095 2859,2095 2888,2095 2917,2094 2947,2094 2976,2094 3005,2094 3034,2094 3064,2094 3093,2094 3122,2094 3151,2094 3181,2094 3210,2094 3239,2094 3268,2094 3298,2094"/>
                <TextEquiv>
                    <Unicode>Beiwerkes entkleidet, zu einem g</Unicode>
                </TextEquiv>
            </TextLine>
            <TextLine id="r1l77" custom="readingOrder {index:76;}">
                <Coords points="1528,2144 2694,2119 2670,2067 1527,2092"/>
                <Baseline points="1543,2128 1599,2127 1656,2126 1713,2125 1770,2124 1827,2123 1884,2123 1940,2122 1997,2121 2054,2120 2111,2119 2168,2118 2225,2117 2282,2116 2338,2115 2395,2114 2452,2113 2509,2112 2566,2111 2623,2110 2680,2109"/>
                <TextEquiv>
                    <Unicode>talen Bemerkungen nur dem Durchschnittsmenschen Anlaß zu</Unicode>
                </TextEquiv>
            </TextLine>
            <TextLine id="r1l78" custom="readingOrder {index:77;}">
                <Coords points="349,2157 815,2130 991,2164 1357,2135 1417,2166 1518,2146 1518,2097 349,2102"/>
                <Baseline points="362,2144 419,2143 476,2141 533,2140 590,2140 647,2139 704,2139 762,2139 819,2139 876,2139 933,2139 990,2139 1047,2140 1104,2140 1162,2140 1219,2140 1276,2140 1333,2140 1390,2140 1447,2139 1505,2138"/>
                <TextEquiv>
                    <Unicode>und auch gleichgültig. Er bringt nur einen sehr kleinen</Unicode>
                </TextEquiv>
            </TextLine>
            <TextLine id="r1l79" custom="readingOrder {index:78;}">
                <Coords points="2692,2153 3032,2136 3271,2148 3314,2139 3314,2099 2692,2107"/>
                <Baseline points="2707,2144 2736,2143 2766,2142 2796,2141 2825,2141 2855,2140 2885,2140 2914,2140 2944,2140 2974,2139 3004,2139 3033,2139 3063,2139 3093,2139 3122,2139 3152,2139 3182,2138 3211,2138 3241,2138 3271,2137 3301,2136"/>
                <TextEquiv>
                    <Unicode>sammenschrumpft. Ein alternder</Unicode>
                </TextEquiv>
            </TextLine>
            <TextLine id="r1l80" custom="readingOrder {index:79;}">
                <Coords points="1535,2177 2690,2158 2689,2114 2631,2098 2289,2136 1534,2131"/>
                <Baseline points="1549,2172 1605,2172 1661,2170 1718,2169 1774,2168 1830,2168 1887,2167 1943,2166 1999,2165 2056,2164 2112,2163 2168,2162 2225,2161 2281,2160 2337,2159 2394,2158 2450,2157 2506,2156 2563,2155 2619,2154 2676,2153"/>
                <TextEquiv>
                    <Unicode>geben vermag. Daß aber der Dichter des alten Offiziees Sehn¬</Unicode>
                </TextEquiv>
            </TextLine>
            <TextLine id="r1l81" custom="readingOrder {index:80;}">
                <Coords points="2694,2189 3293,2190 3313,2184 3313,2141 2694,2149"/>
                <Baseline points="2707,2187 2736,2185 2766,2184 2795,2182 2825,2181 2854,2180 2884,2179 2913,2179 2943,2179 2972,2179 3002,2179 3032,2179 3061,2180 3091,2180 3120,2180 3150,2181 3179,2181 3209,2181 3238,2182 3268,2182 3298,2182"/>
                <TextEquiv>
                    <Unicode>ein zusammenbrechender Literat,</Unicode>
                </TextEquiv>
            </TextLine>
            <TextLine id="r1l82" custom="readingOrder {index:81;}">
                <Coords points="348,2211 806,2178 1520,2206 1531,2148 348,2153"/>
                <Baseline points="361,2189 418,2190 476,2190 534,2190 592,2190 650,2190 708,2190 765,2190 823,2190 881,2189 939,2189 997,2189 1055,2189 1113,2189 1170,2188 1228,2188 1286,2188 1344,2188 1402,2188 1460,2188 1518,2188"/>
                <TextEquiv>
                    <Unicode>Teil Wiens; schildert nur ein paar Gestalten aus der</Unicode>
                </TextEquiv>
            </TextLine>
            <TextLine id="r1l83" custom="readingOrder {index:82;}">
                <Coords points="1530,2218 2691,2208 2673,2154 1530,2172"/>
                <Baseline points="1545,2215 1601,2214 1658,2213 1714,2212 1771,2211 1827,2211 1884,2210 1940,2209 1997,2208 2053,2208 2110,2207 2166,2206 2223,2205 2279,2204 2336,2203 2392,2201 2449,2199 2505,2198 2562,2196 2618,2194 2675,2192"/>
                <TextEquiv>
                    <Unicode>sucht nach dem Soldatenleben an kleinen Handlungen, Gewohn¬</Unicode>
                </TextEquiv>
            </TextLine>
            <TextLine id="r1l84" custom="readingOrder {index:83;}">
                <Coords points="2701,2230 2847,2244 2882,2223 2980,2249 3040,2228 3133,2251 3184,2230 3208,2247 3314,2238 3314,2180 2700,2193"/>
                <Baseline points="2716,2229 2745,2229 2774,2228 2803,2227 2832,2227 2862,2226 2891,2226 2920,2226 2949,2225 2978,2225 3008,2225 3037,2225 3066,2225 3095,2225 3124,2225 3154,2225 3183,2225 3212,2225 3241,2225 3270,2225 3300,2225"/>
                <TextEquiv>
                    <Unicode>Gutzeit, verbummeln eine Nacht</Unicode>
                </TextEquiv>
            </TextLine>
            <TextLine id="r1l85" custom="readingOrder {index:84;}">
                <Coords points="336,2263 1491,2252 1517,2194 336,2205"/>
                <Baseline points="351,2240 408,2239 466,2238 523,2237 581,2236 639,2236 696,2236 754,2236 811,2236 869,2236 927,2237 984,2237 1042,2237 1099,2237 1157,2237 1215,2237 1272,2237 1330,2236 1387,2235 1445,2234 1503,2233"/>
                <TextEquiv>
                    <Unicode>reichen jüdischen Gesellschaft, aus den Kreisen des Sports</Unicode>
                </TextEquiv>
            </TextLine>
            <TextLine id="r1l86" custom="readingOrder {index:85;}">
                <Coords points="1533,2269 2636,2261 2702,2238 2702,2194 1533,2220"/>
                <Baseline points="1547,2257 1604,2257 1661,2256 1718,2256 1775,2255 1832,2255 1889,2254 1946,2254 2003,2253 2060,2252 2117,2251 2174,2250 2231,2250 2288,2249 2345,2248 2402,2247 2459,2247 2516,2246 2573,2246 2630,2245 2687,2245"/>
                <TextEquiv>
                    <Unicode>heiten, Abgewöhnungen des Greises demonstriert, ohne das</Unicode>
                </TextEquiv>
            </TextLine>
            <TextLine id="r1l87" custom="readingOrder {index:86;}">
                <Coords points="3117,2276 3138,2275 3155,2280 3164,2276 3170,2282 3190,2281 3187,2229 3158,2230 3138,2237 3135,2234 3130,2238 3115,2238"/>
                <Baseline points="3131,2267 3175,2265"/>
                <TextEquiv>
                    <Unicode>es</Unicode>
                </TextEquiv>
            </TextLine>
            <TextLine id="r1l88" custom="readingOrder {index:87;}">
                <Coords points="2700,2283 2714,2283 2723,2274 2740,2283 2769,2275 2783,2284 2821,2281 2841,2290 2861,2273 2879,2274 2879,2239 2856,2236 2839,2247 2824,2235 2813,2238 2807,2232 2796,2241 2787,2235 2701,2231"/>
                <Baseline points="2715,2270 2744,2271 2774,2271 2803,2270 2833,2271 2863,2274"/>
                <TextEquiv>
                    <Unicode>Berlin,</Unicode>
                </TextEquiv>
            </TextLine>
            <TextLine id="r1l89" custom="readingOrder {index:88;}">
                <Coords points="2863,2271 2895,2267 2910,2281 2968,2279 3023,2294 3062,2270 3094,2275 3126,2265 3124,2230 2900,2235 2862,2222"/>
                <Baseline points="2877,2275 2903,2274 2929,2274 2955,2273 2981,2272 3007,2271 3033,2270 3059,2269 3085,2268 3111,2267"/>
                <TextEquiv>
                    <Unicode>sie sehen</Unicode>
                </TextEquiv>
            </TextLine>
            <TextLine id="r1l90" custom="readingOrder {index:89;}">
                <Coords points="345,2300 1531,2291 1450,2237 345,2253"/>
                <Baseline points="359,2290 416,2289 474,2289 532,2288 590,2288 648,2287 706,2287 763,2287 821,2286 879,2286 937,2286 995,2286 1053,2285 1111,2285 1168,2285 1226,2285 1284,2285 1342,2285 1400,2284 1458,2284 1516,2284"/>
                <TextEquiv>
                    <Unicode>und der Aristokratie. Aber diese wenigen Meuschen lassen</Unicode>
                </TextEquiv>
            </TextLine>
            <TextLine id="r1l91" custom="readingOrder {index:90;}">
                <Coords points="2379,2297 2420,2302 2448,2287 2466,2298 2486,2286 2529,2299 2552,2290 2633,2294 2632,2254 2609,2246 2583,2252 2499,2245 2482,2263 2468,2255 2451,2264 2421,2250 2378,2254"/>
                <Baseline points="2395,2291 2423,2289 2451,2288 2479,2287 2507,2287 2535,2286 2563,2286 2591,2285 2619,2285"/>
                <TextEquiv>
                    <Unicode>zu lassen,</Unicode>
                </TextEquiv>
            </TextLine>
            <TextLine id="r1l92" custom="readingOrder {index:91;}">
                <Coords points="1529,2320 1688,2312 1713,2286 1760,2323 2070,2290 2151,2315 2214,2283 2353,2307 2384,2252 1529,2265"/>
                <Baseline points="1543,2303 1584,2302 1625,2301 1667,2300 1708,2300 1750,2299 1791,2298 1832,2298 1874,2298 1915,2297 1957,2297 1998,2297 2039,2296 2081,2296 2122,2296 2164,2295 2205,2294 2246,2293 2288,2293 2329,2292 2371,2290"/>
                <TextEquiv>
                    <Unicode>zehrende Gefühl jemals Wort werden</Unicode>
                </TextEquiv>
            </TextLine>
            <TextLine id="r1l93" custom="readingOrder {index:92;}">
                <Coords points="2699,2320 2852,2308 2901,2340 2936,2317 3031,2311 3097,2337 3154,2316 3224,2339 3247,2316 3319,2316 3318,2281 3252,2267 3146,2279 3111,2262 3031,2291 2895,2265 2835,2288 2699,2277"/>
                <Baseline points="2713,2316 2742,2315 2772,2315 2801,2314 2831,2314 2860,2314 2890,2313 2919,2312 2949,2312 2978,2312 3008,2311 3037,2311 3067,2311 3096,2311 3126,2311 3155,2312 3185,2312 3214,2313 3244,2314 3273,2316 3303,2318"/>
                <TextEquiv>
                    <Unicode>kosten seine Stimmungen</Unicode>
                </TextEquiv>
            </TextLine>
            <TextLine id="r1l94" custom="readingOrder {index:93;}">
                <Coords points="347,2345 1525,2329 1478,2287 347,2298"/>
                <Baseline points="360,2340 417,2339 474,2339 532,2339 589,2339 647,2339 704,2338 762,2338 819,2337 877,2337 934,2336 991,2336 1049,2335 1106,2335 1164,2334 1221,2334 1279,2333 1336,2333 1394,2332 1451,2331 1509,2331"/>
                <TextEquiv>
                    <Unicode>das Wien und das Oesterreich unserer Tage stärker füh¬</Unicode>
                </TextEquiv>
            </TextLine>
            <TextLine id="r1l95" custom="readingOrder {index:94;}">
                <Coords points="1539,2351 2685,2344 2702,2286 1538,2317"/>
                <Baseline points="1552,2349 1608,2347 1665,2345 1722,2344 1779,2343 1836,2341 1893,2340 1949,2339 2006,2339 2063,2338 2120,2337 2177,2336 2234,2336 2291,2335 2347,2334 2404,2333 2461,2332 2518,2332 2575,2330 2632,2329 2689,2328"/>
                <TextEquiv>
                    <Unicode>und daß der Dichter des Obersten vorausgesehenes</Unicode>
                </TextEquiv>
            </TextLine>
            <TextLine id="r1l96" custom="readingOrder {index:95;}">
                <Coords points="2704,2371 2880,2355 2995,2374 3018,2360 3139,2368 3139,2333 3064,2334 3029,2311 2960,2326 2934,2317 2911,2335 2854,2309 2767,2330 2704,2319"/>
                <Baseline points="2719,2361 2744,2360 2769,2359 2794,2359 2820,2359 2845,2359 2870,2359 2896,2359 2921,2359 2946,2359 2972,2359 2997,2359 3022,2359 3048,2358 3073,2358 3098,2356 3124,2355"/>
                <TextEquiv>
                    <Unicode>Facetten leuchten,</Unicode>
                </TextEquiv>
            </TextLine>
            <TextLine id="r1l97" custom="readingOrder {index:96;}">
                <Coords points="1540,2401 2707,2393 2706,2332 1540,2352"/>
                <Baseline points="1554,2389 1610,2388 1667,2388 1724,2387 1781,2386 1838,2386 1895,2385 1952,2384 2009,2383 2066,2383 2123,2382 2179,2381 2236,2380 2293,2379 2350,2378 2407,2377 2464,2377 2521,2376 2578,2375 2635,2374 2692,2373"/>
                <TextEquiv>
                    <Unicode>Ende als einen Zusammenstoß des entschwindenden Lebens</Unicode>
                </TextEquiv>
            </TextLine>
            <TextLine id="r1l98" custom="readingOrder {index:97;}">
                <Coords points="343,2415 677,2374 1489,2395 1527,2389 1527,2335 343,2341"/>
                <Baseline points="357,2383 414,2384 472,2384 530,2385 588,2385 645,2385 703,2385 761,2385 819,2384 876,2384 934,2384 992,2383 1050,2383 1107,2383 1165,2382 1223,2382 1281,2382 1338,2382 1396,2382 1454,2383 1512,2383"/>
                <TextEquiv>
                    <Unicode>ler, als es je bisher geschehen war. Wienerisch und</Unicode>
                </TextEquiv>
            </TextLine>
            <TextLine id="r1l99" custom="readingOrder {index:98;}">
                <Coords points="2707,2417 3136,2401 3214,2418 3309,2405 3309,2362 2885,2354 2707,2371"/>
                <Baseline points="2723,2405 2751,2405 2780,2405 2808,2405 2837,2405 2865,2405 2894,2405 2922,2404 2951,2404 2979,2403 3008,2403 3037,2402 3065,2402 3094,2402 3122,2401 3151,2401 3179,2401 3208,2401 3236,2401 3265,2401 3294,2402"/>
                <TextEquiv>
                    <Unicode>Abgründe und sie sprechen mite</Unicode>
                </TextEquiv>
            </TextLine>
            <TextLine id="r1l100" custom="readingOrder {index:99;}">
                <Coords points="1525,2432 2631,2429 2700,2422 2699,2376 1524,2397"/>
                <Baseline points="1540,2434 1597,2433 1654,2433 1711,2432 1769,2432 1826,2431 1883,2431 1940,2430 1998,2429 2055,2428 2112,2427 2169,2426 2227,2425 2284,2424 2341,2423 2398,2421 2456,2420 2513,2418 2570,2416 2627,2414 2685,2411"/>
                <TextEquiv>
                    <Unicode>mit der ahnungslosen Gesundheit eines derben Burschen</Unicode>
                </TextEquiv>
            </TextLine>
            <TextLine id="r1l101" custom="readingOrder {index:100;}">
                <Coords points="433,2431 1533,2430 1532,2384 1423,2379 432,2399"/>
                <Baseline points="447,2433 500,2433 554,2433 607,2433 661,2433 714,2433 768,2432 821,2432 875,2432 928,2432 982,2431 1035,2431 1089,2431 1142,2430 1196,2430 1249,2430 1303,2429 1356,2428 1410,2428 1463,2427 1517,2426"/>
                <TextEquiv>
                    <Unicode>eichisch sind ihre sozialen, konfessionellen, deruflichen</Unicode>
                </TextEquiv>
            </TextLine>
            <TextLine id="r1l102" custom="readingOrder {index:101;}">
                <Coords points="2712,2456 3283,2451 3282,2408 3245,2402 3216,2417 2943,2406 2925,2421 2712,2407"/>
                <Baseline points="2726,2448 2753,2448 2780,2449 2807,2450 2834,2450 2861,2450 2888,2450 2915,2450 2942,2450 2969,2450 2997,2449 3024,2449 3051,2449 3078,2449 3105,2448 3132,2448 3159,2448 3186,2448 3213,2447 3240,2447 3268,2447"/>
                <TextEquiv>
                    <Unicode>Lokale, in denen Milieu, Me</Unicode>
                </TextEquiv>
            </TextLine>
            <TextLine id="r1l103" custom="readingOrder {index:102;}">
                <Coords points="1534,2477 2698,2468 2700,2421 1533,2442"/>
                <Baseline points="1549,2481 1605,2480 1662,2479 1719,2478 1776,2477 1833,2475 1890,2474 1947,2473 2004,2472 2061,2471 2118,2469 2174,2468 2231,2467 2288,2465 2345,2463 2402,2462 2459,2460 2516,2458 2573,2456 2630,2454 2687,2451"/>
                <TextEquiv>
                    <Unicode>gestaltet, so daß auf einmal die Bedeutung dieses Sterbens</Unicode>
                </TextEquiv>
            </TextLine>
            <TextLine id="r1l104" custom="readingOrder {index:103;}">
                <Coords points="404,2481 1505,2498 1522,2441 404,2458"/>
                <Baseline points="419,2482 473,2482 527,2482 582,2482 636,2482 691,2482 745,2482 799,2482 854,2482 908,2482 963,2482 1017,2482 1071,2481 1126,2481 1180,2481 1235,2481 1289,2480 1343,2480 1398,2480 1452,2479 1507,2478"/>
                <TextEquiv>
                    <Unicode>igen und Konflikte. Wienerisch die lässige Art, wie sie sich</Unicode>
                </TextEquiv>
            </TextLine>
            <TextLine id="r1l105" custom="readingOrder {index:104;}">
                <Coords points="346,2497 366,2497 369,2500 380,2494 392,2500 406,2488 420,2488 420,2448 397,2448 374,2425 366,2425 360,2419 346,2419"/>
                <Baseline points="361,2484 405,2484"/>
                <TextEquiv>
                    <Unicode>C</Unicode>
                </TextEquiv>
            </TextLine>
            <TextLine id="r1l106" custom="readingOrder {index:105;}">
                <Coords points="2709,2496 2919,2491 2985,2510 3103,2488 3221,2507 3319,2494 3318,2442 3183,2461 2708,2456"/>
                <Baseline points="2724,2494 2753,2495 2782,2495 2811,2495 2840,2495 2869,2495 2898,2495 2927,2494 2956,2494 2985,2494 3015,2493 3044,2492 3073,2491 3102,2491 3131,2490 3160,2490 3189,2490 3218,2489 3247,2489 3276,2489 3306,2490"/>
                <TextEquiv>
                    <Unicode>visionären Kraft der Suggestion</Unicode>
                </TextEquiv>
            </TextLine>
            <TextLine id="r1l107" custom="readingOrder {index:106;}">
                <Coords points="1538,2530 2684,2518 2706,2445 1537,2478"/>
                <Baseline points="1551,2522 1608,2520 1665,2519 1722,2517 1779,2516 1836,2515 1893,2514 1950,2513 2007,2512 2064,2511 2122,2510 2179,2510 2236,2509 2293,2508 2350,2507 2407,2506 2464,2505 2521,2503 2578,2502 2635,2500 2693,2498"/>
                <TextEquiv>
                    <Unicode>sich als die typische Tragödie eines Berufes erweist, dies gibt uns</Unicode>
                </TextEquiv>
            </TextLine>
            <TextLine id="r1l108" custom="readingOrder {index:107;}">
                <Coords points="341,2533 1153,2515 1522,2549 1522,2497 1404,2480 341,2487"/>
                <Baseline points="357,2531 414,2531 472,2530 529,2530 587,2530 644,2530 702,2530 759,2530 817,2530 874,2530 932,2530 989,2529 1047,2529 1104,2529 1162,2529 1219,2528 1277,2528 1334,2527 1392,2527 1449,2526 1507,2525"/>
                <TextEquiv>
                    <Unicode>mit diesen Sorgen und Konflikten auseinandersetzen.</Unicode>
                </TextEquiv>
            </TextLine>
            <TextLine id="r1l109" custom="readingOrder {index:108;}">
                <Coords points="2706,2543 3308,2539 3307,2498 3272,2493 3218,2508 3102,2487 2990,2506 2705,2494"/>
                <Baseline points="2720,2539 2748,2539 2777,2540 2805,2540 2834,2540 2863,2540 2891,2540 2920,2539 2948,2538 2977,2537 3006,2536 3034,2536 3063,2535 3091,2534 3120,2533 3149,2533 3177,2533 3206,2533 3234,2533 3263,2533 3292,2534"/>
                <TextEquiv>
                    <Unicode>Und langsam erstehen vor uns</Unicode>
                </TextEquiv>
            </TextLine>
            <TextLine id="r1l110" custom="readingOrder {index:109;}">
                <Coords points="1534,2567 2634,2561 2700,2508 1534,2530"/>
                <Baseline points="1549,2568 1605,2565 1662,2564 1719,2562 1776,2561 1833,2560 1889,2559 1946,2558 2003,2557 2060,2557 2117,2556 2173,2556 2230,2555 2287,2554 2344,2554 2401,2553 2457,2551 2514,2550 2571,2548 2628,2547 2685,2544"/>
                <TextEquiv>
                    <Unicode>das Recht, Robert Michel als einen der wirklich neuschöpferi¬</Unicode>
                </TextEquiv>
            </TextLine>
            <TextLine id="r1l111" custom="readingOrder {index:110;}">
                <Coords points="342,2592 1252,2603 1482,2593 1525,2543 341,2532"/>
                <Baseline points="356,2583 413,2582 471,2581 529,2581 587,2581 644,2580 702,2580 760,2580 818,2580 875,2580 933,2580 991,2579 1049,2579 1106,2579 1164,2578 1222,2577 1280,2577 1337,2576 1395,2574 1453,2573 1511,2571"/>
                <TextEquiv>
                    <Unicode>Wienerisch und namentlich österreichisch der ganze Rhyth¬</Unicode>
                </TextEquiv>
            </TextLine>
            <TextLine id="r1l112" custom="readingOrder {index:111;}">
                <Coords points="2700,2595 3319,2583 3318,2534 3301,2532 2699,2541"/>
                <Baseline points="2715,2582 2744,2583 2774,2583 2803,2584 2833,2584 2862,2584 2892,2584 2921,2584 2951,2583 2980,2583 3010,2582 3040,2581 3069,2581 3099,2580 3128,2579 3158,2578 3187,2578 3217,2577 3246,2577 3276,2576 3306,2576"/>
                <TextEquiv>
                    <Unicode>Worte, aus einer hingeworfenen</Unicode>
                </TextEquiv>
            </TextLine>
            <TextLine id="r1l113" custom="readingOrder {index:112;}">
                <Coords points="1534,2615 2554,2612 2697,2601 2697,2549 1533,2566"/>
                <Baseline points="1549,2608 1605,2607 1662,2607 1719,2606 1775,2605 1832,2605 1889,2604 1945,2603 2002,2602 2059,2601 2116,2600 2172,2599 2229,2598 2286,2597 2342,2596 2399,2595 2456,2594 2512,2592 2569,2591 2626,2590 2683,2589"/>
                <TextEquiv>
                    <Unicode>schen Schriftsteller Oesterreichs zu bewundern. — Neben seinen</Unicode>
                </TextEquiv>
            </TextLine>
            <TextLine id="r1l114" custom="readingOrder {index:113;}">
                <Coords points="2705,2629 3010,2628 3051,2654 3076,2628 3310,2631 3309,2585 2704,2594"/>
                <Baseline points="2720,2629 2748,2629 2777,2628 2806,2628 2834,2628 2863,2628 2892,2627 2920,2627 2949,2627 2978,2627 3007,2627 3035,2627 3064,2626 3093,2626 3121,2626 3150,2625 3179,2625 3207,2624 3236,2624 3265,2623 3294,2622"/>
                <TextEquiv>
                    <Unicode>tierten Wendung und einem</Unicode>
                </TextEquiv>
            </TextLine>
            <TextLine id="r1l115" custom="readingOrder {index:114;}">
                <Coords points="343,2642 1524,2622 1354,2577 343,2593"/>
                <Baseline points="357,2631 414,2631 472,2630 529,2630 587,2630 645,2629 702,2629 760,2629 817,2629 875,2629 933,2628 990,2628 1048,2628 1105,2628 1163,2627 1221,2626 1278,2626 1336,2625 1393,2624 1451,2623 1509,2621"/>
                <TextEquiv>
                    <Unicode>mus ihres Lebens und ihrer Beziehungen zu einander.</Unicode>
                </TextEquiv>
            </TextLine>
            <TextLine id="r1l116" custom="readingOrder {index:115;}">
                <Coords points="1528,2656 2666,2648 2700,2604 1528,2613"/>
                <Baseline points="1544,2653 1601,2652 1658,2651 1715,2650 1772,2649 1829,2648 1886,2647 1944,2646 2001,2645 2058,2644 2115,2642 2172,2641 2229,2641 2286,2639 2344,2639 2401,2638 2458,2637 2515,2636 2572,2636 2629,2635 2687,2635"/>
                <TextEquiv>
                    <Unicode>dichterischen Arbeiten, in innigem Zusammenhang mit ihnen,</Unicode>
                </TextEquiv>
            </TextLine>
            <TextLine id="r1l117" custom="readingOrder {index:116;}">
                <Coords points="2710,2679 3297,2679 3320,2675 3320,2641 3066,2626 3032,2644 2853,2620 2709,2633"/>
                <Baseline points="2724,2670 2753,2670 2782,2670 2811,2670 2840,2670 2869,2670 2898,2670 2927,2670 2956,2670 2985,2670 3014,2670 3043,2670 3072,2669 3101,2669 3130,2668 3159,2667 3188,2667 3217,2666 3246,2665 3275,2664 3305,2663"/>
                <TextEquiv>
                    <Unicode>Menschenschicksale. Der lebensm</Unicode>
                </TextEquiv>
            </TextLine>
            <TextLine id="r1l118" custom="readingOrder {index:117;}">
                <Coords points="352,2701 1435,2691 1532,2675 1532,2623 351,2641"/>
                <Baseline points="367,2679 424,2678 482,2678 539,2677 597,2677 654,2677 712,2676 769,2676 827,2676 884,2676 942,2675 999,2675 1057,2674 1114,2674 1172,2673 1229,2672 1287,2671 1344,2670 1402,2669 1459,2667 1517,2665"/>
                <TextEquiv>
                    <Unicode>Und sie alle umfließt der besondere Zauber der Wiener</Unicode>
                </TextEquiv>
            </TextLine>
            <TextLine id="r1l119" custom="readingOrder {index:118;}">
                <Coords points="1536,2702 2708,2695 2707,2632 1535,2656"/>
                <Baseline points="1550,2697 1607,2695 1664,2693 1721,2692 1778,2690 1835,2689 1892,2688 1950,2687 2007,2687 2064,2686 2121,2686 2178,2685 2235,2685 2292,2684 2350,2684 2407,2683 2464,2683 2521,2682 2578,2681 2635,2680 2693,2678"/>
                <TextEquiv>
                    <Unicode>sind Robert Michels Reiseschilderungen entstanden. Vor Jahren</Unicode>
                </TextEquiv>
            </TextLine>
            <TextLine id="r1l120" custom="readingOrder {index:119;}">
                <Coords points="2700,2728 2902,2732 3011,2704 3040,2723 3135,2710 3242,2730 3336,2691 3335,2656 3195,2680 2699,2679"/>
                <Baseline points="2715,2714 2745,2714 2775,2714 2805,2714 2836,2714 2866,2714 2896,2714 2927,2714 2957,2714 2987,2714 3018,2714 3048,2714 3078,2713 3108,2712 3139,2711 3169,2709 3199,2709 3230,2706 3260,2703 3290,2700 3321,2696"/>
                <TextEquiv>
                    <Unicode>weiter schusten will, der sich</Unicode>
                </TextEquiv>
            </TextLine>
            <TextLine id="r1l121" custom="readingOrder {index:120;}">
                <Coords points="355,2730 1357,2740 1533,2724 1532,2675 354,2698"/>
                <Baseline points="368,2729 425,2729 482,2729 540,2728 597,2728 655,2727 712,2727 770,2726 827,2725 885,2725 942,2724 999,2723 1057,2722 1114,2722 1172,2721 1229,2721 1287,2720 1344,2720 1402,2720 1459,2720 1517,2721"/>
                <TextEquiv>
                    <Unicode>Landschaft, die weiche Melodie dieser Stadt, die hier mit</Unicode>
                </TextEquiv>
            </TextLine>
            <TextLine id="r1l122" custom="readingOrder {index:121;}">
                <Coords points="1531,2744 2709,2710 2708,2675 1530,2695"/>
                <Baseline points="1545,2741 1602,2740 1659,2740 1717,2739 1774,2738 1832,2737 1889,2737 1947,2735 2004,2734 2062,2733 2119,2732 2176,2731 2234,2730 2291,2728 2349,2727 2406,2725 2464,2724 2521,2723 2579,2722 2636,2721 2694,2720"/>
                <TextEquiv>
                    <Unicode>bereits gab er in seinem Beiche „Mostar“ wunderbare Kunde</Unicode>
                </TextEquiv>
            </TextLine>
            <TextLine id="r1l123" custom="readingOrder {index:122;}">
                <Coords points="1537,2790 3314,2754 3011,2704 1537,2744"/>
                <Baseline points="1551,2782 1638,2781 1726,2780 1813,2779 1901,2777 1988,2776 2076,2775 2163,2772 2251,2771 2338,2769 2426,2768 2513,2766 2601,2764 2688,2763 2776,2761 2863,2760 2951,2758 3038,2757 3126,2756 3213,2755 3301,2754"/>
                <TextEquiv>
                    <Unicode>von den unentdeckten Schönheiten dieser Stadt und ihrer, und nun endlich sein Kreuz nies</Unicode>
                </TextEquiv>
            </TextLine>
            <TextLine id="r1l124" custom="readingOrder {index:123;}">
                <Coords points="352,2785 1481,2798 1527,2784 1527,2723 352,2727"/>
                <Baseline points="366,2776 423,2775 480,2775 537,2774 595,2773 652,2773 709,2772 767,2772 824,2771 881,2771 939,2770 996,2770 1053,2769 1110,2769 1168,2768 1225,2768 1282,2767 1340,2767 1397,2767 1454,2767 1512,2766"/>
                <TextEquiv>
                    <Unicode>wunderbarer Kraft und Innigkeit erfaßt und gestaltet</Unicode>
                </TextEquiv>
            </TextLine>
            <TextLine id="r1l125" custom="readingOrder {index:124;}">
                <Coords points="1542,2833 3313,2807 3312,2761 3116,2753 1541,2787"/>
                <Baseline points="1555,2825 1642,2825 1729,2826 1816,2825 1904,2824 1991,2823 2078,2821 2165,2819 2253,2817 2340,2814 2427,2812 2514,2809 2602,2807 2689,2805 2776,2803 2863,2801 2951,2800 3038,2799 3125,2799 3212,2799 3300,2800"/>
                <TextEquiv>
                    <Unicode>Umgebung. Nun hat er, der gleich in seinem ersten Novellen##tragik des Dr. Herzseld, der ein</Unicode>
                </TextEquiv>
            </TextLine>
            <TextLine id="r1l126" custom="readingOrder {index:125;}">
                <Coords points="340,2820 383,2832 400,2847 415,2841 429,2848 447,2831 461,2837 467,2831 536,2835 536,2803 508,2800 491,2785 467,2788 456,2779 416,2787 407,2781 393,2789 384,2783 341,2783"/>
                <Baseline points="356,2819 383,2820 411,2820 439,2820 466,2821 494,2821 522,2823"/>
                <TextEquiv>
                    <Unicode>wurde.</Unicode>
                </TextEquiv>
            </TextLine>
            <TextLine id="r1l127" custom="readingOrder {index:126;}">
                <Coords points="2700,2855 2815,2859 2884,2838 2922,2858 2985,2843 3140,2856 3158,2839 3290,2852 3319,2846 3318,2797 3074,2819 3002,2800 2699,2811"/>
                <Baseline points="2715,2847 2744,2847 2774,2847 2803,2847 2833,2846 2862,2846 2892,2846 2921,2846 2951,2846 2980,2845 3010,2845 3039,2845 3069,2845 3098,2844 3128,2844 3157,2844 3187,2843 3216,2843 3246,2842 3275,2842 3305,2841"/>
                <TextEquiv>
                    <Unicode>war und nicht über den Gedank</Unicode>
                </TextEquiv>
            </TextLine>
            <TextLine id="r1l128" custom="readingOrder {index:127;}">
                <Coords points="1530,2878 2700,2863 2699,2808 1530,2838"/>
                <Baseline points="1545,2873 1604,2871 1664,2870 1724,2868 1784,2867 1844,2866 1904,2865 1964,2864 2024,2863 2084,2862 2144,2861 2204,2860 2264,2859 2324,2858 2384,2857 2444,2856 2504,2854 2564,2853 2624,2852 2684,2850"/>
                <TextEquiv>
                    <Unicode>banid „Die Verhüllte“ ergreifende Schicksale vor den Hinter</Unicode>
                </TextEquiv>
            </TextLine>
            <TextLine id="r1l129" custom="readingOrder {index:128;}">
                <Coords points="439,2897 1505,2888 1536,2882 1536,2810 600,2810 439,2843"/>
                <Baseline points="453,2880 506,2880 559,2880 613,2880 666,2879 720,2879 773,2878 826,2878 880,2877 933,2877 987,2876 1040,2876 1093,2875 1147,2875 1200,2874 1254,2874 1307,2874 1360,2874 1414,2875 1467,2875 1521,2876"/>
                <TextEquiv>
                    <Unicode>So weit hält nun sein erzählendes Schaffen. Darf</Unicode>
                </TextEquiv>
            </TextLine>
            <TextLine id="r1l130" custom="readingOrder {index:129;}">
                <Coords points="2714,2902 3068,2903 3154,2879 3316,2891 3315,2848 3272,2845 2713,2850"/>
                <Baseline points="2729,2893 2757,2892 2786,2892 2814,2891 2843,2891 2872,2891 2900,2890 2929,2890 2957,2890 2986,2890 3015,2890 3043,2889 3072,2889 3100,2889 3129,2888 3158,2887 3186,2887 3215,2886 3243,2885 3272,2884 3301,2883"/>
                <TextEquiv>
                    <Unicode>seine Jugendsünde, die Ursache</Unicode>
                </TextEquiv>
            </TextLine>
            <TextLine id="r1l131" custom="readingOrder {index:130;}">
                <Coords points="1530,2931 2664,2910 2702,2904 2701,2846 1529,2876"/>
                <Baseline points="1543,2917 1600,2915 1657,2914 1714,2912 1771,2911 1829,2910 1886,2909 1943,2909 2000,2908 2057,2908 2115,2907 2172,2907 2229,2906 2286,2905 2343,2905 2401,2904 2458,2902 2515,2901 2572,2899 2629,2896 2687,2893"/>
                <TextEquiv>
                    <Unicode>grund der Karstlandschaft gestellt hat, eine rechte Künstlerreise</Unicode>
                </TextEquiv>
            </TextLine>
            <TextLine id="r1l132" custom="readingOrder {index:131;}">
                <Coords points="352,2937 1524,2944 1523,2884 1477,2876 351,2894"/>
                <Baseline points="367,2930 424,2930 481,2930 538,2930 595,2930 652,2930 709,2930 766,2930 823,2929 880,2929 938,2928 995,2928 1052,2927 1109,2927 1166,2926 1223,2925 1280,2924 1337,2923 1394,2922 1451,2921 1509,2919"/>
                <TextEquiv>
                    <Unicode>aber der zufällige Anlaß dieser gesammelten Ausgabe</Unicode>
                </TextEquiv>
            </TextLine>
            <TextLine id="r1l133" custom="readingOrder {index:132;}">
                <Coords points="2711,2938 2803,2956 2840,2933 3036,2945 3071,2927 3097,2944 3163,2929 3258,2945 3327,2932 3326,2884 2710,2897"/>
                <Baseline points="2725,2935 2754,2935 2783,2935 2813,2935 2842,2935 2871,2935 2901,2935 2930,2935 2959,2935 2989,2934 3018,2934 3047,2934 3077,2933 3106,2933 3135,2932 3165,2932 3194,2931 3223,2930 3253,2929 3282,2928 3312,2926"/>
                <TextEquiv>
                    <Unicode>Leben zerichmettert hat. Währe</Unicode>
                </TextEquiv>
            </TextLine>
            <TextLine id="r1l134" custom="readingOrder {index:133;}">
                <Coords points="1522,2963 2688,2953 2711,2895 1521,2925"/>
                <Baseline points="1537,2961 1595,2960 1653,2958 1711,2957 1769,2955 1827,2954 1885,2953 1943,2952 2001,2951 2059,2951 2117,2950 2175,2949 2233,2948 2291,2947 2349,2947 2407,2946 2465,2945 2523,2944 2581,2943 2639,2942 2697,2941"/>
                <TextEquiv>
                    <Unicode>durch die Reichslande unternommen. Die sachlichen, scheinbar</Unicode>
                </TextEquiv>
            </TextLine>
            <TextLine id="r1l135" custom="readingOrder {index:134;}">
                <Coords points="356,2986 1525,2979 1487,2921 355,2937"/>
                <Baseline points="369,2981 426,2981 483,2980 540,2980 597,2979 654,2979 711,2978 768,2978 825,2977 882,2977 940,2976 997,2976 1054,2975 1111,2975 1168,2974 1225,2974 1282,2973 1339,2973 1396,2972 1453,2971 1511,2970"/>
                <TextEquiv>
                    <Unicode>etwa dazu verführen, dieses Schaffen als ein Ganzes,</Unicode>
                </TextEquiv>
            </TextLine>
            <TextLine id="r1l136" custom="readingOrder {index:135;}">
                <Coords points="2699,2975 2745,2995 2982,2993 3030,2975 3318,2984 3317,2935 2698,2938"/>
                <Baseline points="2713,2980 2742,2981 2772,2981 2801,2981 2831,2980 2860,2980 2890,2980 2919,2979 2949,2979 2978,2978 3008,2977 3037,2977 3067,2976 3096,2975 3126,2975 3155,2974 3185,2973 3214,2972 3244,2972 3273,2971 3303,2971"/>
                <TextEquiv>
                    <Unicode>und sarkastischer Güte den and</Unicode>
                </TextEquiv>
            </TextLine>
            <TextLine id="r1l137" custom="readingOrder {index:136;}">
                <Coords points="1541,3009 2710,2979 2709,2951 2588,2944 1540,2966"/>
                <Baseline points="1555,3003 1612,3001 1669,2999 1726,2998 1783,2997 1840,2996 1897,2995 1954,2995 2011,2994 2068,2994 2125,2993 2182,2993 2239,2993 2296,2992 2353,2991 2410,2991 2467,2990 2524,2988 2581,2987 2638,2985 2695,2982"/>
                <TextEquiv>
                    <Unicode>unbekümmert hingestrichelten Skizzen des jungen Malers</Unicode>
                </TextEquiv>
            </TextLine>
            <TextLine id="r1l138" custom="readingOrder {index:137;}">
                <Coords points="355,3035 1527,3025 1526,2973 1339,2964 354,2983"/>
                <Baseline points="370,3031 427,3030 484,3029 541,3028 598,3027 656,3027 713,3026 770,3025 827,3025 884,3024 942,3024 999,3023 1056,3022 1113,3022 1170,3021 1228,3021 1285,3020 1342,3020 1399,3019 1456,3019 1514,3018"/>
                <TextEquiv>
                    <Unicode>Fertiges zu überschauen und zu werten? Gewiß nicht.</Unicode>
                </TextEquiv>
            </TextLine>
            <TextLine id="r1l139" custom="readingOrder {index:138;}">
                <Coords points="2716,3032 3108,3035 3131,3017 3160,3034 3203,3018 3255,3040 3326,3010 3326,2981 2715,2986"/>
                <Baseline points="2729,3028 2758,3028 2787,3028 2816,3027 2845,3027 2875,3027 2904,3026 2933,3026 2962,3026 2991,3025 3021,3025 3050,3024 3079,3024 3108,3023 3137,3022 3167,3021 3196,3020 3225,3019 3254,3017 3283,3016 3313,3014"/>
                <TextEquiv>
                    <Unicode>gedanken weg wieder zu Heim</Unicode>
                </TextEquiv>
            </TextLine>
            <TextLine id="r1l140" custom="readingOrder {index:139;}">
                <Coords points="1541,3056 2699,3033 2698,2990 2525,2985 1540,3010"/>
                <Baseline points="1554,3045 1610,3045 1667,3045 1723,3044 1780,3044 1836,3044 1893,3043 1949,3042 2006,3041 2062,3040 2119,3039 2176,3038 2232,3037 2289,3036 2345,3035 2402,3033 2458,3032 2515,3031 2571,3030 2628,3028 2685,3027"/>
                <TextEquiv>
                    <Unicode>Bucherer sind Michels Stil auffallend verwandt. So illustriert</Unicode>
                </TextEquiv>
            </TextLine>
            <TextLine id="r1l141" custom="readingOrder {index:140;}">
                <Coords points="2707,3073 2857,3071 2906,3091 2972,3070 3323,3079 3322,3010 3256,3040 3132,3018 2971,3038 2899,3024 2879,3042 2706,3033"/>
                <Baseline points="2722,3068 2751,3069 2780,3069 2810,3070 2839,3070 2869,3069 2898,3069 2927,3069 2957,3069 2986,3068 3016,3068 3045,3067 3074,3066 3104,3065 3133,3065 3163,3064 3192,3064 3221,3063 3251,3063 3280,3063 3310,3063"/>
                <TextEquiv>
                    <Unicode>den nur Halbwiderstrebenden ges</Unicode>
                </TextEquiv>
            </TextLine>
            <TextLine id="r1l142" custom="readingOrder {index:141;}">
                <Coords points="349,3074 1538,3089 1537,3003 348,3040"/>
                <Baseline points="364,3078 422,3078 480,3078 538,3078 596,3077 654,3077 712,3076 770,3075 828,3074 886,3073 944,3072 1002,3071 1060,3070 1118,3069 1176,3068 1234,3067 1292,3066 1350,3066 1408,3065 1466,3065 1525,3065"/>
                <TextEquiv>
                    <Unicode>Er ist fünfzig Jahre alt geworden, und zwei, wohl gar drei</Unicode>
                </TextEquiv>
            </TextLine>
            <TextLine id="r1l143" custom="readingOrder {index:142;}">
                <Coords points="1540,3100 2482,3095 2700,3083 2700,3048 1539,3054"/>
                <Baseline points="1555,3091 1611,3090 1668,3089 1724,3089 1781,3088 1838,3088 1894,3087 1951,3086 2007,3086 2064,3085 2121,3084 2177,3084 2234,3083 2290,3082 2347,3081 2404,3080 2460,3079 2517,3077 2573,3076 2630,3075 2687,3073"/>
                <TextEquiv>
                    <Unicode>ein Künstler den anderen. Wo der Dichter nüchterne Daten</Unicode>
                </TextEquiv>
            </TextLine>
            <TextLine id="r1l144" custom="readingOrder {index:143;}">
                <Coords points="2706,3116 2925,3123 3020,3106 3179,3129 3274,3103 3308,3117 3307,3071 3252,3061 3069,3082 2705,3070"/>
                <Baseline points="2720,3114 2748,3115 2777,3115 2805,3116 2834,3116 2863,3115 2891,3115 2920,3115 2949,3114 2977,3113 3006,3112 3035,3111 3063,3110 3092,3109 3121,3108 3149,3107 3178,3106 3207,3106 3235,3106 3264,3105 3293,3105"/>
                <TextEquiv>
                    <Unicode>umstricken, will er nun selbst</Unicode>
                </TextEquiv>
            </TextLine>
            <TextLine id="r1l145" custom="readingOrder {index:144;}">
                <Coords points="351,3133 1535,3131 1497,3068 351,3075"/>
                <Baseline points="366,3128 423,3127 481,3126 539,3125 597,3125 654,3124 712,3123 770,3123 828,3123 885,3122 943,3122 1001,3121 1059,3121 1116,3120 1174,3119 1232,3119 1290,3118 1347,3117 1405,3116 1463,3114 1521,3113"/>
                <TextEquiv>
                    <Unicode>Generationen umfangen ihn mit gleicher Liebe und</Unicode>
                </TextEquiv>
            </TextLine>
            <TextLine id="r1l146" custom="readingOrder {index:145;}">
                <Coords points="1536,3149 2648,3131 2713,3064 1535,3094"/>
                <Baseline points="1551,3135 1608,3135 1665,3135 1723,3134 1780,3134 1838,3133 1895,3133 1952,3132 2010,3131 2067,3130 2125,3129 2182,3128 2239,3127 2297,3125 2354,3124 2412,3123 2469,3121 2526,3119 2584,3118 2641,3116 2699,3114"/>
                <TextEquiv>
                    <Unicode>zu berichten hat, siellt sich der Zeichner mit einem belebenden!</Unicode>
                </TextEquiv>
            </TextLine>
            <TextLine id="r1l147" custom="readingOrder {index:146;}">
                <Coords points="2711,3163 3314,3162 3312,3113 3275,3102 3053,3120 3015,3106 2952,3125 2710,3117"/>
                <Baseline points="2725,3161 2753,3161 2782,3161 2810,3161 2839,3161 2868,3160 2896,3160 2925,3159 2954,3158 2982,3157 3011,3157 3040,3155 3068,3155 3097,3153 3126,3153 3154,3152 3183,3151 3212,3150 3240,3149 3269,3148 3298,3148"/>
                <TextEquiv>
                    <Unicode>heraus. Im Geiste kostet er die</Unicode>
                </TextEquiv>
            </TextLine>
            <TextLine id="r1l148" custom="readingOrder {index:147;}">
                <Coords points="348,3178 1529,3178 1528,3118 347,3129"/>
                <Baseline points="361,3176 418,3175 476,3175 534,3174 591,3173 649,3172 707,3171 764,3169 822,3167 880,3166 938,3165 995,3163 1053,3162 1111,3161 1168,3161 1226,3160 1284,3161 1341,3161 1399,3162 1457,3164 1515,3166"/>
                <TextEquiv>
                    <Unicode>Dankbarkeit. Und allen ist er noch immer eine Hoffnung</Unicode>
                </TextEquiv>
            </TextLine>
            <TextLine id="r1l149" custom="readingOrder {index:148;}">
                <Coords points="1530,3188 2555,3180 2708,3160 2707,3111 1529,3145"/>
                <Baseline points="1544,3181 1601,3181 1659,3180 1716,3180 1774,3179 1831,3178 1889,3177 1946,3177 2004,3176 2061,3175 2119,3174 2176,3172 2234,3171 2291,3169 2349,3168 2406,3167 2464,3165 2521,3164 2579,3163 2636,3162 2694,3160"/>
                <TextEquiv>
                    <Unicode>Bilde ein und in anderen Fällen bringen Michels unjourna¬</Unicode>
                </TextEquiv>
            </TextLine>
            <TextLine id="r1l150" custom="readingOrder {index:149;}">
                <Coords points="2707,3217 2975,3213 3009,3195 3064,3215 3173,3195 3318,3205 3317,3162 3265,3154 2706,3163"/>
                <Baseline points="2722,3204 2751,3204 2780,3203 2809,3203 2838,3202 2867,3202 2896,3201 2925,3201 2954,3200 2983,3200 3012,3200 3041,3199 3070,3199 3099,3198 3128,3198 3157,3197 3186,3197 3215,3196 3244,3196 3273,3195 3303,3195"/>
                <TextEquiv>
                    <Unicode>des Sterbens, wandert ein letz</Unicode>
                </TextEquiv>
            </TextLine>
            <TextLine id="r1l151" custom="readingOrder {index:150;}">
                <Coords points="1539,3232 2711,3201 2710,3161 1538,3183"/>
                <Baseline points="1554,3223 1611,3222 1668,3221 1725,3221 1782,3220 1839,3219 1896,3218 1954,3217 2011,3217 2068,3216 2125,3215 2182,3214 2239,3213 2296,3213 2354,3212 2411,3211 2468,3210 2525,3209 2582,3208 2639,3207 2697,3206"/>
                <TextEquiv>
                    <Unicode>listischen, kundigen und gleichzeitig über das Tatsächliche hinaus</Unicode>
                </TextEquiv>
            </TextLine>
            <TextLine id="r1l152" custom="readingOrder {index:151;}">
                <Coords points="362,3228 1534,3211 1496,3166 361,3187"/>
                <Baseline points="375,3222 432,3221 489,3220 546,3219 603,3218 661,3217 718,3216 775,3215 832,3215 889,3214 947,3213 1004,3213 1061,3212 1118,3212 1175,3211 1233,3211 1290,3210 1347,3210 1404,3210 1461,3209 1519,3209"/>
                <TextEquiv>
                    <Unicode>und eine Verheißung. Er darf es sein. Denn hat er</Unicode>
                </TextEquiv>
            </TextLine>
            <TextLine id="r1l153" custom="readingOrder {index:152;}">
                <Coords points="2711,3252 3307,3252 3306,3209 3280,3201 3173,3195 3070,3222 2989,3198 2975,3213 2710,3215"/>
                <Baseline points="2726,3252 2754,3251 2782,3251 2811,3250 2839,3250 2867,3249 2896,3248 2924,3248 2952,3247 2981,3246 3009,3245 3037,3244 3066,3244 3094,3243 3122,3242 3151,3240 3179,3240 3207,3238 3236,3237 3264,3236 3293,3235"/>
                <TextEquiv>
                    <Unicode>gehaßtes Berlin, wandert di</Unicode>
                </TextEquiv>
            </TextLine>
            <TextLine id="r1l154" custom="readingOrder {index:153;}">
                <Coords points="1530,3279 2564,3272 2710,3252 2710,3212 1529,3230"/>
                <Baseline points="1543,3272 1600,3269 1658,3266 1715,3265 1773,3264 1831,3263 1888,3262 1946,3261 2003,3261 2061,3261 2119,3260 2176,3260 2234,3259 2291,3259 2349,3258 2407,3257 2464,3255 2522,3254 2579,3252 2637,3249 2695,3245"/>
                <TextEquiv>
                    <Unicode>eine neue Schönheit formenden Betrachtungen die erwünschte</Unicode>
                </TextEquiv>
            </TextLine>
            <TextLine id="r1l155" custom="readingOrder {index:154;}">
                <Coords points="343,3278 1533,3280 1532,3213 1466,3208 343,3217"/>
                <Baseline points="359,3270 417,3269 475,3269 533,3268 591,3268 649,3268 707,3267 765,3267 823,3267 881,3266 939,3266 997,3266 1055,3265 1113,3265 1171,3264 1229,3264 1287,3263 1345,3262 1403,3261 1461,3260 1519,3259"/>
                <TextEquiv>
                    <Unicode>uns nicht eben gestanden, daß er jetzt erst den „Weg ins</Unicode>
                </TextEquiv>
            </TextLine>
            <TextLine id="r1l156" custom="readingOrder {index:155;}">
                <Coords points="2696,3302 3327,3301 3326,3243 3231,3239 3176,3261 2695,3245"/>
                <Baseline points="2711,3295 2741,3295 2771,3294 2801,3294 2831,3293 2861,3293 2891,3292 2921,3292 2951,3292 2981,3291 3011,3291 3041,3290 3071,3289 3101,3289 3131,3288 3161,3287 3191,3286 3221,3285 3251,3284 3281,3283 3311,3282"/>
                <TextEquiv>
                    <Unicode>Mittagsbrand, wandert, währen</Unicode>
                </TextEquiv>
            </TextLine>
            <TextLine id="r1l157" custom="readingOrder {index:156;}">
                <Coords points="1539,3322 2564,3315 2710,3272 1538,3276"/>
                <Baseline points="1553,3314 1610,3312 1667,3312 1724,3311 1781,3310 1838,3309 1895,3308 1952,3307 2009,3306 2066,3306 2124,3305 2181,3304 2238,3303 2295,3302 2352,3301 2409,3299 2466,3298 2523,3296 2580,3295 2637,3293 2695,3291"/>
                <TextEquiv>
                    <Unicode>Farbenbuntheit in die schwarz=weiße Naturtreue dieser Abbil¬</Unicode>
                </TextEquiv>
            </TextLine>
            <TextLine id="r1l158" custom="readingOrder {index:157;}">
                <Coords points="356,3328 1531,3315 1530,3268 1449,3261 355,3274"/>
                <Baseline points="369,3324 426,3322 483,3321 541,3320 598,3319 655,3318 713,3317 770,3317 827,3316 885,3316 942,3315 999,3315 1057,3315 1114,3314 1171,3313 1229,3313 1286,3312 1343,3311 1401,3310 1458,3309 1516,3307"/>
                <TextEquiv>
                    <Unicode>Freie“ fand? Freuen wir uns seines jugendlich frischen</Unicode>
                </TextEquiv>
            </TextLine>
            <TextLine id="r1l159" custom="readingOrder {index:158;}">
                <Coords points="2696,3343 2978,3337 3010,3354 3041,3336 3125,3349 3150,3326 3263,3345 3323,3336 3323,3298 2695,3300"/>
                <Baseline points="2711,3338 2742,3337 2774,3336 2805,3336 2837,3335 2868,3335 2900,3335 2931,3335 2963,3334 2994,3334 3026,3334 3057,3334 3089,3334 3120,3333 3152,3333 3183,3332 3215,3332 3246,3331 3278,3330 3310,3329"/>
                <TextEquiv>
                    <Unicode>müdeten Hirns sich zu verwirre</Unicode>
                </TextEquiv>
            </TextLine>
            <TextLine id="r1l160" custom="readingOrder {index:159;}">
                <Coords points="1541,3375 2529,3367 2704,3338 2704,3298 1540,3321"/>
                <Baseline points="1556,3359 1612,3358 1669,3356 1726,3356 1783,3354 1839,3353 1896,3353 1953,3352 2010,3351 2066,3350 2123,3349 2180,3348 2237,3347 2293,3346 2350,3345 2407,3344 2464,3343 2520,3342 2577,3341 2634,3340 2691,3339"/>
                <TextEquiv>
                    <Unicode>dungen von prachtvoll geschwungenen Brücken, Hallen, Gäß¬</Unicode>
                </TextEquiv>
            </TextLine>
            <TextLine id="r1l161" custom="readingOrder {index:160;}">
                <Coords points="349,3386 401,3401 465,3402 481,3387 505,3392 524,3380 539,3391 571,3384 623,3394 666,3384 664,3323 632,3316 623,3325 517,3328 485,3312 431,3334 413,3323 347,3331"/>
                <Baseline points="363,3372 389,3372 415,3371 441,3371 467,3370 493,3368 520,3367 546,3366 572,3365 598,3365 624,3364 651,3365"/>
                <TextEquiv>
                    <Unicode>Ausschreitens.</Unicode>
                </TextEquiv>
            </TextLine>
            <TextLine id="r1l162" custom="readingOrder {index:161;}">
                <Coords points="2706,3405 2769,3383 2953,3378 2973,3395 3008,3374 3103,3393 3275,3371 3330,3393 3330,3335 2705,3344"/>
                <Baseline points="2721,3383 2750,3382 2780,3382 2810,3381 2839,3380 2869,3379 2899,3379 2928,3379 2958,3378 2988,3378 3018,3378 3047,3378 3077,3377 3107,3377 3136,3377 3166,3376 3196,3376 3225,3375 3255,3375 3285,3374 3315,3373"/>
                <TextEquiv>
                    <Unicode>zusammenbricht. Aus seiner 1</Unicode>
                </TextEquiv>
            </TextLine>
            <TextLine id="r1l163" custom="readingOrder {index:162;}">
                <Coords points="1537,3406 2704,3392 2703,3337 1537,3363"/>
                <Baseline points="1552,3402 1608,3400 1665,3399 1722,3398 1779,3397 1836,3396 1893,3396 1950,3395 2007,3395 2064,3394 2121,3393 2177,3393 2234,3392 2291,3392 2348,3391 2405,3390 2462,3389 2519,3387 2576,3386 2633,3384 2690,3382"/>
                <TextEquiv>
                    <Unicode>chen und Hütten. Es ist erstaunlich, wie durch Michels</Unicode>
                </TextEquiv>
            </TextLine>
            <TextLine id="r1l164" custom="readingOrder {index:163;}">
                <Coords points="2701,3439 2836,3446 2968,3418 3253,3428 3334,3404 3333,3373 3276,3370 3195,3392 3008,3374 2700,3396"/>
                <Baseline points="2715,3432 2745,3429 2775,3426 2805,3424 2835,3423 2866,3421 2896,3421 2926,3420 2956,3420 2986,3420 3017,3420 3047,3420 3077,3420 3107,3420 3137,3421 3168,3421 3198,3420 3228,3420 3258,3419 3288,3418 3319,3416"/>
                <TextEquiv>
                    <Unicode>geschmack des Todes gab, erwa</Unicode>
                </TextEquiv>
            </TextLine>
            <TextLine id="r1l165" custom="readingOrder {index:164;}">
                <Coords points="1538,3447 2698,3433 2697,3390 2530,3375 1537,3407"/>
                <Baseline points="1553,3446 1609,3445 1666,3444 1722,3443 1779,3442 1835,3441 1892,3441 1948,3440 2005,3439 2061,3439 2118,3438 2174,3437 2231,3436 2287,3435 2344,3434 2400,3433 2457,3431 2513,3430 2570,3428 2626,3426 2683,3424"/>
                <TextEquiv>
                    <Unicode>prägnante und nie in ein falsches Pathos verfallende Sprache</Unicode>
                </TextEquiv>
            </TextLine>
            <TextLine id="r1l166" custom="readingOrder {index:165;}">
                <Coords points="428,3480 1531,3464 1530,3403 1435,3399 427,3419"/>
                <Baseline points="443,3466 496,3468 550,3469 603,3470 657,3470 711,3470 764,3469 818,3468 872,3467 925,3466 979,3464 1033,3463 1086,3461 1140,3460 1194,3459 1247,3459 1301,3459 1355,3459 1408,3459 1462,3461 1516,3463"/>
                <TextEquiv>
                    <Unicode>Alle hier besprochenen Bücher sind leihweise erhältlich</Unicode>
                </TextEquiv>
            </TextLine>
            <TextLine id="r1l167" custom="readingOrder {index:166;}">
                <Coords points="2706,3483 2867,3488 2890,3470 3025,3474 3071,3455 3112,3480 3316,3462 3315,3422 3298,3419 2705,3425"/>
                <Baseline points="2721,3472 2750,3471 2779,3470 2808,3469 2837,3469 2866,3468 2895,3468 2924,3467 2953,3466 2982,3466 3011,3466 3040,3465 3069,3465 3098,3464 3127,3463 3156,3463 3185,3462 3214,3461 3243,3461 3272,3460 3301,3459"/>
                <TextEquiv>
                    <Unicode>zum geschmähten, verachteten</Unicode>
                </TextEquiv>
            </TextLine>
            <TextLine id="r1l168" custom="readingOrder {index:167;}">
                <Coords points="1546,3496 2666,3482 2698,3478 2697,3426 1545,3456"/>
                <Baseline points="1561,3488 1617,3487 1673,3487 1729,3486 1785,3486 1841,3486 1897,3485 1953,3485 2009,3484 2065,3484 2122,3483 2178,3482 2234,3482 2290,3480 2346,3479 2402,3478 2458,3477 2514,3474 2570,3473 2626,3471 2683,3468"/>
                <TextEquiv>
                    <Unicode>das Bild ungeahnter landschaftlicher Schönheiten greifbar er¬</Unicode>
                </TextEquiv>
            </TextLine>
            <TextLine id="r1l169" custom="readingOrder {index:168;}">
                <Coords points="2702,3510 2990,3531 3108,3505 3318,3509 3317,3463 2894,3470 2848,3489 2700,3461"/>
                <Baseline points="2717,3513 2746,3514 2775,3514 2805,3513 2834,3513 2863,3512 2893,3512 2922,3511 2951,3510 2981,3509 3010,3508 3039,3507 3069,3506 3098,3505 3127,3504 3157,3504 3186,3503 3215,3502 3245,3502 3274,3502 3304,3502"/>
                <TextEquiv>
                    <Unicode>Leben. Das ist kein Roman. 9#</Unicode>
                </TextEquiv>
            </TextLine>
            <TextLine id="r1l170" custom="readingOrder {index:169;}">
                <Coords points="341,3533 1542,3524 1541,3458 340,3464"/>
                <Baseline points="355,3524 413,3522 472,3521 530,3520 589,3519 648,3518 706,3517 765,3516 823,3516 882,3515 941,3514 999,3514 1058,3513 1116,3513 1175,3512 1234,3512 1292,3511 1351,3511 1409,3510 1468,3509 1527,3508"/>
                <TextEquiv>
                    <Unicode>in der Leihbibliothek „Irodalmi Szalon“ (literarischer Leiter</Unicode>
                </TextEquiv>
            </TextLine>
            <TextLine id="r1l171" custom="readingOrder {index:170;}">
                <Coords points="1546,3551 2655,3526 2709,3473 1545,3496"/>
                <Baseline points="1561,3532 1617,3533 1674,3533 1731,3533 1788,3532 1844,3532 1901,3531 1958,3530 2015,3529 2071,3528 2128,3526 2185,3525 2242,3524 2298,3522 2355,3521 2412,3519 2469,3518 2525,3517 2582,3516 2639,3514 2696,3514"/>
                <TextEquiv>
                    <Unicode>steht, wie der Dichter mit seinen reichen Erfahrungen nur</Unicode>
                </TextEquiv>
            </TextLine>
            <TextLine id="r1l172" custom="readingOrder {index:171;}">
                <Coords points="2712,3564 3322,3555 3321,3509 3287,3504 2890,3526 2711,3515"/>
                <Baseline points="2725,3559 2754,3558 2783,3558 2812,3558 2841,3557 2870,3557 2899,3557 2929,3556 2958,3556 2987,3556 3016,3556 3045,3555 3074,3555 3103,3554 3133,3554 3162,3552 3191,3552 3220,3550 3249,3549 3278,3547 3308,3546"/>
                <TextEquiv>
                    <Unicode>Stimmungen, von tiesem seelisch</Unicode>
                </TextEquiv>
            </TextLine>
            <TextLine id="r1l173" custom="readingOrder {index:172;}">
                <Coords points="352,3581 997,3564 1159,3594 1308,3563 1392,3594 1542,3554 1515,3511 352,3532"/>
                <Baseline points="366,3576 424,3574 482,3572 540,3571 598,3569 656,3569 714,3568 772,3567 830,3566 888,3566 946,3565 1004,3564 1062,3564 1120,3563 1178,3563 1236,3562 1294,3562 1352,3561 1410,3560 1468,3559 1526,3557"/>
                <TextEquiv>
                    <Unicode>Josef Diner=Denes), Budapest, V., Nädoruteza 20, I. St.</Unicode>
                </TextEquiv>
            </TextLine>
            <TextLine id="r1l174" custom="readingOrder {index:173;}">
                <Coords points="1550,3587 2702,3555 2701,3512 1550,3541"/>
                <Baseline points="1565,3579 1621,3577 1677,3576 1733,3574 1789,3573 1846,3572 1902,3571 1958,3570 2014,3569 2070,3568 2127,3567 2183,3566 2239,3565 2295,3565 2351,3564 2408,3563 2464,3562 2520,3561 2576,3559 2632,3558 2689,3557"/>
                <TextEquiv>
                    <Unicode>zurückhaltend vor uns tritt, immer ##r andeutend und eben</Unicode>
                </TextEquiv>
            </TextLine>
            <TextLine id="r1l175" custom="readingOrder {index:174;}">
                <Coords points="2699,3630 3024,3607 3191,3631 3263,3601 3318,3617 3317,3562 3265,3552 3087,3566 2988,3547 2879,3572 2698,3549"/>
                <Baseline points="2714,3604 2743,3605 2772,3606 2802,3607 2831,3607 2861,3607 2890,3606 2919,3606 2949,3605 2978,3604 3008,3603 3037,3602 3066,3601 3096,3600 3125,3600 3155,3599 3184,3599 3213,3599 3243,3599 3272,3600 3302,3601"/>
                <TextEquiv>
                    <Unicode>logischen Feinheiten, die Bände</Unicode>
                </TextEquiv>
            </TextLine>
            <TextLine id="r1l176" custom="readingOrder {index:175;}">
                <Coords points="1538,3629 2618,3619 2712,3611 2711,3548 2456,3584 1537,3583"/>
                <Baseline points="1553,3623 1610,3623 1667,3623 1724,3622 1781,3621 1839,3620 1896,3620 1953,3619 2010,3618 2067,3617 2125,3616 2182,3615 2239,3613 2296,3613 2353,3611 2411,3610 2468,3609 2525,3608 2582,3607 2639,3606 2697,3604"/>
                <TextEquiv>
                    <Unicode>dadurch das Bedeutende erraten lassend. Was dieses Buch</Unicode>
                </TextEquiv>
            </TextLine>
            <TextLine id="r1l177" custom="readingOrder {index:176;}">
                <Coords points="349,3620 462,3654 1153,3619 1151,3578 1059,3567 348,3588"/>
                <Baseline points="363,3629 401,3629 440,3629 479,3629 518,3628 557,3627 595,3626 634,3624 673,3622 712,3621 751,3619 789,3617 828,3616 867,3614 906,3613 945,3612 983,3612 1022,3611 1061,3611 1100,3611 1139,3612"/>
                <TextEquiv>
                    <Unicode>Prospekte gratis auch für die Provinz.</Unicode>
                </TextEquiv>
            </TextLine>
            <TextLine id="r1l178" custom="readingOrder {index:177;}">
                <Coords points="1538,3673 2728,3677 2727,3617 2585,3600 1537,3629"/>
                <Baseline points="1553,3672 1611,3673 1669,3673 1727,3673 1785,3672 1843,3671 1901,3669 1959,3667 2017,3665 2075,3663 2133,3661 2191,3659 2249,3657 2307,3655 2365,3654 2423,3653 2481,3652 2539,3652 2597,3653 2655,3654 2714,3656"/>
                <TextEquiv>
                    <Unicode>von den landläusigen Reisebeschreibungen unterscheidet, ist die</Unicode>
                </TextEquiv>
            </TextLine>
            <TextEquiv>
                <Unicode>box 35/9
Gesammelte Nerke
—
Notwendigkeit, aus der heraus
diese seiner Novellen in ein Prunkgewand erlesenster!
und, die innige Versenkung in
Bücherschau.
Worte. Eine feierliche, rhyehmische Getragenheit beherrscht
erst die Bedeutung geben und
hier seinen Vortrag — man denke an das „Hirtenlied“ —
Das letzte Weinen. Novellen von Robert Michel.
Blick, dem sich Brücken und #
und eine an die Sprache alter Heiligenlegenden ge¬
Deutsch=Oesterreichischer Verlag, Wien und Leipzig, 1912. —
Schönheit durchleuchtet offenbare
Fahrten in den Reichslanden. Bilder und Skizzen
mahnende Erdentrücktheit des Ausdrucks vermählt sich
Die Nicht des Dekt
aus Bosnien und der Herzegovina. Von Robert Michel. Mit
eigenartig mit dem Uebersinnlichen und Unirdischen des
Georg Hermann. Verlag E
25 Zeichnungen von Max Bucherer. Deutsch=Oesterreichischer
Hermann hat die Kraft und die Fa
Inhalts.
Verlag, 1912. — Die Eigenart Robert Michels, die in seinen
Milieu zu versenken. Er sieht 
Doch auch diese Epoche der Hingabe an unbegriffene
„Geschichten von In, #ten“ besonders zur Geltung kam, ist in
das Drum und Dran, er s
Gewalten ging vorbei. Sie mußte vorbeigehen — Schnitz¬
seiner neuen Novellensammlung in der Durchleuchtung seltsamer
Menschen, er lebt mit ihnen dan
ler ist keine „Dämmerseele“. Sein Geist und sein Gefühl
Menschenschicksale, manchmal nur geringfügiger Episoden wir¬
Er ist ein Menschenschilderen w
kend. Gerade in letzteren, wo gar nichts Erschütterndes geschieht,
mögen sich zuweilen ins Grenzenlose verirren, er steht den¬
prachtvolle epische Ruhe und
wenn man ein Gespräch über Jugenderinnerungen, ein Schul¬
noch wurzelfest auf der Erde und namentlich auf wiene¬
trotz aller Breite und Weitschie
intermezzo nicht etwa dafür nehmen will, schwingt ein Ton,
rischer Erde. Er muß dies selbst endlich empfunden, sich
sondern das Behagen, mit dem
der nach vollendeter Lektüre ganz selten nur berührte Saiten
hierauf besonnen haben, als er dann an sein bishe:
übergehen fühlt. Wir sehen förm
unseres Gemüts in Schwingungen versetzt. Es eröffnen sich
legene, und doch so unendlich ver
größtes Prosawerk, an den Roman schritt, dessen Tie!
Zusblicke auf ein ganzes Menschenleben, aus der einen gering¬
er seine Menschen betrachtet und
das deutliche Geständnis einer Selbstbefreiung und Uere¬
windung enthält, als er den „Weg ins Freie“ schried; fügigen Episode löst sich die Ahnung eines Schicksals los ...
Gebert und Henriett: Jakoby ha
Immer wieder stößt man auf Stellen, wo die Kondensierung
Vorzüge, wenn auch der hum
(der später erschien, doch früher entstand als die Novellen in
eines lange währenden Prozesses zu einem knappen Ereignis
noch stärkeren Griff in das mit a
Dieser Roman, der bis zum
„Masken und Wunder").
vollauf genügt, die durchschrittene Bahn des Geschehens deutlich
deutet. Unendlich fein aber, i
erraten zu lassen und, was künstlerisch einen Meistergriff be¬
Rande vom Reize Schnitzlerschen Geistes, von der Kraft
manns vielgestaltiges Talent zu
deutet, aus dem Einzelfall das typische Schicksal einer Mehrheit
Schnitzlerscher Anschauung erfüllt ist, war bald ein be¬
neuester Roman. Roman? Es i
sich losschälen zu sehen. Daß ein Oberst in Pension geht und
rühmtes Buch und galt bald als der beste Wiener Ro¬
unendlich klein, die Fabel so sub
bald darauf stirbt, ist ein einfaches Geschehnis, das zu sentimen¬
man“. Ob er das im üblichen Sinne ist, ist fraglich
Beiwerkes entkleidet, zu einem g
talen Bemerkungen nur dem Durchschnittsmenschen Anlaß zu
und auch gleichgültig. Er bringt nur einen sehr kleinen
sammenschrumpft. Ein alternder
geben vermag. Daß aber der Dichter des alten Offiziees Sehn¬
ein zusammenbrechender Literat,
Teil Wiens; schildert nur ein paar Gestalten aus der
sucht nach dem Soldatenleben an kleinen Handlungen, Gewohn¬
Gutzeit, verbummeln eine Nacht
reichen jüdischen Gesellschaft, aus den Kreisen des Sports
heiten, Abgewöhnungen des Greises demonstriert, ohne das
es
Berlin,
sie sehen
und der Aristokratie. Aber diese wenigen Meuschen lassen
zu lassen,
zehrende Gefühl jemals Wort werden
kosten seine Stimmungen
das Wien und das Oesterreich unserer Tage stärker füh¬
und daß der Dichter des Obersten vorausgesehenes
Facetten leuchten,
Ende als einen Zusammenstoß des entschwindenden Lebens
ler, als es je bisher geschehen war. Wienerisch und
Abgründe und sie sprechen mite
mit der ahnungslosen Gesundheit eines derben Burschen
eichisch sind ihre sozialen, konfessionellen, deruflichen
Lokale, in denen Milieu, Me
gestaltet, so daß auf einmal die Bedeutung dieses Sterbens
igen und Konflikte. Wienerisch die lässige Art, wie sie sich
C
visionären Kraft der Suggestion
sich als die typische Tragödie eines Berufes erweist, dies gibt uns
mit diesen Sorgen und Konflikten auseinandersetzen.
Und langsam erstehen vor uns
das Recht, Robert Michel als einen der wirklich neuschöpferi¬
Wienerisch und namentlich österreichisch der ganze Rhyth¬
Worte, aus einer hingeworfenen
schen Schriftsteller Oesterreichs zu bewundern. — Neben seinen
tierten Wendung und einem
mus ihres Lebens und ihrer Beziehungen zu einander.
dichterischen Arbeiten, in innigem Zusammenhang mit ihnen,
Menschenschicksale. Der lebensm
Und sie alle umfließt der besondere Zauber der Wiener
sind Robert Michels Reiseschilderungen entstanden. Vor Jahren
weiter schusten will, der sich
Landschaft, die weiche Melodie dieser Stadt, die hier mit
bereits gab er in seinem Beiche „Mostar“ wunderbare Kunde
von den unentdeckten Schönheiten dieser Stadt und ihrer, und nun endlich sein Kreuz nies
wunderbarer Kraft und Innigkeit erfaßt und gestaltet
Umgebung. Nun hat er, der gleich in seinem ersten Novellen##tragik des Dr. Herzseld, der ein
wurde.
war und nicht über den Gedank
banid „Die Verhüllte“ ergreifende Schicksale vor den Hinter
So weit hält nun sein erzählendes Schaffen. Darf
seine Jugendsünde, die Ursache
grund der Karstlandschaft gestellt hat, eine rechte Künstlerreise
aber der zufällige Anlaß dieser gesammelten Ausgabe
Leben zerichmettert hat. Währe
durch die Reichslande unternommen. Die sachlichen, scheinbar
etwa dazu verführen, dieses Schaffen als ein Ganzes,
und sarkastischer Güte den and
unbekümmert hingestrichelten Skizzen des jungen Malers
Fertiges zu überschauen und zu werten? Gewiß nicht.
gedanken weg wieder zu Heim
Bucherer sind Michels Stil auffallend verwandt. So illustriert
den nur Halbwiderstrebenden ges
Er ist fünfzig Jahre alt geworden, und zwei, wohl gar drei
ein Künstler den anderen. Wo der Dichter nüchterne Daten
umstricken, will er nun selbst
Generationen umfangen ihn mit gleicher Liebe und
zu berichten hat, siellt sich der Zeichner mit einem belebenden!
heraus. Im Geiste kostet er die
Dankbarkeit. Und allen ist er noch immer eine Hoffnung
Bilde ein und in anderen Fällen bringen Michels unjourna¬
des Sterbens, wandert ein letz
listischen, kundigen und gleichzeitig über das Tatsächliche hinaus
und eine Verheißung. Er darf es sein. Denn hat er
gehaßtes Berlin, wandert di
eine neue Schönheit formenden Betrachtungen die erwünschte
uns nicht eben gestanden, daß er jetzt erst den „Weg ins
Mittagsbrand, wandert, währen
Farbenbuntheit in die schwarz=weiße Naturtreue dieser Abbil¬
Freie“ fand? Freuen wir uns seines jugendlich frischen
müdeten Hirns sich zu verwirre
dungen von prachtvoll geschwungenen Brücken, Hallen, Gäß¬
Ausschreitens.
zusammenbricht. Aus seiner 1
chen und Hütten. Es ist erstaunlich, wie durch Michels
geschmack des Todes gab, erwa
prägnante und nie in ein falsches Pathos verfallende Sprache
Alle hier besprochenen Bücher sind leihweise erhältlich
zum geschmähten, verachteten
das Bild ungeahnter landschaftlicher Schönheiten greifbar er¬
Leben. Das ist kein Roman. 9#
in der Leihbibliothek „Irodalmi Szalon“ (literarischer Leiter
steht, wie der Dichter mit seinen reichen Erfahrungen nur
Stimmungen, von tiesem seelisch
Josef Diner=Denes), Budapest, V., Nädoruteza 20, I. St.
zurückhaltend vor uns tritt, immer ##r andeutend und eben
logischen Feinheiten, die Bände
dadurch das Bedeutende erraten lassend. Was dieses Buch
Prospekte gratis auch für die Provinz.
von den landläusigen Reisebeschreibungen unterscheidet, ist die</Unicode>
            </TextEquiv>
        </TextRegion>
    </Page>
</PcGts>
