3392 4384
1248 251 1717 336 box 35/9
243 262 1099 362 Gesannelte Nerke
520 1165 1541 1245 Stadtel uid ii Dei Lilee
510 1288 1576 1372 Verständnis für das Schwache, ein wenig skeptisch,
519 1321 1584 1387 zwar Rasse, aber zurückhaltend, vornehm, soigniert,
523 1379 1277 1420 gütig mit leisem Anflug von Ironie.
610 1411 1609 1467 Der epische Schnitzler, auf den wir heute beise
519 1457 1619 1525 Erscheinen der erzählenden Schriften besonders hin=9
511 1509 1622 1565 gelenkt werden, gab im Laufe zweier Dezennien einesb¬
510 1538 1619 1626 Anzahl sehr feiner kontemplativer Novellen undse
516 1590 1549 1655 Skizzen (u. a. sind zu merken: „Sterben“ „Ein
1558 1604 1617 1660 t.
521 1636 1610 1717 Abschied“, „Leutnant Gustl“. „Frau Berta Garlan“, sei
509 1676 1224 1736 „Das Tagebuch der Redegonda“),
1225 1690 1596 1750 bevor er denle
515 1725 1615 1800 großen Roman „Der Weg ins Freie“ ein sozial und 2
511 1763 1605 1838 tendenziös gefärbtes, bei aller Reflektionsbreitel?
521 1808 1568 1880 stark konzentriertes Werk, schuf, das der Judenfrage
520 1855 1570 1937 galt. Der Roman ist eine wunderbar geschlossene
518 1902 1560 1971 Einheit, wie ein großes Mosaik, aus lauter bunten
514 1946 1581 2013 Seelenphysiognomien, aber ein Mosaik, das ohne
512 1987 837 2045 alle Fugen ist.
607 2034 1597 2110 Rein äußerlich angesehen, präsentieren sich die
514 2072 1570 2141 drei bisher erschienenen Bände sehr angenehm. Dies
517 2128 1568 2192 schlichte Titelzeichnung von Erich Mende entsprich“
520 2161 1559 2241 sinnvoll der milden Natur Arthur Schnitzlers. Dse
516 2213 1564 2281 Ausstattung ist würdig. Die Dramen erscheinengin
505 2251 1103 2315 viex Bänden im Herbst 1912.
1404 2263 1527 2324 l. B.
715 2336 1364 2443 Kleines Beuilleton.
596 2405 635 2491 4
881 2407 1566 2508 14 54 Frlichts. Die ziemlich
506 2464 1565 2556 seltenErscheilungseiges Frrlichts, das in der Regel!
521 2532 1564 2595 sich als hiläuliche Flamme zeigt, die unruhig
512 2568 1559 2651 über der Sun##dem sie entstanden ist, hin und
505 2614 1565 2686 her undl auf und ab hüpft, hat schin seit jeher in
504 2661 1549 2730 hohem Grade die Aufmerksamkeit der Menschen er¬
501 2723 1547 2774 regt und zu den merkwürdigsten Deutungen Ver¬
502 2752 1555 2821 anlassung gegeben. Vielfach ist das Irrlicht als
501 2794 1562 2871 eine Erscheinung der Luftelektrizität aufgefaßt
495 2843 1559 2908 worden; man nahm an, es sei Sumpfgas, obgleich!
497 2889 1557 2959 man sich nicht erklären konnte, wie dieses Gas zur
508 2924 1538 2992 Entzündung gelangt war, das außerdem aber auch
504 2980 1551 3033 nicht mit blauer, sondern mit weißer Farbe brennt.
497 3018 1549 3079 Neuerdings hat nun ein belgischer Chemiker um¬
509 3061 1548 3126 fassende Versuche angestellt, welche über die Natur
499 3104 1560 3177 des Irrlichts Aufschluß bringen. Der Forscher stellte
502 3139 1544 3209 in einem Gartenteich unter Wasser einen Schwefel¬
502 3185 1568 3279 wasserstoffapparat auf, in den er kleine Stückchen
1782 2335 2516 2441 Ab Juni 1912 verkehren
1669 2425 2623 2587 Aussichtswagen
2098 2543 2194 2600 der
1671 2587 2616 2711 Canadian Wächte
2027 2701 2231 2760 auf den
1645 2759 2605 2862 k. k. Osterr. Staatsbahnen
1747 2897 2511 2973 Größter Luxus und Komfort
1737 2988 2498 3086 Eigenes Lese- und Rauchabteil
1743 3076 2496 3148 AUSSICHTSPLATTFORMEN
1747 3146 2485 3233 Dolmetsch, Führer, Stenograph.
