3436 4352
532 236 625 292 m i
181 230 572 323 7—
601 236 1151 322 ferke
1313 224 1772 307 box 35/9
1563 563 2129 705 Sla)
1504 713 2060 873 Sfochltn.
1523 834 1722 929 70
1160 944 1530 1025 Reindt
1277 1069 1822 1156 Schnitzters
1559 1172 1959 1307 noveller.
1187 1370 1944 1444 En Wien-diktare, som jämte Karl
1153 1418 1949 1490 Schönherr väckt stor och berättigad
1154 1477 1958 1536 uppmärksamhet i Tyskland, är Arthur
1154 1516 1949 1586 Schnitzler, medicine doktor af semi¬
1151 1572 1946 1628 tisk börd och känd genom sina à Dra¬
1143 1609 1956 1680 matiska teatern här uppfönda pjäser,
1155 1654 1950 1725 bland hvilka vi minnas Anatole-cykeln.
1189 1718 1938 1769 Den fyndige, spirituelle och intres¬
1146 1758 1943 1819 sante diktaren är dock äfven novellist,
1141 1787 1946 1862 och tack vare regissören vid den tea¬
1145 1856 1953 1895 ter, som gifvit hans stycken, Gustaf
1152 1894 1952 1962 Linden, Anatoles öfversättare, göra vi
1145 1949 1941 2006 bekantskap med denna för oss nya si¬
1146 2000 1943 2055 da af hans diktning. Linden har pä
1145 2034 1939 2103 Hugo Gebers förlag försvenskat tre
1152 2079 1511 2138 af hans noveller.
1183 2114 1948 2197 Den första och den sista j samling¬
1134 2174 1937 2236 sen, Löstnant Gustl och De döda tiga,
1132 2228 1936 2290 frän 1900 och 1898, äro goda vittnes¬
1131 2276 1936 2337 börd om författarens psykologiska
1131 2318 1937 2387 dissekeringskonst, förträffliga själs¬
1127 2365 1941 2426 analyser, med en oändlig kedja af
1137 2405 1940 2471 fint iakttagna detaljer och väl äter¬
1143 2451 1458 2516 gifna särdrag.
1169 2503 1932 2562 Schnitzler för med en elegant och
1127 2560 1931 2598 raffinerad säkerhet den hans offer upp¬
1127 2602 1929 2651 sprättande knifven, och den sorgliga
1131 2643 1925 2696 klämmen i hans till ytan lätta och le¬
1123 2695 1923 2760 kande, i grunden sä djupa utredning,
1123 2735 1934 2802 är en beklagande axelryckning. Kvar
1123 2789 1927 2843 stä som ett nödvändigt resultat af
1124 2827 1920 2893 hans peilingar i värt medretna eller
1126 2876 1915 2936 undermedvetna själslif den beska iro¬
1122 2919 1929 2985 nien öfver människan, löjligt liten
1117 2972 1927 3044 hur hon bär sig ät, i sitt lifs tragedi
1122 3013 1429 3069 och komedi.
1161 3056 1920 3124 Löstnant Gustl är en enda läng mo¬
1111 3113 1919 3160 nolog pä 71 trycksidor, nedskrifven
1119 3160 1920 3218 eller snarare genomlefvad pä fem
1117 3196 1531 3266 julidagar i Wien.
1161 3253 1917 3312 Löjtnanten har bevistat en kon¬
1115 3297 1241 3357 sert.
1269 3295 1921 3360 Musiken tröttar och träkar
1111 3335 1912 3407 ut honom. Han granskar pu¬
1121 3388 1909 3455 bliken, försjunker i tankar, förir¬
1111 3439 1917 3492 rar sig in pä sina hvardagsförhällan¬
1115 3480 1921 3563 den, familjen, kvinnorna, tjänsten.
1119 3527 1911 3585 Det är ett myller af skenbart nyck¬
1119 3563 1919 3636 fulla, helt disparata stämningar, hos
1109 3621 1908 3679 hvilka den skicklige diagnostikern ge¬
1118 3669 1921 3717 nast anar ett sammanhang. Och det
1118 3718 1905 3767 blir an mera fallet, dä lojtnanten fär
1106 3764 1914 3818 en tillrättavisning af en bagare, som
1114 3814 1913 3876 hindrar den otalige att efter konserten
1103 3852 1785 3916 hastigt nog fü sina ytterplagg.
1152 3902 1913 3961 Enligt de militara bederslagarna
1110 3924 1907 4011 skulle den sä grymt forolampade uftvä
1116 4004 1906 4056 skymfen i blod. Men bagaren kan han
1113 4047 1905 4097 ej utmana. Och hvad aterstär! Sgälf¬
1106 4086 1253 4140 mord.
1157 4110 1917 4179 Det är en af sina #gna och sitt
2618 4117 2948 4185 ——
