3436 4224
267 211 1845 290 7. Gesammelte Nerke box 35/9
483 979 1600 1116 —. Rückseite beuchten! Wenden!
1194 1076 1572 1179 Telephon 12.801.
622 1211 1384 1315 „UDSEKTER
464 1291 1583 1394 I. österr. behördl. konz. Unternehmen für Zeitungs-Ausschnitte
647 1348 1400 1441 Wien, I., Concordiaplatz 4.
862 1397 1188 1474 Vertretungen
472 1435 1590 1537 in Berlin, Basel, Budapest, Chicago, Cleveland, Christiania¬
463 1481 1589 1573 Genf, Kopenhagen, London, Madrid, Mailand, Minneapolis.
456 1522 1585 1626 New-Vork, Paris, Rom, San Francisco, Stockholm, St. Peters¬
866 1575 1174 1637 burg, Toronto.
768 1587 1289 1693 (Quellenangabe ohne Gewähr.)
450 1670 1647 1773 Ausschnitt auss Monatshefte, Braunschwei
459 1761 642 1828 vom:
628 1787 1010 1900 B
633 1897 1467 2014 mit Aundhe
589 1990 1412 2107 Für Schninler kam der Gedanke scholl ein“
826 2062 939 2104 #
556 2073 1418 2144 wenig zu spät, und außerdem hat das Theater¬
546 2115 1416 2190 jahr Mitte Mai nicht mehr genug Blumen in
557 2159 1414 2240 seinem Garten, um nach Herzenslust gratulieren
546 2201 1403 2280 zu können. Dafür hat ihm sein Verleger S. Fischer
550 2237 1409 2319 in Berlin desto opulenter den Tisch gedeckt. Nach¬
542 2280 1419 2365 dem im Frühjahr schon in drei Bänden Schnitz¬
538 2330 1402 2402 lers gesammelte Erzählungen erschienen waren,
538 2364 1412 2451 in der vornehm=geschmackvollen Ausstattung, zu
544 2423 1403 2485 der sich unser „Buchschmuck“ nun glücklich hin¬
544 2454 1404 2531 durchgefunden hat, sind jetzt die Theaterstücke
547 2506 1403 2575 in vier Bänden gefolgt. Es sind mehr als
540 2543 1405 2626 zwanzig Arbeiten, die sich da zusammenfinden,
533 2590 1402 2663 * eine jede auf dem Theater erprobt und manche
543 2643 1391 2706 mit den Jahren wie guter Wein noch reifer und
536 2677 1396 2751 blumiger geworden. Und man entdeckt Stil und
536 2721 1395 2787 Charakter in dieser Doppeldekade. Von den Anatol¬
532 2742 1368 2835 Szenen angefangen bis zum „Weiten Land“ —
543 2810 1394 2879 es geht eine feine, aber sicher gezogene Linie
531 2849 1384 2921 durch die Bände. Tastend und etwas spielerisch
525 2895 1394 2967 setzt das Konzert ein, bald aber blühen die Töne
527 2939 1377 3007 reicher auf, und am Ende — dem vorläufigen,
526 2977 1379 3061 hoffentlich noch lange nicht dem letzten! — gibt
518 3023 1380 3101 es einen tiefen symphonischen Vollklang. So
522 3069 1373 3155 reine und nachhallende Wirkung viele der Schnitz¬
517 3120 1380 3188 lerschen Stücke auf der Bühne geübt haben, so
516 3155 1384 3224 vielfältige, geistreich gezeichnete Silhonetten sie
526 3194 1377 3273 an uns vorüberziehen lassen, sie haben darüber
522 3244 1378 3315 doch nie ihren andern Beruf: gelesen zu werden,
520 3284 1378 3362 verfehlt. Ja, ich weiß mauch einen, der auf
508 3316 1385 3424 dem nächtlichen Nachhauseweg auch aus der ge¬
1007 3394 1136 3457 44*
625 3433 2976 3563 Lungensten Lessingtheater-Auf führung gesagt hat: Jetzt setz“ ich mich
620 3514 2883 3598 daheim an den Kamin und lese das sti1l für mich“. Am anderen Morgen
622 3573 2911 3691 ging der dann mit einem seinen stillversöhnten Lächeln an seine all¬
622 3638 1850 3725 täglichen Geschäfte
