3436 4352
1312 197 1750 285 box 35/9
290 197 1136 298 Gesamnelte Nerke
783 1229 1925 1304 große atemholende Stille als Pause zwischen Erlebten
145 1230 541 1322 nd Kultur.
547 1231 744 1341 24,
805 1288 1380 1348 und Kommenden sich breitet.
157 1320 318 1390 sicher.
543 1321 686 1402 2
166 1368 774 1456 Eigentlich eine journalistische
902 1384 1919 1457 So ist im Frühjahr ein Buch erschienen, das trotz
149 1436 768 1502 hungen, in den Tagen, die den
789 1423 1932 1501 seiner einbändigen Knappheit uns neues Gedankenmaterial
164 1491 764 1548 sind. In diesen Nachsommer¬
797 1497 1918 1556 in Fülle bringt. Ein Buch, dessen philosophisches Problem
784 1533 1927 1603 nichts Geringerem gilt, als der Zusammenfassung des
152 1548 765 1596 gs literaturfähigen Journalisten
788 1574 1916 1646 Menschentypus der anbrechenden Zeit und des Dichter¬
153 1583 764 1651 jen, seine Ferienerlebnisse dem
144 1625 764 1687 gen. Neckisch, lyrisch oder didak¬
789 1640 1911 1693 typus, der diese Zeit antizipierend, sie in seinem Wesen,
157 1677 764 1738 her Globetrotter, der nach exo¬
795 1677 1917 1737 in seinem Werk synthetisiert. Indem er „ein Mensch ist,
153 1714 773 1792 k hat, sei es als gemütvoller
782 1731 1920 1786 den es noch nicht gibt“ — Ein Buch ganz außer der
146 1766 765 1830 pieder seiner Scholle Reize neu
787 1783 1922 1837 Art. Weil es ungemein komplizierte Dinge in einfache
149 1816 775 1874 rn beginnen erst ab Dezember
795 1824 1921 1867 Lösungen bringt; weil es obwohl von wissenschaftlichen
140 1855 768 1923 kdeuten, was fur die Gurkenzeit
795 1874 1916 1920 Erkenntnissen saturiert, dennoch keine wissenschaftlichen
139 1907 767 1960 l. Die Aktualität des Kalender¬
796 1915 1914 1965 Dogmen verkündet, weil es vernünftig und trotzdem ab¬
169 1949 772 2022 freilich nicht gerührt werden.
792 1962 1910 2017 sonderlich ist, weil es mit rationeller Objektivität
173 2005 763 2062 Schutz, Schirm, Stütze gegen
797 2013 1914 2072 Zustände analysiert die zu idealistischen Synthesen
145 2048 769 2108 oße Revolution erreichte ihren
802 2055 1906 2121 führen. Ein Buch, gleich paradox in Form und
141 2101 759 2154 er gestürzt wurde, und sie starb,
797 2111 1904 2162 Inhalt. Ein maskiertes Buch. Denn die Tiefe, der Ernst,
145 2141 759 2204 line erbgesessenen Zeitrechte ein¬
796 2159 1917 2216 vielleicht sogar die Wehmut, welche als Grundharmonie
144 2181 773 2259 st eine Art Staatsgebilde. Mit
789 2197 1914 2243 der Themen zu erfühlen sind, werden sorgsam unter
151 2230 772 2295 Haushalt, mit ihrem Fundus
790 2258 1906 2315 einer dichten Schichte kühler, oft ironisierender Sorg¬
133 2280 769 2338 n und Konventionen. Wohin
792 2299 1910 2360 losigkeit verborgen. Kein Prediger eifert, kein Philosoph
157 2327 765 2388 jeder Mitarbeiter nach seiner
790 2339 1909 2407 sucht eine „Weltanschauung“ zu systematisieren; kein
170 2367 771 2431 ?: Wenn gewisse Regeln einer
802 2385 1904 2463 „Rembrandt als Erzieher“ will mit grimmer Axt seiner
146 2421 763 2487 imrücksichtslosen Impressionis¬
797 2438 1913 2488 Nation einen neuen Kulturweg bahnen. Denn Dr. Egon
795 2486 1913 2542 Friedell*) stellt in „Ecct poeta“ kein Programm auf
801 2539 1906 2600 und treibt keine Reformpropaganda. Ihm geht es nämlich
129 2505 770 2600 leicht dazu führen, daß ein
801 2591 1914 2646 ar nicht darum, die Gegenwart zu verbessern; er will
135 2571 764 2646 ser und Buchkritiken in den
794 2633 1912 2691 nichts einrenken und geradebiegen; er pflanzt nicht Ideale
138 2632 760 2694 krender wirken würden; sozu¬
130 2676 763 2739 äßig. Eine veränderte Aper¬
1812 2680 1907 2735 Er
825 2680 1802 2740 ls Wettrennziele für seine Zeitgenossen auf.
786 2726 1812 2780 liebt und achtet die Stunde, welche unser
159 2723 761 2779 schon einzig und allein aus
1816 2720 1904 2787 ist,
1575 2771 1909 2835 Er ist kein
785 2766 1574 2840 und der wir Prägung geben.
127 2770 773 2848 fahrene Vorstellungsbahnen zu
781 2825 1916 2882 Mäkelnder, sondern ein Gläubiger. Er geht nicht
138 2818 763 2878 ie lauschige Kaminecke, während
786 2870 1907 2927 her und baut aus Vergangenheiten ein eklektisches
144 2870 765 2937 r treibt, jener einzig gegebene
796 2916 1905 2971 Zukunftsbild. Sondern diese Zukunft, die er im Blitzlicht
134 2915 760 2987 als treuer Begleiter durch öde
786 2958 1905 3019 einer aphoristischen Synthese aufleuchten läßt, die hat er
137 2968 768 3039 n Bücher bringt. Niemals liest
781 3005 1915 3074 dem fließenden Leben abgehorcht. Alles Gegebene, alles
145 3021 761 3074 ist die Bevölkerung einer Groß¬
791 3060 1903 3109 Erworbene, alles sich Wandelnde, die Eroberungen neuer
134 3072 764 3137 niemals steht die Zeit höher
780 3114 1902 3162 Naturkräfte, die Umprägung von Wirtschaftsformen, die
136 3110 764 3174 jenen Monaten, die den Bücher¬
788 3155 1908 3199 Entdeckungen physiologischen und psychologischen Neu¬
151 3172 762 3231 Niemals vielleicht kann der
775 3194 1896 3265 landes — aus allen diesen wild durcheinander wogenden
133 3213 759 3275 snahrung fruchtbarer sein, wie
135 3267 764 3328 hmmerzeiten. In jenem Augen¬
136 3311 767 3380 fieber abklingt, die Stadt aber
947 3324 1902 3400 „Ecce poeta“ von Egon Friedell. — S. Fischers
147 3372 1185 3428 nach uns ausstreckt und eine Verlag, Wien, 1912.
1954 1240 3075 1306 Energien, die die Schwelle des zwanzigsten Jahrhunderts
1954 1279 3072 1344 überfluten, setzt sich das Weltbild zusammen, welches
1951 1336 3076 1397 Friedell uns vorerleben läßt. Und gerade das wertvolle,
1948 1378 3076 1425 das gesunde Moment dieses Buches ist sein lebenbejahender
1939 1431 3075 1488 Rhythmus. Daß dem Gejammer über die Dekadenz
1950 1486 3075 1537 unserer Epoche, über den Verfall unserer Art, über die
1948 1527 3078 1586 Impotenz schöpferischer Energien endlich entgegengetreten
1942 1573 3071 1630 wird. Daß der nervöse Mensch als der veredelte Mensch,
1949 1616 3085 1692 der überempfindliche Organismus als Uebergangsform zu
1945 1669 2708 1728 einer Höherentwicklung bezeichnet wird.
2064 1727 3067 1778 „Der Mensch der nächsten Jahrzehnte wird eine
1942 1769 3070 1824 organisierte Neurose sein. Mit diesem Ausspruch er¬
1937 1799 3066 1879 weitert Friedell den Ausblick, welchen Lamprecht zuerst
1939 1866 3070 1925 auf ein neu sich bildendes Menschentum eröffnet, als er
1949 1894 3065 1950 für unsere Zeit das physiologische Motiv der „Reiz¬
1938 1951 3066 2021 samkeit“ fand. Friedell läßt den physiologisch sich perfektio¬
1939 2002 3077 2065 nierenden Menschen erstehen. Einen Organismus, der
1938 2038 3063 2099 nicht durch intellektuelle Höherzüchtung sich veredelt,
1936 2094 3058 2136 sondern durch die unbeschränkte Vervollkommnung und
1941 2140 3063 2187 Ausgestaltung der Sinneswerkzeuge. Bis gewisse, noch
1932 2190 3061 2247 nicht ausgereifte aber bereits in Bildung begriffene,
1936 2229 3071 2288 gleichsam noch nicht gefaßte Energien des Körpers zu
1935 2283 3063 2328 Apperzeptionssublimierungen sich steigern werden, die aus
1936 2323 3062 2377 dem heutigen nervösen Uebergangsmenschen den Menschen
1928 2378 3067 2428 der Zukunft entwickeln. „Den Trance=Menschen, den Odd¬
1936 2417 3062 2505 Menschen, den induktiven, telepathischen, drahtlos tele¬
1942 2466 2451 2543 graphierenden Menschen.“
2045 2520 3049 2578 Wer aber ist Vorläufer, wer ist Gestalter, wer ist
1939 2541 3058 2622 der erste Erfinder und Vorempfinder eines neuen Lebens¬
1935 2609 3062 2674 stiles? Es ist der Dichter, sagt Friedell. Aber nicht der
1938 2664 3057 2711 Dichter, dessen Werk und dessen Erleben zwei getrennte
1938 2699 3058 2770 Angelegenheiten sind. Sondern nur derjenige, der es
1926 2754 3058 2810 vermag, „mit dem Leben zu dichten“. Deshalb soll die
1931 2802 3054 2855 Dichtkunst keine literarische Angelegenheit bleiben. Nur
1927 2848 3059 2917 derjenige, dem es gelingt, die Versöhnung der Romantik
1936 2900 3049 2950 mit dem wirklichen Dasein wieder erstehen zu lassen, wird
1936 2944 3056 2996 das ethisch=moralische Pathos, welches in unserer Zeit
1937 2988 3022 3041 eingeschlossen ist, als Wahrheit sich selbst erleben lassen.
2038 3050 3056 3103 Dem philosophischen Essay schließt sich ein Peter
1937 3088 3058 3142 Altenberg=Sketch mit mutwilliger Laune an. Denn in
1937 3126 3052 3199 diesem Dichter erblickt Fiedell einen sich vorbildenden
1935 3183 3055 3236 Typus. Sozusagen den kommenden, idealen Vollender noch
1931 3238 3054 3296 im Kaulquappenzustand. Der schon alle vorbestimmten
1932 3272 3058 3345 Eigenschaften, aber in noch nicht entwickelter, endgultiger
1930 3317 3055 3374 Form in sich trägt. Und man muß die stilistische Kon¬
1928 3372 3050 3449 sequenz bewundern, mit welcher diese Darstellung neuer
