3436 4256
236 222 1832 339 7. Gesammelte Nerke box 35/9
477 530 661 631 Nr. 40
1572 546 1834 628 Die Hilfe
2666 555 2926 642 Seite 637
488 665 2918 758 Gaukelspiel der Stimmungen in diesem Zyklus doch als ein den zufälligen oder gespielten, und an dem wir messen, ob
490 730 1709 794 leiser Unterton mitschwingt, klingt von daher. Auch das
1706 729 2928 816 wir uns selbst treu oder untreu sind, so ist auch im Spiel,
490 786 1696 850 frühe Schauspiel „Das Vermächtnis“ (1897), in dem ähnlich
1709 782 2925 871 in der vorübergehenden Rolle Wahrheit. Schnitzler hat in
482 834 1706 891 wie in Ibsens „Stützen der Gesellschaft“ die herzensträge
1706 832 2931 920 der Groteske „Der grüne Kakadu“ diesen schwindelnden
476 884 1709 964 Bourgeoisiemoral in ihrer Stellung zu einer gesellschaftlich
1708 885 2932 945 Uebergang aus dem Schein ins Sein gezeigt: Die Schau¬
481 938 1703 1010 Geächteten dargestellt wird, sagt doch schon: verlaßt euch
1704 950 2923 1016 spieler, die in einem Wirtshaus zusammenkommen und Ver¬
482 987 1706 1048 nicht auf die Dauer von Gefühlen. Dem sterbenden Sohn
1708 999 2929 1093 brecher spielen, finden sich plötzlich nicht mehr aus dem Spiel
491 1038 1700 1111 gibt seine Familie das Versprechen, seine Geliebte mit ihrem
1704 1055 2305 1136 heraus, jenseits der Grenze.
490 1102 1702 1149 Kinde aufzunehmen. Aber die Erfüllung scheitert nicht nur
1881 1118 2747 1223 „Was ist nicht Spiel, was wir auf Erden treiben,
485 1154 1703 1223 an Klassenvorurteilen, sondern viel mehr noch an der all¬
1880 1195 2709 1259 Und schien es noch so groß und tief zu sein?
484 1203 1708 1271 gemein menschlichen Unfähigkeit, versprochene Liebe zu halten.
1881 1240 2677 1304 Mit wilden Söldnerscharen spielt der eine,
482 1264 1703 1333 In der Aufwallung eines Augenblicks täuschte man sich über
1872 1287 2713 1345 Der andere spielt mit tollen Abergläub'schen,
475 1306 1711 1386 sich selbst. Was damals möglich schien, erlahmt im Weiter¬
1870 1324 2677 1402 Vielleicht mit Sonnen, Sternen irgendwer.
487 1366 1339 1439 gehen der Tage. Das ist Schicksalslauf.
1868 1387 2636 1448 Mit Menschenseelen spiele ich; ein Sinn
1875 1423 2688 1489 Wird nur von dem gefunden, der ihn sucht.
572 1418 1713 1510 In den frühen Stücken stellte Schnitzler diesen wandel¬
1872 1470 2692 1541 Es fließen ineinander Traum und Wachen,
483 1471 1698 1546 baren Naturen, deren Leben „auf leichten Flügeln dahin¬
1879 1528 2750 1592 Wahrheit und Lüge — Sicherheit ist nirgends.
484 1531 1702 1585 rauscht“, noch die schwereren, treueren Menschen gegenüber
1878 1564 2740 1644 Wir wissen nichts von andern, nichts von uns;
480 1584 1701 1656 und ließ die dramatische Spannung aus diesem Gegensatz
1880 1624 2664 1692 Wir spielen alle — wer es weiß, ist klug.“
473 1646 1700 1714 und aus der Verkettung eines durch stärkere Gefühlskraft
485 1696 1700 1772 Belasteten in ein leichtbewegtes Dasein hervorgehen. So
1791 1687 2931 1781 Hofmannsthal, dem der lyrische Ausdruck besser gelingt
481 1745 1699 1811 etwa in dem Einakter „Die Gefährtin“ (1898) und dem
1708 1765 2932 1848 wie Schnitzler, hat dieses gleiche Gefühl der Unsicherheit
485 1796 1694 1878 bürgerlichen Trauerspiel: „Liebelei“ (1894), das an die
1702 1813 2929 1899 dessen, was wir Wirklichkeit nennen, oft noch feiner aus¬
476 1856 1710 1928 Atmosphäre von „Kabale und Liebe“ oder von Fontanes
1709 1873 2919 1956 gesprochen, als es in diesen Worten aus Schnitzlers Para¬
477 1908 1701 1969 „Stine" gemahnt. Später aber wird alles, was sich zwischen
1712 1915 2061 2002 celsus geschieht.
482 1954 1710 2031 Schnitzlers Gestalten begibt, aus der Unbeherrschbarkeit der
2002 1984 2662 2076 Du bist nichts als ein Schwindeln
487 2004 1699 2081 Stimmung und des Gefühls, der Verantwortungslosigkeit
1859 2047 2657 2122 In einen dünnen Schleier eingewickelt.“ —
467 2061 1707 2148 der Menschen vor der Verwandlungsmacht der Zeit heraus¬
1874 2100 2748 2172 „Mein Freund, das ist nur, was wir alle sind.“
477 2113 737 2194 gesponnen.
574 2154 1696 2230 In Schnitzlers Werk gibt es eigentlich nur ein einziges
1780 2157 2909 2256 Wer es weiß — ist klug. Noch ein letzter abschließender
476 2227 1692 2287 Erlebnis und eine einzige Schicksalsmacht: alle Probleme
1705 2227 2920 2308 Zug gehört zum seelischen Ausdruck von Schnitzlers Werk:
476 2269 1701 2355 seiner Dichtung liegen innerhalb der Beziehungen der Ge¬
1695 2296 2917 2362 das fatalistische Wissen um die Schwäche und Mattigkeit
488 2335 1700 2389 schlechter. Hier, im Kreise des stärksten „Besessenseins“,
1708 2353 2917 2429 eines Lebens ohne Pathos und einheitlich gerichtete Kraft,
489 2389 1698 2444 fallen bei Schnitzler für jedes Schicksal und für jede Person
1704 2382 2919 2475 und die schwermütig=ironische Selbstkritik. In dem Roman
475 2440 1699 2509 die Würfel. Alles andere gilt als Rahmen, Außenwerk: ist
1706 2442 2918 2505 „Der Weg ins Freie“ liest ein junger Dichter, so ein richtiges
486 2498 1699 2560 nur, um die Lücken auszufüllen. Und was sonst in dieser
1707 2506 2919 2568 Kaffeehausgeschöpf, einem anderen ein eignes Gedicht vor
475 2532 1697 2616 Ich=losen Welt Schnitzlers noch an inneren Gefühlslagen
1695 2545 2916 2624 mit dem Refrain „Hei — so jag' ich durch die Welt“.
482 2596 1685 2662 gegeben sein kann: etwa der Mensch angesichts der Wirklich¬
1699 2602 2909 2688 Warum sagt er „Hei“? heißt es; es glaubt's ihm ja doch
474 2651 1690 2723 keiten des Alters oder des Todes oder der Krankheit, das
1700 2671 2903 2736 niemand. Wir sind doch nicht die Menschen, die so etwas
483 2701 1689 2768 wird doch alles am Liebeserlebnis gezeigt und enthüllt.
1701 2709 2907 2780 sagen dürfen. Und ernster noch, fast mit einem ethischen
471 2755 1690 2827 Nur beiläufig wird hier und da einmal gesagt, daß diese
1706 2770 2910 2840 Auflug, den Schnitzler sonst vermeidet, hält Herr von Sala
470 2808 1694 2862 Dinge etwas anders liegen für Menschen, die in irgend¬
1693 2809 2908 2890 dem Jugendfreund entgegen, der nach einem verantwortungs¬
471 2859 1695 2922 einem Sinne „einen Beruf haben“ und nicht „von Gnaden
1703 2875 2916 2946 losen Leben sich den einsamen Weg durch das Alter zum
475 2915 1687 2975 des Augenblicks Götter und zuweilen etwas weniger als
1695 2916 2920 2999 Tode mit unverdienter Liebe zu erleichtern hoffte: „Glauben
482 2961 1695 3034 Menschen sind“ (so sagt Herr v. Sala in „Der einsame
1701 2996 2917 3049 Sie, daß wir von einem Menschen irgend etwas zurück¬
480 3019 1689 3078 Weg“) — aber in allen Stücken und Erzählungen Schnitzlers
1694 3017 2916 3110 fordern dürften, das wir ihm geschenkt hatten? Ich meine
480 3076 1698 3142 spielen diese Menschen die zweiten Rollen, sie leben das
1699 3079 2915 3175 keine Perlenschnur und keine Rente und keine wohlfeile
479 3129 1694 3190 blassere, dürftigere, resigniertere Leben. In ihnen ist der
1690 3144 2914 3222 Weisheit, sondern ein Stück von unserem Wesen — eine
473 3179 1694 3236 Dichter selbst nicht zu Hause. Sein eigenes Weltgefühl
1705 3196 2918 3257 Stunde unseres Daseins, das wir wirklich an sie verloren
468 3236 1692 3305 durchdringt nur die Gestalten seines Werkes, die von Gnaden
1694 3250 2912 3301 hätten, ohne uns gleich dafür bezahlt zu machen, mit welcher
473 3275 1701 3362 des Augenblicks leben. Diese Menschen fürchten nichts mehr
1687 3288 2915 3378 Münze immer. Mein lieber Julian, wir haben die Türen
482 3341 1694 3414 als Verantwortungen. Wo immer sie sich tiefer in andere
1701 3342 2901 3420 offen stehen und unsere Schätze sehen lassen — aber Ver¬
470 3373 1685 3462 Schicksale verstrickt fühlen, suchen sie instinktiv den „Weg ins
1702 3403 2405 3481 schwender sind wir nicht gewesen.“
479 3449 1692 3520 Freie“ — ein Stichwort, das von Schnitzler ausgegeben
1780 3459 2903 3536 In dieser vornehmen Selbsteinschätzung liegt doch eine
478 3500 1696 3582 wird, schon lange ehe es als Titel seines einen großen
1704 3511 2911 3584 „Haltung“, die, wenn man ganz tief schaut, in dem Werk
471 3542 873 3627 Romans erscheint.
1694 3565 2894 3632 dieser skeptischsten modernen Persönlichkeit doch eine unan¬
553 3604 1688 3687 Mit diesem Schnitzlers Menschen eingewachsenen Zweifel
1697 3617 2915 3708 tastbare Ehrfurcht vor stärkeren und klareren Formen
477 3656 1686 3732 an dem Vorhandensein eines Wesenhaften in uns, von dem
1700 3676 2423 3750 menschlichen Daseins erkennen läßt.
481 3715 1691 3787 die Augenblicke zusammengehalten werden wie Perlen an
1786 3700 2908 3780 Und vielleicht ist es um deswillen, daß wir Schnitzler,
468 3776 1687 3833 einer Schnur, hängt es zusammen, daß ihr Wirklichkeits¬
1685 3783 2906 3840 der ohne Zweifel der geistvollste und kultivierteste unserer
466 3825 1688 3898 gefühl etwas Schwankendes, Loses bekommt. Zwischen Traum
1686 3817 2911 3899 Erzähler und Theaterdichter ist, auch mit der warmen
468 3885 1699 3952 und Wachen, Wirklichkeit und Spiel verschwimmen die
1693 3887 2914 3962 Bewunderung gegenüberstehen, die wir empfinden, wo eine
478 3922 1690 3989 Grenzen. Wenn es kein „Ich“ gibt, das in den wahren
1695 3922 2926 4022 tiefere Zone unserer Seele berührt ist als die rein ästhetische
473 3978 2042 4058 Momenten unseres Lebens stärker gegenwärtig ist, als in Empfänglichkeit.
