3392 4320
326 120 1178 155 logisch geordnet einen Überblick über Schnitzlers
1211 119 2066 159 Flaubert. Gontscharow, dessen Werke der
329 150 1179 202 bisheriges Schaffen. Das fünfzigste Lebensjahr
1207 157 2064 202 Verlag Bruno Cassirer in Berlin in
328 197 1189 239 kann immerhin als Anlaß für eine Gesamtausgabe
1210 197 2074 241 einer sehr schönen, von Karl Walser geschmückten
321 234 1184 280 anerkannt werden, bei Gerhart Hauptmann
1203 233 2065 292 Gesamtausgabe herausgibt, stellt die Typen der
330 272 1184 314 nun sogar für eine Volksausgabe, aber es muß
1216 281 2062 319 russischen Gesellschaft des 10. Jahrhunderts in
332 314 1183 361 keineswegs einen Abschnitt in der geistigen
1208 316 2074 350 drei großen Romanen dar. In „Oblomow“ und
330 351 1182 391 Entwicklung eines Dichters bedeuten. Ohne durch
1209 348 2069 398 „Eine alltägliche Geschichte“, die städtische
334 389 1182 428 die Gesamtausgabe angedeutet zu sein, scheint
1211 390 2063 442 Gesellschaft, die Lebewelt, die Jugend, ihre
323 425 1182 478 dies bei Schnitzler der Fall zu sein. Als
1208 431 2073 478 Ziele, ihre Lebensvergeudung, in der „Schlucht“
333 461 1168 515 Dramatiker hat er sich mit dem „Medardus“
1211 467 2065 509 den alten russischen Landsitz und dessen Be¬
328 512 1179 554 und dem „Weiten Land“ einer neuen Domäne
1212 508 2073 546 wohner, denen die große Welt fremd und feindlich
330 543 1183 592 zugewendet, der Charakterdarstellung der Einzel¬
1207 550 2073 587 erscheint. Und in ihre Ruhe tritt plötzlich ein
336 584 1183 624 persönlichkeit als Symbol gleichsam der Gesell¬
1203 586 2067 636 junger Mann, das moderne Leben, nervös,
340 630 1183 673 schaft, in der sie lebt. Ein Schritt auf diesem Wege
1212 627 2062 673 strebend, zielbewußt und ziellos, revolutionär,
329 663 1184 702 ist wahrscheinlich auch Schnitzlers neues Stück
1207 664 2074 715 die neue Zeit nicht mit Worten, doch in der eigenen
325 703 1180 750 „Professor Bernhardi“. Keineswegs aber er¬
1203 707 2077 747 Person verkündend. So sehr waren Gontscharows
328 740 1184 785 freulich wirkt die Goethe-Pose (stilistisch) des
1203 743 2069 784 Gestalten Typen, daß die ganze russische Gesell¬
326 790 1184 823 in die Gesamtausgabe aufgenommenen Bandes
1216 780 2070 819 schaft erschreckt sich auf sich selbst besann und
1204 827 2069 868 vielleicht der moderne gewandelte Russe dies
325 816 1187 869 „Masken und Wunder“. Die sehr schön ausge¬
332 858 1184 900 stattete Gesamtausgabe soll doch nicht am Ende
1204 867 2070 906 zum Teile, wenn auch unbewußt, dem großen
1215 897 1635 941 Gontscharow verdankt.
324 897 1186 936 den Verzicht des Erzählers Schnitzler auf sich
1262 931 2072 977 In Flauberts Jugend führt uns der kostbar
327 946 1198 985 selbst zugunsten einer ihm wesensfremden
328 977 1190 1020 Maske bedeuten? — Einen reizvollen Gegensatz
1216 974 2073 1019 gedruckte und gebundene Band, der bei J. C. C.
332 1014 1182 1054 zur deutschen Epik bildet die des Nordens, der
1216 1017 2084 1062 Bruns in Minden von Paul Zifferer übersetzt
325 1060 1179 1103 Selma Lagerlöf etwa, die in einer zehn¬
1203 1067 2074 1103 und herausgegeben worde #ist. Den Meister kennen
326 1093 1183 1134 bändigen Gesamtausgabe bei Albert Langen
1206 1095 2073 1135 wir, den Schöpfer der Bovary und der Education
327 1134 1190 1174 in München erschienen ist. DemDeutschen wird,
1212 1138 2085 1184 sentimentale! Hier tritt uns der junge Flaubert
331 1171 1190 1218 was er gestaltet, Idee und Gedanke, oder vielmehr,
1215 1169 2070 1220 entgegen, tastend, den Weg zu sich selbst
322 1209 1190 1258 er stellt das Mensch- und Schicksalwerden von
317 1248 1183 1286 Ideen und Gedanken dar, mit dem Hirn Er¬
1205 1259 2074 1296 Der ganze Sturm und Drang, aller Weltschmerz
329 1283 1185 1338 kenntnissuchend; das Gefühl wird bloß Stimmungs¬
1211 1289 2070 1343 genialer Jugend findet sich in diesen Historien
328 1328 1188 1366 element. Ein Beispiel: der Caspar Hauser von
1208 1335 2076 1375 und Legenden, Erzählungen und Visionen
337 1366 1182 1419 Wassermann (bei Fischer, Berlin, Volksausgabe).
1203 1369 2073 1402 des jungen Flaubert, deren manche der Meister
332 1398 1187 1448 Bei den nordischen Epikern, bei Nansen, bei
1215 1406 2080 1448 nicht erst für den Nachlaß allzu kritisch hätte
327 1447 1182 1488 der Lagerlöf, scheint mir das Gefühl das Primäre
1213 1453 2077 1493 aufsparen müssen. Wie reizvoll, wenn man bei
329 1485 1194 1521 zu sein und den Weg zu den Untiefen des Seins
1212 1483 2085 1531 der Lektüre plötzlich neben jugendlichem Uber¬
323 1524 1185 1577 zu weisen. Darum sind die Lebenswege, die sie
1217 1534 2068 1574 schwang ein Wort voll Weisheit und Tiefe findet,
1128 1575 1263 1645 af
1304 1611 2156 1670 liest und wieder liest und denkt: an diesem hätte
1302 1666 2160 1701 man den künftigen Flaubert erkennen müssen.
1361 1700 2164 1751 Genial im Erfassen des Typischen steht
1298 1738 2157 1790 Frankreichs Shakespeare da, Molière, dessen
1314 1781 2154 1827 sämtliche Werke bei Alexander Duncker
1296 1818 2160 1871 in Weimar erscheinen, zum Teil übersetzt von
1302 1858 2161 1908 Otto Hauser, dem wir jüngsten Datums die
1311 1898 2176 1952 sehr empfehlenswerte, im „Merker“ gewürdigte
1295 1948 2161 1986 Anthologienbibliothek „Aus fremden Gärten“
1297 1979 2167 2019 danken. Diese Molière-Ausgabe umfaßt sämt¬
1289 2015 2156 2064 liche Werke, nicht die übliche Auswahl in chro¬
1300 2068 2167 2105 nologischer Anordnung, sie ist daher wie keine
1298 2095 2160 2129 andere geeignet, dem Nurdeutschleser einen
1306 2131 2161 2175 Uberblick über Molières „oeuvre“ zu gewähren.
1301 2177 2167 2229 Ihm widmet Herbert Eulenberg in den
1311 2216 2165 2262 „Schattenbildern“ (B. Cassirer) Worte
1299 2251 2168 2293 ehrlicher Bewunderung. Alle Dichter und Denker,
1307 2289 2166 2339 an denen sich ein künstlerisch und vor allem
1299 2330 2173 2368 menschlich Empfindender erwärmen kann, finden
1302 2370 2164 2403 in diesem Buch ihre Würdigung. Cervantes etwa,
1296 2407 2163 2459 dessen Don Quixote in der Reihe der Abenteurer¬
1294 2446 2180 2495 romane, schön gebunden von Will Vesper
1300 2487 2174 2531 herausgegeben, bei Martin Mörike in München
1307 2526 2169 2573 für 3 Mark zu haben ist. In derselben Bibliothek
1312 2560 2181 2619 sind erschienen die Schicksale des Magisters
1304 2602 2172 2647 Laukhard, von ihm selbst erzählt, die
1302 2642 2164 2684 Schriften Grimmelshausens, denen noch andere
1311 2680 2174 2724 Bände folgen sollen. Verständnisvoll weiß
1306 2726 2166 2768 Eulenberg Brentanos religiöse Wandlung dar¬
1303 2754 2173 2810 zustellen, dessen bekannteste Novellen „Die
1299 2797 2169 2849 Chronika eines fahrenden Schülers“, „Die
1303 2838 2170 2874 Geschichte vom braven Kasperl und der schönen
1293 2880 2173 2922 Annerl“ u. a in einer Liebhaperbibliothek
1310 2914 2173 2957 (pro Band Mark 1.so) bei Kiepenhausen in
1312 2952 2170 3002 Weimar erschienen sind. Entzückend sind die
1305 2990 2170 3028 Bändchen dieser Bibliothek, schwarz mit Gold¬
1302 3031 2167 3082 druck und weißem Pergamentimitationsrücken.
1295 3081 2163 3114 Andersen, Poé, Jacobsen, Pierre Loti sind mit
1308 3109 2168 3150 ihren besten Stücken vertreten, dazu Paul und
1301 3146 2165 3198 Virginie des Bernardin de Saint Pierre, alles
1304 3188 2162 3225 von besten Kräften übersetzt und eingeleitet.
1365 3225 2166 3273 Hier und dort bei der Lektüre des genannten
1306 3257 2176 3308 Bücher möchte man infolge von Ideenassozia¬
1305 3297 2163 3344 tionen nach anderen Büchern greifen, des
1311 3339 2157 3393 Vergieichet halber. Bei Gontscharow beispiels¬
1304 3389 2164 3434 weise dit anderen Russen nahe haben, wenn
1301 3420 2166 3470 Eulenberg von Schopenhauer oder Heine oder
1297 3461 2170 3512 Friedrich dem Großen spricht, Worte aus deren
1303 3512 2162 3548 Munde vernehmen. Diesem Bedürfnis dienen
1301 3545 2164 3587 Breviere, die jedermann von meinem Leserstand¬
1306 3583 2166 3625 punkt aus bestens empfohlen seien. Bei Haupt
1300 3617 2168 3660 & Hammon in Leipzig ist erschienen „Die
1300 3658 2175 3698 großen Russen“, eine Auswahl aus den Werken
1299 3693 2161 3739 Dostojewskys, Turgenjews und der anderen
1299 3734 2170 3783 russischen Klassiker, übersetzt und instruktiv
1295 3771 2168 3823 eingeleitet von Eliasberg. Bei Eugen Rentsch
1297 3809 2161 3857 in München ist in der Sammlung Pandora
1311 3849 2176 3896 „Heine und die Frau“ erschinen, Worte Heines
1301 3897 2166 3936 über die Frau in Vers und Prosa. Ganz vorzüglich
1308 3930 2180 3980 aber istdas Schopenhauerbrevier des Verlags
1300 3982 2175 4015 Julius Zeitler in Leipzig, ein brauner Taschen¬
1304 4005 2167 4043 lederband aus der Reihe der von dem Natur¬
1307 4045 2178 4099 forscher Robert Rehlen herausgegebenen Bre¬
2126 4112 2204 4173 r
2179 1620 3057 1661 viere. Selten vermittelt ein Brevier so glücklich.
2189 1662 3060 1702 das Bild einer Persönlichkeit, wie dieses. Aus
2179 1704 3048 1757 Briefen, Aussprüchen und aus seinen Werken
2189 1751 3049 1794 spricht Schopenhauer zu uns. Es ist, als beginne
2179 1787 3096 1844 sein Bild von Wulff, dem Bande beigegeben,
2188 1820 2602 1879 zu leben und sprechen.
2693 1820 3042 1880 Felix Langer
2793 4104 3039 4163 E
