3436 4256
197 223 282 299 7.
309 241 1183 321 Gesämnelte Nerke
752 687 1020 767 — —
384 763 676 841 Ausschnitt
504 789 1397 885 Mute S ebuiger Zenung
377 876 532 934 vom:
649 1002 1025 1085 Bücherschau.
325 1074 1375 1147 Arthur Schnitzler: Gesammelte Werke. Zweite
404 1133 1376 1201 Theaterstücke. Berlin.
396 1170 931 1229 1912, S. Fischer, Verlag.
374 1198 1365 1263 Den drei Bänden erzählender Schriften sind nun
315 1256 1371 1315 vier Bände Theaterstücke gefolgt, mit denen Arthur
321 1296 1374 1351 Schnitzlers Gesamtwerk vorliegt. Schnitzler gehört
314 1340 1379 1377 zu den Fünszigern, die in diesem gesegneten Jahr
356 1375 390 1416 0
385 1374 1376 1429 reichlich gefeiert wurden. Ebensowenig wie
303 1417 1382 1466 das Hauptmanns, ist sein Schaffen abgeschlossen, ja
308 1459 1367 1506 es befindet sich noch so sehr in der Entwicklung.
316 1498 1377 1562 daß man gar nicht sagen kann, der Dichter stehe auf
313 1548 1374 1602 dem Gipfel, oder daß man nur wüßte, wohin der
317 1583 1381 1628 Weg weiter führt. Dennoch scheint es nicht unbe¬
309 1625 1378 1674 rechtigt zu sein, seine Werke heute schon zu sammeln
313 1662 1380 1704 und daran zu erinnern, welche repräsentative Kraft
310 1694 1377 1756 ihnen innewohnt. Die moderne Literatur Wiens,
312 1736 1372 1793 also ein Zentrum deutscher Kultur, läßt sich ohne
320 1773 1382 1827 Schnitzler nicht mehr denken. Die Zeit, in der man
310 1818 1375 1862 in ihm nur den Dichter des „süßen Mädels“ er¬
314 1858 1373 1912 blickte, ist wahrhaftig schon lange vorüber. Man
317 1906 1375 1952 war viele Jahre hindurch allzu geneigt, diesen
303 1934 1367 1979 Dichter leicht zu nehmen, hatte das hübsche und
306 1969 1377 2014 witzige Wort von der Liebelei und der Sterbelei
310 2017 1371 2064 geprägt, zwischen denen sein Schaffen sich hin und
306 2041 1372 2107 her bewege, und beinahe hatte Schnitzler die Eti¬
307 2093 1375 2147 kette des anmutigen, etwas melancholischen und
305 2130 1373 2185 etwas ironischen Canfeurs davongetragen, jenes
305 2162 1370 2223 Typs, unter dem man sich gern einen „Jung¬
313 2202 1369 2247 Wiener“ vorstellt. In diesen vier schönen Bänden
310 2241 1373 2296 kann man aber nunmehr nicht übersehen wie weit
310 2285 1381 2350 der reizende „Anatol“ und auch die rührende „Lie¬
315 2313 1368 2378 belei“ zurückliegen, welche Fülle und Breite Schnitz¬
312 2364 1378 2413 #ers Werk allmählich gewann und welchen Ernst der¬
318 2402 1371 2458 Lebensbetrachtung es schließlich enthüllt. Was vor
307 2429 1422 2509 zwanzig Jahren noch niemand geahnt, springt jetzt 1.
317 2522 1368 2593 auf den ersten Blick aus Schnitzlers Schaffen her¬
316 2544 1361 2635 vor: er ist kein Geschmäckler und Aesthet, sondern
330 2602 1369 2667 eine durchaus kämpferische Natur, ein Wahrheits¬
313 2618 1366 2716 sucher ebenso wie Hauptmann, wie die Besten dieser
314 2677 1354 2746 Zeit, nur auf besonderen Wegen, ein raffinierter
318 2698 1356 2788 Künstler zugleich, ein ungemein geistreicher Kopf,
316 2750 1366 2830 ein Dialektiker delikatesten Schliffes. In den Dra¬
316 2792 1355 2851 men Schnitzlers steckt ungehener viel Tendenz, zu¬
309 2831 1360 2912 meist soziale, gesellschaftskritische Teudenz, doch ist
304 2872 1357 2933 sie völlig aufgelöst in Menschlichkeit, in anschauliche
307 2911 1345 2968 Gestaltung, bleiht nicht als doktrinärer Rest auf
308 2945 1354 3014 dem Grunde der Komödien und Tragödien, hat sich
298 2996 1353 3057 restlos verflüchtigt. Schon im „Freiwild“ kündigte
294 3027 1344 3095 sich diese Richtung an. War sie anfangs gegen ge¬
298 3057 1351 3119 sellschaftliche Vorurteile und Institutionen (Unter¬
298 3107 1353 3172 schied der Stände, Duell usw.) gekehrt, so verfeinerte
308 3142 1358 3208 sie sich zur Bloßlegung rein menschlicher Vorurteile
290 3173 1356 3251 schon in den „Lebendigen Stunden“ und hatte im
285 3234 1351 3283 „Zwischenspiel“ bereits die äußerste Sublimierung
294 3261 1341 3328 erreicht. Der dritte Band der Theaterstücke allein
283 3291 1345 3359 enthält den „Einsamen Weg“, das „Zwischenspiel“,
287 3332 1346 3388 die Marionetten=Einakter und den „Ruf des Le¬
285 3376 1338 3447 bens“ — ein vollendeter Meister ist hier. Ein Höhe¬
288 3422 1347 3473 punkt ist aber schon im zweiten Bande vorwegge¬
282 3457 1333 3515 nommen: „Der grüne Kakadu“ Erstaunt wird
290 3487 1333 3566 man sich der Menge der Gestalten bewußt, die
283 3534 1341 3606 Schnitzler schuf, all der feinen, dichterischen Ideen,
282 3563 1335 3646 die sie tragen, des weltlichen, vornehmen Duftes,
272 3610 1342 3682 der sie umgibt, all der phantastischen und manch¬
270 3656 1346 3722 mal auch grotesken Einfälle, die er neben leisen und
279 3684 1338 3766 wirklichkeitsgetreuen versinnlicht hat. Historie, ele¬
276 3724 773 3784 gante Welt, Symbolik
832 3742 1342 3801 die Vielfalt ist groß.
273 3765 1342 3846 Ueber allem ein weises Lächeln. Nur kultivierte¬
282 3796 1329 3883 Menschen können dieses Werk ganz würdigen #ab
281 3836 450 3889 lieben.
881 3885 1305 3967 Camill/ Hofshann.
1326 234 1772 313 box 35/9
1886 705 2650 792 Wenden: Rückselte beatsten!
2740 744 2979 833 Wenden!
2600 830 2956 912 Telephon 12.801
2107 960 2678 1054 „ODSEHTER
1924 1032 2905 1118 I. österr. behördl. konzession. Unternehmen für Zeitungs-Ausschnitte
2037 1089 2812 1177 WIEN I, CONCORDIAPLATZ 4
2258 1147 2594 1228 Vertretungen:
1862 1192 2945 1292 in Berlin, Basel, Budapest, Chicago, Cleveland, Christiania,
1858 1246 2941 1328 Genf, Kopenhagen, London, Madrid, Mailand, Minneapolis,
1856 1277 2943 1372 New-Vork, Paris, Rom, San Francisco, Stockholm, St. Peters¬
2254 1325 2560 1390 burg, Toronto.
2153 1365 2655 1446 (Quellenangabe ohne Gewähr.)
1844 1413 2253 1492 Ausschnitt aus:
2247 1472 2757 1602 „Die weite Welt
1851 1500 1989 1566 vom:
1737 1590 2898 1664 so gahlreichen derartigen Bucher, deren Verfassel Kurpfascher sie.
1761 1654 2965 1723 Die Theaterstücke von Arlhur Schnitzler. Pier Bände (Berlin,
1792 1692 2484 1747 Fischer, Verlag. Preis gebe#.
2530 1700 2954 1753 Funfzig Jahre ist der
1720 1733 2953 1791 Gefeierte Wiener Dichter vor kurzem alt geworden, und seit zwanzig
1735 1771 2951 1820 Jahren hat sein Name Klang und Bedeutung. Das war der rechte
1732 1815 2952 1868 Augenblick, um sein bisheriges Schaffen zu überschauen, um das
1738 1855 2951 1907 Gute, Bleibende zu engerem Verbande zu vereinen. Dieser Idee ver¬
1741 1888 2958 1952 dankt die vorliegende Sammlung von Schnitzlers Theaterstücken ihr
1652 1888 1745 1994 ch
1654 2031 2886 2087 Entstehen, und sie zeigt erst recht augenfällig, wie reich die Ernte
1654 2076 2884 2125 st, die wir Arthur Schnitzler verdanken, wie unverwelkt und frisch
1649 2125 2879 2161 such seine Erstlinge noch heute neben den jüngsten Gaben seiner
1651 2164 2873 2204 Urbeit stehen. Die liebenswürdig spielerischen Szenen von „Anatol“
1645 2202 2882 2255 eginnen die Reihe, das „Märchen“. Liebelei“ und „Freiwild“ schließen
1647 2237 2883 2285 ich an und weiter folgen Werk auf Werk — jedes ein neues Dokument
1648 2274 2880 2334 ernsten künstlerischen Ringens — bis zum „Jungen Medardus“ und
1653 2329 2912 2378 zum „Weiten Land“, Sicherlich wird diese ebenso schöne wie wohl¬
1652 2358 2876 2410 seile Ausgabe von Schnitzlers Theaterstücken vielen, Lesern, die bisher
1638 2397 2724 2443 zur einzelnes von seinen Dramen kannten, willkommen sein“
1706 2428 2882 2492 Die Wunder der Natur. Schilderungen der#teressantesten
2079 2473 2218 2542 Pag
2560 2476 2730 2535 Winaeu
1708 2951 2933 3017 Arthur Schnißler; „Gesammelte Werke Eiste
1639 3011 2924 3061 Abteilung: Die erzählenden Schriften. (In drei Bänden gebunden
1641 3039 2922 3095 10 Mark. S. Fischer Verlag, Berlist W.) Am 15. Mai vollendete
1640 3083 2912 3141 Arthur Schnitzler sein 50. Lebensjahr. Als Geburtstagsgeschenk
1627 3116 2920 3178 vironstaltet der Fischersche Verlag dem Wiener Dichter eine Gesamt¬
1642 3160 2906 3212 ausgabe seiner bisherigen Werke, wobei nur einzuwenden ist daß
1643 3212 2918 3261 Schnitzler hoffentlich noch recht viel produzieren wird, so daß die
1645 3234 2916 3295 jetzt erscheinenden „Gesammelten Werke“ einen Torso darstellen,
1646 3273 2926 3340 dem häufige Ergänzungen folgen werden. Es handelt sich bei den
1649 3315 2915 3368 Trei Bänden von Erzählungen nicht um eine Auswahl, sondern wir
1649 3354 2915 3415 haben sämtliche Werke Schnitzlers vor uns, von der ersten Erzählung
1648 3393 2911 3458 „Sterben“, die 1895 erschien, bis zur Ernte des letzten Jahres, die
1647 3438 2922 3487 unter dem Gesamttitel „Die Hirtenflöte“ vereint war. Das Lob
1644 3466 2924 3527 des Erzählers Schnitzler zu singen, erübrigt. Er ist in der kurzen
1645 3495 2931 3560 Novelle und im großen Zeitroman so fein und liebenswert, wie im
1645 3556 2929 3622 Drawa. Die drei Bände sind mit vornehmem Geschmack aus¬
1621 3603 1845 3673 gestattet.
