3436 4352
274 242 1759 338 besannelte Nerke box 35/9
494 528 1031 641 Der Merker, Wien
627 748 1821 803 VON NEUEN BOCHERN UND NOTEN.
1211 832 2084 888 darstellen (Nansen: Die Romane des Herzens,
547 834 1014 921 GUTE BUCHER.
1213 886 2080 921 bei Fischer), der „Gösta Berling“ etwa, von so
400 901 1213 966 Unsere Zeit, ist literarisch gewertet, die Zeit
1219 919 2099 971 eminent musikalischem Gehalt, fast wie Sym¬
323 941 1212 1000 (der Gesamtausgaben. Tote und lebende Autoren
1228 955 2098 1010 phonien in Worten, Schöpfungen, die man, musi¬
327 997 1208 1041 lpräsentieren sich auf dem Büchermarkte in
1219 998 2097 1056 kalisch wiedergegeben, sofort erkennen, vielleicht
1227 1036 1796 1087 noch besser verstehen müßte.
342 1031 1206 1086 gesammelten Werken. Ob berechtigt oder nicht,
345 1076 1212 1120 sei dahingestellt. Sprechen wir vom einzelnen
1277 1070 2082 1118 Die Darstellung des Menschlich-Typischen
1228 1118 2082 1154 scheint mir das höchste Ziel unserer Kunst
347 1115 1205 1159 Fall. Die Gesamtausgabe der Werke Arthur
339 1154 1210 1201 Schnitzlers (bei S. Fischer, Berlin) liegt in
1225 1147 2092 1206 zu sein. Unter den lebenden Dichtern wüßte ich
1220 1189 2094 1242 keinen, der zwei unter den Toten darin erreichen
335 1191 1209 1248 Sändel Erzählender und in vier Bänden
341 1242 1208 1282 dramatischer Schriften vor und gewährt chrono¬
1220 1234 2100 1276 würde, den Russen Gontscharow nämlich und
331 1262 1214 1322 logisch geordnet einen Überblick über Schnitzlers
1224 1271 2087 1315 Flaubert. Gontscharow, dessen Werke der
330 1311 1208 1359 bisheriges Schaffen. Das fünfzigste Lebensjahr
1220 1311 2087 1352 Verlag Bruno Cassirer in Berlin in
330 1350 1205 1398 kann immerhin als Anlaß für eine Gesamtausgabe
1229 1347 2107 1395 einer sehr schönen, von Karl Walser geschmückten
334 1390 1215 1442 anerkannt werden, bei Gerhart Hauptmann
1224 1391 2104 1435 Gesamtausgabe herausgibt, stellt die Typen der
347 1429 1208 1472 nun sogar für eine Volksausgabe, aber es muß
1226 1431 2095 1481 russischen Gesellschaft des 10. Jahrhunderts in
1218 1467 2101 1523 drei großen Romanen dar. In „Oblomow“ und
334 1469 1208 1513 keineswegs einen Abschnitt in der geistigen
343 1498 1212 1553 Entwicklung eines Dichters bedeuten. Ohne durch
1230 1501 2095 1562 „Eine alltägliche Geschichte“, die städtische
339 1544 1211 1603 die Gesamtausgabe angedeutet zu sein, scheint
1228 1552 2093 1598 Gesellschaft, die Lebewelt, die Jugend, ihre
1221 1584 2095 1637 Ziele, ihre Lebensvergeudung, in der „Schlucht“
344 1585 1209 1635 dies bei Schnitzler der Fall zu sein. Als
348 1621 1198 1671 Dramatiker hat er sich mit dem „Medardus“
1219 1625 2099 1665 den alten russischen Landsitz und dessen Be¬
1223 1658 2101 1709 wohner, denen die große Welt fremd und feindlich
348 1669 1209 1715 und dem „Weiten Land“ einer neuen Domäne
345 1703 1209 1753 zugewendet, der Charakterdarstellung der Einz l-
1224 1701 2102 1756 erscheint. Und in ihre Ruhe tritt plötzlich ein
346 1742 1208 1786 persönlichkeit als Symbol gleichsam der Gesell¬
1227 1741 2101 1784 junger Mann, das moderne Leben, nervös,
342 1782 1204 1828 schaft, in der sie lebt. Ein Schritt auf diesem Wege
1227 1782 2097 1832 strebend, zielbewußt und ziellos, revolutionär,
1224 1817 2096 1869 die neue Zeit nicht mit Worten, doch in der eigenen
345 1818 1211 1877 ist wahrscheinlich auch Schnitzlers neues Stück
338 1863 1210 1910 „Professor Bernhardi“. Keineswegs aber er¬
1223 1863 2098 1910 Person verkündend. So sehr waren Gontscharows
350 1893 1210 1947 freulich wirkt die Goethe-Pose (stilistisch) des
1221 1897 2099 1949 Gestalten Typen, daß die ganze russische Gesell¬
347 1946 1210 1984 in die Gesamtausgabe aufgenommenen Bandes
1229 1934 2098 1986 schaft erschreckt sich auf sich selbst besann und
1228 1980 2098 2026 vielleicht der moderne gewandelte Russe dies
345 1978 1209 2029 „Masken und Wunder“. Die sehr schön ausge¬
350 2017 1212 2069 stattete Gesamtausgabe soll doch nicht am Ende
1221 2016 2088 2073 zum Teile, wenn auch unbewußt, dem großen
1220 2054 1663 2099 Gontscharow verdankt.
345 2053 1210 2103 den Verzicht des Erzählers Schnitzler auf sich
1282 2088 2097 2148 In Flauberts Jugend führt uns der kostbar
348 2102 1213 2145 selbst zugunsten einer ihm wesensfremden
345 2128 1212 2186 Maske bedeuten? — Einen reizvollen Gegensatz
1231 2133 2101 2176 gedruckte und gebundene Band, der bei J. C. C.
347 2173 1207 2218 zur deutschen Epik bildet die des Nordens, der
1224 2173 2096 2219 Bruns in Minden von Paul Zifferer übersetzt
343 2208 1206 2267 Selma Lagerlöf etwa, die in einer zehn¬
1228 2212 2102 2250 und herausgegeben worden ist. Den Meister kennen
338 2253 1217 2301 bändigen Gesamtausgabe bei Albert Langen
1222 2248 2102 2287 wir, den Schöpfer der Bovary und der Education
1229 2284 2096 2337 sentimentale! Hier tritt uns der junge Flaubert
344 2284 1215 2335 in München erschienen ist. DemDeutschen wird,
340 2334 1214 2380 was er gestaltet, Idee und Gedanke, oder vielmehr,
1226 2339 2101 2377 entgegen, tastend, den Weg zu sich selbst
339 2372 1207 2423 er stellt das Mensch- und Schicksalwerden von
1236 2372 2088 2421 suchend, ein Ahnender, noch kein Wissender.
336 2407 1210 2450 Ideen und Gedanken dar, mit dem Hirn Er¬
1229 2405 2090 2453 Der ganze Sturm und Drang, aller Weltschmerz
1216 2443 2094 2495 genialer Jugend findet sich in diesen Historien
340 2443 1220 2498 kenntnissuchend;das Gefühl wird bloß Stimmungs-
1217 2493 2100 2542 und Legenden, Erzählungen und Visionen
339 2488 1214 2526 element. Ein Beispiel: der Caspar Hauser von
354 2524 1208 2577 Wassermann (bei Fischer, Berlin, Volksausgabe).
1218 2528 2096 2575 des jungen Flaubert, deren manche der Meister
347 2566 1217 2605 Bei den nordischen Epikern, bei Nansen, bei
1224 2562 2098 2624 nicht erst für den Nachlaß allzu kritisch hätte
346 2602 1209 2663 der Lagerlöf, scheint mir das Gefühl das Primäre
1221 2604 2101 2654 aufsparen müssen. Wie reizvoll, wenn man bei
1231 2639 2096 2690 der Lektüre plötzlich neben jugendlichem Uber¬
350 2649 1209 2691 zu sein und den Weg zu den Untiefen des Seins
1232 2682 2082 2739 schwang ein Wort voll Weisheit und Tiefe findet,
351 2680 1209 2743 zu weisen. Darum sind die Lebenswege, die sie
1178 2720 1279 2803 nan
1320 2775 2183 2835 liest und wieder liest und denkt: an diesem hätte
1320 2825 2183 2865 man den künftigen Flaubert erkennen müssen.
1378 2867 2184 2910 Genial im Erfassen des Typischen steht
1311 2899 2185 2939 Frankreichs Shakespeare da, Molière, dessen
1323 2939 2192 2982 sämtliche Werke bei Alexander Duncker
1320 2980 2196 3021 in Weimar erscheinen, zum Teil übersetzt von
1323 3018 2194 3054 Otto Hauser, dem wir jüngsten Datums die
1323 3057 2182 3110 sehr empfehlenswerte, im „Merker“ gewürdigte
1323 3096 2177 3144 Anthologienbibliothek „Aus fremden Gärten“
1316 3133 2194 3184 danken. Diese Molière-Ausgabe umfaßt sämt¬
1306 3180 2193 3220 liche Werke, nicht die übliche Auswahl in chro¬
1318 3208 2196 3262 nologischer Anordnung, sie ist daher wie keine
1317 3260 2188 3306 andere geeignet, dem Nurdeutschleser einen
1317 3285 2182 3329 Uberblick über Molières „oeuvre“ zu gewähren.
1307 3329 2200 3383 Ihm widmet Herbert Eulenberg in den
1315 3367 2194 3411 „Schattenbildern“ (B. Cassirer) Worte
1308 3399 2188 3447 ehrlicher Bewunderung. Alle Dichter und Denker,
1320 3446 2187 3497 an denen sich ein künstlerisch und vor allem
1319 3486 2195 3525 menschlich Empfindender erwärmen kann, finden
1311 3526 2192 3574 in diesem Buch ihre Würdigung. Cervantes etwa,
1306 3560 2199 3626 dessen Don Quixote in der Reihe der Abenteurer¬
1318 3600 2185 3652 romane, schön gebunden von Will Vesper
1304 3626 2196 3701 herausgegeben, bei Martin Morike in München
1308 3691 2197 3728 für g Mark zu haben ist. In derselben Bibliothek
1321 3729 2193 3772 sind erschienen die Schicksale des Magisters
1312 3760 2194 3810 Laukhard, von ihm selbst erzählt, die
1312 3798 2201 3850 Schriften Grimmelshausens, denen noch andere
1315 3838 2198 3882 Bände folgen sollen. Verständnisvoll weiß
1322 3876 2194 3931 Eulenberg Brentanos religiöse Wandlung dar¬
1322 3916 2202 3969 zustellen, dessen bekannteste Novellen „Die
1310 3955 2197 4007 Chronika eines fahrenden Schülers“, „Die
1312 3991 2199 4037 Geschichte vom braven Kasperl und der schönen
1321 4036 2192 4078 Annerl“ u. a. in einer Liebhaberbibliothek
1317 4073 2200 4117 (pro Band Mark 1.so) bei Kiepenhausen in
1315 4110 2197 4158 Weimar erschienen sind. Entzückend sind die
1324 4149 2186 4187 Bändchen dieser Bibliothek, schwarz mit Gold¬
2204 2765 3084 2836 viere. Selten vermittelt ein Brevier so glücklich.
2196 2823 3072 2869 das Bild einer Persönlichkeit, wie dieses. Aus
2206 2860 3082 2908 Briefen, Aussprüchen und aus seinen Werken
2209 2892 3081 2950 spricht Schopenhauer zu uns. Es ist, als beginne
2208 2921 3119 3002 sein Bild von Wulff, dem Bande beigegebenz
2199 2978 2637 3038 zu leben und sprechen.
2703 2962 3068 3040 Felix Langer,
