3392 4352
-11 2541 53 2594 #
1295 250 1766 359 box 35/9
273 245 1157 395 Gesannelte Nerke
1165 916 1229 973 S
679 995 3025 1068 wach, die wir mit seinen Büchern verbrachten. Menschen, den angriffsmutigen Protestlaut. Allein man erkennt nun¬
1845 1044 3031 1106 mehr deutlich, daß just in der Epoche, in der auch „Frau
677 1044 1842 1121 die er geformt, schreiten leise durch unser Denken wie
171 1044 288 1146 r.
1845 1093 3041 1167 Bertha Garlan“ entstand, in Schnitzler die Lust an herber
254 919 666 1186 Sedl.
670 1110 1848 1178 liebe, alte Bekannte, die uns nur zeitweilig entschwanden,
1846 1131 3042 1212 sozialer Kritik, an höhnischem Aufbegehren wider alle ver¬
670 1151 1849 1232 ein feiner Duft von Parfüm, Vorstadtgärten und Ziga¬
177 1164 285 1255 hur
1850 1182 3036 1253 knöcherte Unfreiheit und vererbte Gedankenlosigkeit stärker¬
276 1171 654 1285 Schuißler3.—
672 1204 1864 1265 retten steigt auf, den dann plötzlich ein kalter Moderhauch
1846 1242 3049 1315 war als jemals später. Sein dramatisches Schaffen brachte:
673 1249 1866 1320 durchweht, seltsame Rätsel umschweben die Wirklichkeit
1856 1284 3041 1359 zu jener Zeit das „Vermächtnis“ und das „Freiwild“ her¬
1446 1301 1852 1381 lind und verfüh¬
201 1276 672 1374 in das sechste Jahr¬
667 1294 1329 1369 unseres Lebens und Liebens
1859 1319 3037 1396 vor. Und in den Prosaschriften finden wir als weiteren
184 1338 677 1425 nun erscheint in sieben
667 1326 1714 1423 rerisch umfängt uns die Welt Arthur Schnitzlers.
1855 1380 3034 1457 Zeugen jener Stimmung eine Skizze, die damals wochen¬
187 1393 679 1465 seiner Werke. Sie ent¬
753 1400 1853 1461 Reizvoll und aufschlußreich ist es nun, in den An¬
1862 1421 3040 1498 lang das Tagesgespräch bildete und daher auch der Gefahr
171 1447 678 1526 Entliche seines Schaffens
668 1440 1864 1518 fängen seiner Prosa den Bestandteilen und Motiven dieser
1854 1473 3043 1548 künstlerischer Ueberschätzung nicht entging, den „Leutnant
186 1498 678 1569 der Welt als ein an¬
665 1499 1854 1561 Welt nachzugehen, die immer, auch späterhin in den
1860 1529 3049 1593 Gustl“. Eine unendlich witzige und von stupender Lebens¬
665 1550 1858 1622 dramatischen Werken die gleichen bleiben, wie sehr sie sich
177 1546 669 1619 kvierter und wienerischer
1857 1557 3042 1650 echtheit strotzende Satire auf die kleinliche Ueberholtheit,
679 1600 1868 1664 dann auch vertiefen und vervielfältigen mögen. Schon in
170 1596 676 1653 ken letzten Arbeiten, die
1858 1605 3047 1688 dann auch auf die unwürdige Sklaverei des militärischen
171 1648 677 1723 ar als die dichterischen
675 1640 1850 1707 den ersten Erzählungen und Novellen, die ihm rasch die
1854 1679 3050 1739 Ehrbegriffes; daneben auch auf die drollige Beschränkt¬
676 1693 1858 1762 Etikette des Wiener Maupassant aufzwangen, erklingt das
173 1695 683 1769 erehrten entgegennahm.
1866 1721 3044 1785 heit gewisser Leutnantshirne. Und so etwas wagte man
684 1739 1863 1828 große Leitmotiv vom Glanz, von der Schönheit und der
194 1746 675 1813 den Wünschen vieler.
1867 1775 3052 1834 in Oesterreich, in der „Kaiserstadt"; wagte jemand, der
670 1792 1870 1850 Flüchtigkeit des Daseins, das unablässig von den finsteren
187 1784 686 1863 s käme dies rückwärts¬
1868 1808 3054 1887 selbst Offiziersrang hatte. Man erinnert sich noch, welche
675 1834 1860 1904 Mächten des Vergehens umlauert wird und dessen herr¬
191 1836 677 1911 just bei diesem Dichter
1861 1871 3047 1929 Entrüstungsstürme es damals gab und wie alle patrio¬
677 1889 1866 1958 lichste Blüten hart am Rande des ewigen Nichts erblühen.
196 1887 677 1959 fünfzig Jahre alt sein,
1855 1916 3058 1993 tisch Gesinnten gar nicht erwarten konnten, Schnitzler vor
678 1935 1875 2006 Dieser Zweiklang von Lebensjubel und Todesschauer tönt
187 1942 671 1999 deter und Abgeschlossener
1861 1967 3050 2029 ein hochnotpeinliches Verfahren gestellt zu sehen. Diese
692 1995 1867 2048 schon in seinen ersten Novellen, die stofflich noch in der
203 1988 674 2057 iletzten Werken immer
1869 2002 3044 2077 Erwartungen wurden freilich enttäuscht. Alles in allem
686 2029 1868 2109 bürgerlichen Enge des Alltags wurzeln und in denen er
202 2041 687 2106 daß seine letzten Ent¬
1853 2053 3042 2126 brachte sich das militärärztliche Offizierskorps um die
687 2077 1862 2145 am liebsten die Prohleme illegitimer Erotik behandelt, die
217 2083 684 2151 Die steil aufstrebende
1856 2101 3044 2175 Ehre, Schnitzler in seinen Reihen zu wissen. Und heute
688 2127 1863 2197 Freuden, die Schmerzen, die Verlogenheiten und die laut¬
187 2140 687 2210 itzigen Nachdenklichkeiten
1862 2161 3051 2233 ist es lustig, zu denken, daß es in Oesterreich gewiß Leute
687 2175 1870 2247 losen Tragödien geheimer, weil verbotener Liebesbeziehun¬
204 2186 682 2253 Höhen des „Einsamen
1859 2229 3058 2284 gibt, für die Schnitzler bis zum heutigen Tag nur „der¬
693 2226 1871 2292 gen. Heute erkennen wir, daß er es war, der all diese
190 2227 689 2315 icht die leiseste Neigung
1861 2262 2779 2340 jenige“ ist, der den „Leutnant Gustl“ schrieb:
1176 2264 1874 2342 verfärbten, frivol belachten
878 2279 1199 2353 sentimental
212 2283 686 2361 sich den Bänden der
686 2285 845 2354 früher
1943 2281 3065 2375 Manchen mag dieser „Leutnant Gustl“ mit seinem
807 2317 1872 2395 auch ängstlich gemiedenen Dinge zum ersten
187 2320 682 2409 sicht noch kostbarere zu¬
690 2334 820 2393 oder
1863 2342 3048 2416 ungewohnt hestigen Spott als ein nicht ganz echter, dichte¬
689 2370 1867 2439 Male ernst, mitfühlend, mit der milden und behutsamen
1865 2406 3057 2468 risch nicht völlig organischer Schnitzler erschienen sein.
678 2421 1860 2482 Sachlichkeit des Arztes aufdeckte und auf Wunden hinwies,
183 2398 696 2500 chriften, liegen heute vor
1870 2451 3062 2516 Sieht man jedoch näher hin, so gewahrt man, daß auch
693 2467 1872 2537 die noch immer bluten mußten, weil sie nicht gesehen
225 2473 695 2544 folgen im Laufe des
1872 2498 3064 2570 dieses Leutnantsschicksal ein typisch Schnitzlersches Schicksal
685 2508 1875 2590 werden durften. Von den hundert Franzosen, die dem
217 2521 691 2592 war diese Zweiteilung
1864 2562 3057 2613 darstellt. Ein Schicksal, das in andere Schicksale hinüber¬
687 2572 1866 2638 einzigen Motiv des Ehebruches ungezählte Bühnenerfolge
186 2572 691 2643 hnitzler schrieb, entsprang,
1874 2598 3059 2673 greift und so Zusammenhänge erkennen läßt. In dem
693 2617 1875 2687 verdanken, hat nicht einer an die tragischen Seelenbezirke
188 2617 704 2689 nnahm, doch stets den
1867 2653 3059 2714 irgendwie die unsichtbaren Fäden fühlbar werden, mit
691 2662 1873 2735 gerührt, die Schnitzler in der „Frau des Weisen“ im
173 2665 693 2745 nd Fühlens, und wie es
1869 2695 3062 2757 denen wir alle aneinander gebunden sind und die ein
695 2690 1873 2780 „Abschied“ beschreitet. Die dichterische Ruhe, mit der er
173 2713 693 2795 ar, niemals Ausschnitte,
1876 2744 3054 2814 großer Puppenspieler in Händen hält der damit ein
693 2761 1878 2827 dies tat, die anmutige Gewähltheit seiner Formen, in der
184 2769 701 2842 des Lebens zu geben, so
1865 2794 3065 2865 Stück spielt, dessen Sinn, Inhalt und Ausgang wir nicht
697 2810 1872 2875 sich alle Problematik sogleich zum Kunstwerk auflöste, ver¬
182 2818 694 2887 eer erschuf, ein Band
1864 2836 3056 2915 kennen. Immer hat Schnitzler Menschenerleben derart als
691 2846 1873 2930 hüllte lange den aufrührerischen Geist, der in ihm lebte,
177 2865 694 2938 alle seine Gestalten, und
1876 2895 3065 2952 unbegreifliches Durcheinand rätselhafter Verknüpfungen
700 2904 1882 2978 maskierte die mutige Kampfstimmung gegen die g.ausame
185 2916 697 2982 kine nahe Verwandte der
1875 2939 3065 3003 betrachtet, immer ließ er das unheimliche Walten dunkler
692 2948 1878 3031 Herzlosiykeit unserer Ehe=, Liebes= und Gesellschaftsmoral
193 2955 706 3034 Anatol ein etwas leicht¬
1878 2984 3057 3051 Mächte als breiten Schlagschatten über den Weg seines
697 3001 1879 3073 ebenso wie den bitteren Zorn, den ihm die geistige und
187 3012 704 3094 enaissancemalers Filippo
1881 3037 3059 3114 Erzählens fallen. Allmählich wurde dann dieser Hang,
696 3044 1872 3121 leibliche Hörigkeit wertvoller Frauen einflößte. Ein wenig
184 3051 448 3136 eatrice“ ist.
1877 3081 3077 3154 Mystisches, Wunderbares, Unergründliches in das ge¬
692 3101 1877 3164 merkbarer wurde diese Bitterkeit erst in der meisterlichsten
201 3088 702 3177 drei Bänden Schnitzler¬
1874 3134 3052 3195 schilderte Geschehen hineinspielen zu lassen, immer stärker.
691 3147 1877 3211 seiner größeren Novellen, in „Frau Bertha Garlan“, einem
183 3154 713 3232 cht darüber, wie völlig frisch
1877 3174 3063 3245 In zwei Novellenbänden weisen schon die Titel: „Dämmer¬
692 3201 1881 3281 Buche, das keine Frau ohne leises Grauen vor diesem
189 3211 705 3279 bestalten, ihre leichten, doch
1881 3228 3056 3305 seelen", „Masken und Wunder“ auf diese okkulte Grund¬
695 3246 1884 3319 unheimlich hellseherischen Erkennen letzter, verborgenster
189 3255 712 3320 Porte noch im Gedächtnis
1870 3261 3066 3356 stimmung hin, in der oft köstlich zarte Erkenntnisse und
691 3294 1877 3366 Weiblichkeiten lesen kann. Niemals bisher fand die Liebes¬
186 3307 713 3366 is so recht ins Bewußt¬
1878 3313 3067 3391 Ahnungen aufsprossen und die dennoch zuweilen, wenn
696 3338 1885 3420 not reiner Frauen unserer Tage stärkeren dichterischen Aus¬
185 3359 708 3429 diesem Dichter verbunden
1878 3377 3067 3438 sich der Dichter allzusehr in ihr verlor, leisen Widerstand
697 3386 1889 3459 druck, niemals auch wurde die niedrige, verantwortungslose
191 3407 714 3462 iserem geistigen Weltbild
1884 3419 3065 3493 hervorrufen mußten. Doch auch dann blieb noch der be¬
710 3434 1889 3517 Genußsucht, die der Mann gern „Liebe“ nennt, so hart
184 3451 708 3518 edle Menschlichkeit, seine
1874 3469 3067 3553 zwingende Reiz der Sprache, in der diese Novellen ge¬
705 3470 1894 3557 und eindringlich jener edlen Beglückungssehnsucht gegen¬
193 3486 699 3576 athetische Ueberlegenheit,
1878 3512 3064 3589 schrieben waren. Hier war nun Schnitzler ein völlig neuer.
709 3535 1880 3608 übergestellt, die das gleiche Wort der Frau bedeutet. Frei¬
195 3549 707 3618 wertvoll uns der weiche,
1871 3567 3068 3637 Er, der bisher jedem Pathos, jeder Stilisierung mit ängst¬
198 3590 1889 3660 ist. Erinnerungen an lich dämpft auch hier der gepflegte Ton der Darstellung,
194 3622 3077 3727 krer letzten Jahre werden die weltmännische Distanz, die überall eingehalten wird, licher Behutsamkeit ausgewichen war, kleidete plötzlich just
