3276 4068
242 280 764 350 2. Die drei
383 340 613 390 —
823 286 1193 358 lixiere
1349 290 1717 383 box 1/1
762 352 1187 386 —
1555 1085 1844 1160 ut plus aimer
1563 1141 1852 1201 car elle était
1244 1150 1301 1208 2
965 1147 1244 1215 inepersohne
1501 1192 1842 1278 son, Amour, inté¬
1012 1207 1412 1279 esquisse de M. Ola
961 1263 1843 1322 pürle ton personnel quselle prend. Lauteur
931 1297 1841 1350 taiche à suivre dans ie labyrinthe de la conscience
956 1336 1839 1400 tenn des causes qui provoquent la naissande ou
935 1373 1835 1426 mort de Tamour. IIy a des aundes déja, i#nou
925 1412 1838 1468 madans Sensition Amorosa toute une serie de
972 1450 1844 1509 Tanalogues, Sa nouvelle de l AImanach marche
960 1488 1850 1550 Stre iron sur les traces de celles de son debut
949 1531 1849 1584 raire. Avec. M. Oscar Panizza, naus rentronsen
963 1559 1850 1625 dans le pays de Thumour. M. Panizza sourit
980 1606 1848 1664 irs. Encore que le sujet de son Pasteur lokannes
982 1643 1819 1706 tache béaucoup à Hoffmann, son etvie rappel
950 1678 1816 1739 ot celun der nouvelles de Gottfried Kelleret peu
983 1721 1832 1776 npeuiimmermann. M. Przybyszewski (1), 1•615n
973 1759 1851 1813 decadent polenais, qull serait impossiblé de
899 1798 1860 1857 aracteriser en quelques lignes, évoque dans Assomb¬
877 1837 1847 1896 tien la curieuse sensation de réves chaotiques en
987 1883 1369 1938 miesommeil digresse.
1000 1900 1715 1987 enial Loris (Hugo von Hofmannstha
1794 1954 1855 2020 In
1001 1957 1714 2006 er ia Mort, une scène lyrique toute
1808 1996 1844 2040 44
998 1994 1711 2048 falsant quelque pen songer à Mussel.
1000 2034 1718 2091 amte amère sur une destinde pete
1001 2073 1733 2123 merdune vie trop facile. M. Herman.
966 2108 1747 2165 le protéisme ne reussit plus à Stonner
961 2120 1791 2206 e nousdonne, apres Grabke et apres M. Bl.
977 2187 1824 2243 le premieracted un Bonaparte avec une curieu
997 2228 1824 2280 de Josephine. Aurait-i, une fois, pu ne pt
983 2265 1833 2329 comme Paris? En préface à un fragment de c
992 2301 1846 2356 en vers, Le Rérell d'Elin, M. Frank Wedekint
980 2341 1830 2399 annonce que sa jecen trois actes t
982 2380 1830 2444 Speurneerdite, dort depuis Se
980 2416 1830 2481 unfond uun tireir etque son Paros e garc
958 2457 1840 2513 W#la veille du marlage Tornement d’üne chas
964 2494 1859 2556 immaculée 2. Parmi tous ccs fragments souvent
903 2536 1850 2591 ncomplets, i convient de mentionner encore ceuz di
900 2572 1849 2633 Shant de VHumasite, de M. Henr Hart, et la Lan
899 2609 1851 2664 un dn Baradis, extrait d’une tiagedie sur le Christ
925 2658 1212 2717 M. Jules Hart.
1029 2675 1796 2745 boétes lyriques, cette fois encore, sont
1000 2731 1839 2785 té dans l’Almanach (le voldme entler contien
970 2773 1726 2836 ut as auteurs). M. Dauthendey, dans ses
1006 2867 1375 2930 ononcez: Pchybychew
