3532 4320
1613 230 2073 327 box 22/6
308 242 1584 352 17.1. Der Punnenspieler
1041 945 1366 1050 on 12801.
3071 1040 3287 1120 —
525 1042 1738 1135 ##. Welgl's Unternehmen für Zeitungs-Ausschnitte
2393 1047 2816 1135 ephon 12801.
1395 1110 1676 1210 1e Ausschnitt
1971 1146 3182 1220 Alex. Weigl’s Unternehmen für Zeitungs-Ausschnitte
754 1164 1440 1266 „OBSEHVEN
1521 1170 1787 1264 Nr. 65
401 1257 1832 1308 I. österr. behördl. doge. Bureau für Zeitungsberichte u. Personalnachrichte
2218 1196 3124 1352 „OBSERYEP“
2959 1261 3231 1356 Nr. 64
674 1320 1582 1396 Wien, I., Concordiaplatz 4.
1857 1336 3285 1431 I. österr. behardi (du Bureau für Zeitungsberichte u. Personalnachrichten
396 1377 1845 1427 Vertretungen in Berlin, Budapest, Chicago, Genf, London, Newyork, Paris, Ror
2128 1407 3044 1501 Wien, I., Concondiaplatz 4.
769 1439 1479 1494 Stockholm, Kristiania, St. Petersburg.
1882 1482 3299 1549 Vertretungen in Berlin, Budapest, Chicago, Genf, London, Newyork, Paris, Rom,
2236 1521 2938 1586 Stockholm, Kristiania, St. Petersburg.
391 1573 1765 1656 Ausschnitt aus: Berliner Börsencourier
1859 1658 2379 1742 Ausschnitt aus:
2496 1609 3192 1750 PMLinR Pönern Zurrund
404 1693 601 1777 vom:
811 1742 1095 1858 12/911 3
1888 1799 2070 1879 vom:
2272 1852 2529 1951 13123
567 2015 1562 2094 Der kleine Einacter, der voraufging, „Der
506 2074 1553 2138 Puppenspieler“ von Arthur Schnitzler,
2006 2049 2972 2144 /Dem Belgischen Stück ging ein Wienerischer Ein¬
513 2119 1558 2190 ist eine feine dramatische Planderei, ganz mit der
2017 2128 2959 2182 acter „Der Puppenspieler“ Studie in 1 Aufzug
517 2161 1551 2217 weichen lyrisch=sentimentalen Färbung, die allen
2018 2152 2964 2212 von Arthur Schnitzler, vorauf. Der Puppenspieler
516 2187 1555 2253 Arbeiten dieses Autors eigen ist, auch mit dem vollen
2024 2196 2956 2266 hat ein Mädel veranlaßt, seinem Freunde, der
2018 2240 2954 2301 eine Art Duckmäuser harmloser Art war, zu
506 2242 1548 2296 Ansatz zu einem großen Charakterdrama, dem wir
508 2284 1558 2344 gleichfalls in allen kleinen Stücken Schnitzler's wieder
2025 2273 2956 2338 sagen, daß sie ihn liebe, damit er „energischer werde“.
2018 2317 2966 2365 Der Puppenspieler selbst heirathete seine damalige Ge¬
511 2317 1556 2364 begegnen. Die Frische des Dialogs, der Reiz des
2015 2350 2958 2415 liebte, aber sie ging ihm durch und sein Kind starb.
511 2365 1554 2423 Problems vermögen uns eine Weile zu fesseln.
2014 2395 2960 2453 Nun finden sich die Freunde wieder und der Puppenspieler
514 2392 1557 2467 Schnitzler ist ein Meister der Stimmung. Seine
2013 2431 2960 2480 muß sehen, daß sein Freund seine damalige vermeinte
507 2432 1094 2500 Kunst versagte auch in
1089 2448 1561 2504 dieser Studie nicht,
2019 2470 2962 2536 Freundin geheirathet hat und in glücklichster Ehe lebt
514 2476 766 2538 zumal sie
772 2489 1565 2555 durch die vorzügliche Darstellung
412 2508 506 2573 Für
2015 2517 2955 2581 und Vater eines netten Söhnchens ist, das der
521 2528 1568 2594 der Herren Bassermann (Georg Merklin),
1620 2514 1806 2573 inclusive
2020 2544 2945 2619 Puppenspieler Kind seiner Lanne nennt, weil die
1620 2567 1764 2611 Porto.
515 2560 1565 2615 Iwald (Eduard Jagisch) und des Frl. Triescht¬
2011 2584 2944 2654 Eltern seine Puppen waren. Er selbst ist eine
2949 2598 3004 2642 1
1614 2594 1784 2656 Zahlbar
499 2608 1546 2664 (Anna) in gefälliger Weise unterstützt wurde. Wie
3101 2599 3307 2670 inclusive
1890 2606 1993 2668 Für
2009 2628 3269 2706 Art Narciß geworden und geht von dannen. Eine 28.—] Porto.
1594 2615 1832 2712 im Voraus,
490 2650 1545 2690 gern hätten wir die anspruchslose Studie Schnitzler's
2015 2669 3055 2716 nette Studie mit einer Rohheit, die überflüssig ist. 50.—
509 2670 1538 2744 nach dem anspruchsvollen Schauspiel Rodenbach's
1543 2686 1838 2763 unitte ist das
2003 2694 3276 2771 Wir meinen die Stelle, wo der Freund erfährt, er 110.—f Zahlber
500 2727 1829 2804 gesehen! Und doch behaupten die Führer dieserh sicht es den
1916 2742 1962 2788 „
2003 2730 3328 2812 wäre nur Object eines Spaßes gewesen. Hätte die 200.—] im Vora##s.
402 2763 1531 2817 Abonmodernen Mystik, daß man sich in ihre Dämme¬
1544 2780 1706 2846 andern.
1916 2784 3319 2866 „ 1 kleine Frau nicht Aufrichtigkeit genug besessen, die Sache sausschnitte ist dis
422 2798 1533 2869 Abourungen aus der Sonnenhelle der Wirklichkeit zurück¬
2952 2834 3335 2890 auch steht es den
501 2850 1829 2926 ziehen müsse, weil diese der poetischen Empfängnißsenthaltend die
1891 2858 3203 2939 Abot ihrem Manne zu verrathen, wer weiß, was die Indis= der zu ändern.
506 2888 1818 2953 nicht günstig sei. Unsere besten und größten dramatlehr Morgen¬
1895 2904 2550 2959 Abol cretion zur Folge gehabt hätte!
405 2926 1804 2998 Inhalschen Schöpfungen, auch die von höchster Tragik, sind sjener Zeitung“
2034 2948 3328 3016 Herr Bassermann spielte die Rolle des Puppen=iszug enthaltend die
402 2955 1819 3049 blälin sonnenheller Stunde zur Welt gekommen. Aus wirthschaftliche
1984 2958 3326 3071 spielers ganz ausgezeichnet. Alles Phantastische liegt iener Morgen¬
409 3018 1538 3071 wodudem wunderlichen Chaos aber, in das die schwärmende
1899 3017 2197 3077 Inha ihm eben.
1537 3031 1823 3095 rd. Diese Mit
2898 3036 3327 3090 id „Wiener Zeitung“)
405 3044 1532 3110 Leber Einbildungskraft unserer Modernen uns so gern ver¬
2033 3041 3330 3148 Einige applandirten und Herr Regisseur Lessing und wirthschaftliche
399 3066 1537 3162 thellusetzen möchte, ist noch kein großes und reines Kunst¬
1906 3093 2601 3159 wodydankte für den abwesenden Dichter.
2891 3117 3328 3183 iten wird. Diese Mit¬
513 3133 945 3204 perk hervorgegangen.
1379 3139 1487 3196 K.
1905 3132 2923 3207 Lebe Als wir aus dem Theater gingen, sagten wir uns:
1895 3191 2928 3249 theil Die Menschen sehen so gerne Geschichten, Erlebnisse
1982 3222 2999 3291 Anderer vor sich abspielen. Warum setzt man ihnen 26.
1983 3256 2923 3322 so oft Unwahrscheinliches als das wahre Kunstwerk
1989 3292 2930 3371 der neuen Zeit vor? Antwort werden wohl erst die
1977 3331 2840 3409 Nachkommen von den Litterarhistorikern erhalten.
2737 3368 2904 3442 C—n.
3235 3425 3308 3548 9
