3484 4320
296 222 1492 324 17 1. Der Pupnenspieler
863 1235 1407 1381 Teuilleton.
723 1459 1547 1549 Berliner Theaker.
586 1533 1655 1592 Arthur Schnitzler: „Der Puppenspieler.“ Georges Rodenhach:
1005 1571 1244 1620 „Trugbild.“
1174 1610 1612 1690 Berlin, 13. September.
632 1642 1645 1722 Schnitzlers neuer Einalter „Der Puppenspieler“
580 1712 1658 1775 führt in die Gedankenwelt der „Lebendigen Stunden“
579 1759 1662 1818 zurück. Wir sehen den Künstler die Wirklichkeit an sich reißen,
574 1787 1655 1843 das Erlebnis wurde ihm zum Stoff für seine Kunst, er war der
585 1833 1661 1879 Vampir, der das Blut derer sangte, die seinem Herzen am nächsten
572 1876 1659 1928 standen. Dieser Gedanke heischte Ergänzung, er hat sie im
579 1914 1664 1964 „Puppenspieler“ gefunden. Du glaubst mit dem Leben zu spielen,
573 1952 1652 2001 und es spielt mit dir. Einer jeuer verkommenen Künstler, mit
578 1977 1663 2033 wenigen Strichen in wundersamer Eigenart gezeichnet, steht vor
571 2027 1649 2080 uns. Ein ganz gewöhnliches kleines Mädchen, mit dem er ge¬
581 2061 1650 2116 liebelt, das er dann geheiratet und das sich bald von ihm losge¬
580 2109 1666 2150 sagt, hat ihn zu Grunde gerichtet. In allerlei Zerstreuungen ist
582 2134 1654 2190 die Feder seiner matten Hand entsunken. Gelegentlich schreibt er
578 2180 1659 2231 noch einen anonymen Artikel für irgend ein ybskures Winkelblatt
575 2225 1653 2262 — wenn er gerade Geld braucht. Abwärts stes mit ihm ge¬
575 2259 1645 2318 gangen, aber die Illusion hat ihm die Augen über sein eigenes
570 2294 1644 2342 Schicksal verschlossen. Was soll alles papierene Künstlertum?
571 2330 1655 2384 Das Leben selbst gestalten, mit wirklichen Menschen schaffend
580 2377 1651 2420 spielen, das ist es. Und so wird er zweien gegenübergestellt, mit
573 2415 1654 2460 denen er einst gespielt hat. Es beliebte ihm, ihre Bekanntschaft zu
566 2450 1650 2505 vermitteln; sein junger Freund sollte sein Liebesabenteuer haben.
559 2489 1651 2542 Und nun findet er die beiden wiede# perheiratet, in geordneten¬
570 2524 1654 2588 Verhältnissen lebend, Eltern eines giebenswürdigen Knaben,
574 2563 1649 2624 Aber die Illusion zieht ihm auch jetzt moch nicht die wohltätige
561 2610 1657 2660 Binde von den Augen; er verlacht ihr Phildrtum; er, der Ver¬
562 2656 1642 2711 kommene, geht wieder hin, mit Menschen zu s##l#n, und ist doch
561 2688 1648 2740 selbst nur ein armer, verworfener Spielball des Schcksals. In
558 2728 1651 2778 einer kurzen Szene rollt sich das alles vor dem Zuschauekgb., Nur
558 2777 1645 2827 ein Gespräch bildet diese „dramatische Studie". Aber mithoßer
564 2796 1651 2861 Feinheit hat es Schnitzler verstanden, hinter betörten und be¬
567 2842 1649 2899 törenden Worten das wahre Sein feiner Menschen ahnen zu lassen,
568 2872 1648 2943 Schicksalsfügungen zu deuten. An eigentlicher dramatischer Hand¬
553 2915 1641 2979 lung fehlt es ganz; umso stärker ist die innere Spannung. Man
554 2954 1647 3016 tut — denkt man an die „lebendigen Stunden“ zurück — einen
557 2999 1641 3049 Einblick in Schnitzlers künstlerische Schaffensart, man sieht, wie er
562 3029 1640 3091 seine Stoffe und an ihnen sich selbst entwickelt. Und man sagt
556 3079 1637 3132 sich: diese Entwicklung führt aufwärts zu vollerem Menschentum;
562 3116 1649 3185 jebe neue Arbeit scheint diesen Künstler zu bereichern. Vortrefflich
562 3151 1646 3200 war auch die Aufführung, die dem kleinen Einakter im
565 3196 1654 3253 Deutschen Theater zu teil wurde. Herr Bassermann
564 3226 1644 3278 gestaltete den Puppenspieler packend und überzeugend. Frl.
562 3263 1645 3339 Triesch stattete ein winziges Röllchen mit all ihrer natürlichen
566 3306 1516 3384 Anmut aus; auch Herr Iwald machte seine Sache brav.
1591 230 2074 320 box 22/6
2169 1191 2284 1271 G
1717 1251 2755 1326 Zeigte Schnitzlers Einakter von neuem, daß echte Stimmung¬
1678 1300 2755 1343 gebung nur aus innerem Gehalt erwächst, so führte Georges
1684 1339 2751 1399 Rodenbachs Schauspiel „Trugbild in alle Schrecknisse
1690 1381 2771 1421 modern sein wollender Stimmungsmacherei. Es ist ein böses, blut¬
1678 1422 2750 1474 loses Konglomerat; Nachempfindung in fünftem Aufguß; Litera¬
1676 1455 2760 1508 tur aus vorhandener Literatur herausdestilliert. Das toter
1688 1490 2759 1545 Brügge, das in seiner Vergangenheit lebt, sich augenblicksweise
1681 1531 2753 1585 fiebrisch an die Gegenwart klammert, weil es in ihr seine Ver¬
1672 1571 2744 1621 gangenheit wiederzufinden wähnt, das dann die trügerische Gegen¬
1675 1618 2733 1665 wart dennoch der hohen Vergangenheit zuliebe morden muß —
1677 1640 2758 1700 dies tote Brügge sieht Rodenbach im Symbol eines trauernden?
1668 1681 2747 1743 Gatten, den das Schicksal in die Arme einer Dirne treibt, die seiner
1678 1727 2746 1765 verstorbenen Frau, der einzig Geliebten, wundersam ähnelt. Auf
1674 1761 2748 1821 den ersten Anblick hat diese Symbolik etwas Bestechendes; man
1668 1797 2739 1853 denke sie nach, und man wird auch darin schon die blasse Ver¬
1662 1837 2748 1900 standeskonstruktion, etwas von Baedekers Romantik spüren. Und
1672 1884 2746 1934 ohne alle Gestaltungskraft, ohne jeden Zug zu wahrhafter Inner¬
1667 1922 2744 1979 lichkeit hat Rodenbach diese Symbolik kühl, ästhetenhaft vier Akte
1677 1954 2737 2009 hindurch ausgeführt. Buchsprache wird gesprochen, mit seelischen
1668 1996 2740 2061 Mysterien wird — geklingelt. Recht dilettantenhaft spielt Roden¬
1659 2038 2725 2088 k bach mit geheimnisvoll warnenden Stimmen aus dem Jenseits,
1665 2061 2740 2115 mit spukhaften Zufälligkeiten. Zufällig ist bei ihm überhaupt
1664 2123 2492 2159 alles: auch daß der Gatte nachher die Dirne mordet
2493 2119 2549 2152 S
2544 2114 2732 2172 symbolisch
1664 2147 2739 2202 mordet mit dem Haarstrang der Verstorbenen auch daß er dann
1672 2189 2731 2248 in Wahnsinn versällt und ophelienhaft Blumen auf „seine“ Tote
1663 2229 2735 2273 streut; zufällig das alles und dilettantisch. Denn immer greifen
1667 2260 2739 2306 Dilettanten nach dem Himmel, wenn sie ein Gänseblümchen pflücken
1664 2302 2732 2346 wollen. Alle Mittel sind in Bewegung gesetzt, alle feelischen Ge¬
1663 2341 2732 2391 heimnisse entschleiert, und doch hat man nicht den leifesten seelischen
1667 2385 2735 2439 Zug verspürt. Symbole sind zu Gestalten und diese Gestalten
1666 2423 2734 2472 wieder zu Schatten geworden, und nichts ist von der Stimmungs¬
1669 2461 2734 2508 welt des toten Brügge aufgegangen — es sei denn, daß Epigonen
1665 2488 2218 2548 durch die stillen Straßen spukten.
1717 2519 2740 2578 Dem blassen Literaturdrama vermochte auch die Auffüh¬
1657 2580 2734 2629 rung kein Leben zu leihen. Selbst Frl. Triesch, in der Rolle
1661 2613 2739 2675 der Dirne, wiederholte nur, was sie früher in ähnlichen Rollen
1660 2658 2741 2704 gegeben. Herr Sauer wußte den trauernden Gatten nicht
1660 2688 2741 2750 glaubhaft zu machen. Frl. Pauly und Frau v. Poellnitz
1668 2735 2732 2781 fanden sich noch am ersten in diese symbolische Welt. Herr Hof¬
1670 2764 2731 2819 meister aber verdarb mit gänzlich unzureichendem Spiel, was
1669 2806 2738 2875 noch zu verderben war. Doch hatte er in dieser Richtung wirklich
1656 2842 2065 2909 nicht mehr viel zu tun.
2556 2844 2697 2899 E. H.
2094 2856 2402 2948 Se
