3436 4320
1474 192 1952 290 box 22/6
193 206 1401 315 17.1. Der Punpenspieler
1817 708 1998 829 Teler
1239 898 2202 997 n
1183 999 2202 1069 Nterr. behör #. konz. Unternehmen für Zeitungs-Ausschnitte
1231 1044 2116 1112 Wien, I., Concordiaplatz 4.
1450 1112 1879 1187 Vertretungen
1071 1165 2198 1244 ∆ in Berlin, Budapest, Chicago, Christiania, Genf, Kopen¬
1054 1221 2204 1265 hagen, London, Madrid, Mailand, Minneapolis, New-Vork,
1163 1254 2182 1320 Paris, Rom, San Francisco, Stockholm, St. Petersburg.
1479 1296 1856 1353 (Quellenangabe ohne Gewähr.)
1093 1321 2149 1454 Ausschnitt aus Grazer Volksblatt, Gra¬
1050 1420 1988 1522 E vom: 20 cinen Abendblatt
1142 1529 2255 1586 Franzenstheater. Samstag lockten drei Einakter, die
1054 1583 2252 1630 einen Abend von literarischem Wert erwarten ließen, ein volles
1057 1630 2244 1693 Haus an. Schnitzler ist bekannt als fein empfindender Psychologe,
1048 1682 2259 1724 Dörrmann als Wiener Unsittenschilderer, und von Mirbeau
1060 1728 2262 1793 brachte uns das Burgtheater (mit Heine) seinerzeit das fesselnde
1058 1774 2249 1832 Industriellen=Schauspiel „Geschäft ist Geschäft“. Schnitzlers
1055 1827 2254 1887 „Puppenspieler“ entrollt in einem geistvollen paradoxen Dialog
1049 1874 2260 1938 eine seltsame psychologische Studie. Sie gemahnt an die Willens¬
1047 1928 2249 1988 hypnose in den letzten symbolistischen Stücken Ibsens („Frau
1045 1972 2262 2021 vom Meere“, „Klein=Cyolf“, „Baumeister Solneß“ 2c.). Ein¬
1052 2016 2254 2070 hochbegabter Mensch, der etwas Großes sein könnte, hitte er
1059 2063 2259 2114 den Willen zur Tat, gefällt sich in dem Bewußtsein, daß
1048 2115 2248 2166 er die anderen Menschen durch seine Gedankenmacht wie Puppen
1043 2165 2247 2225 lenken könne. Er hatte einen schüchternen Freund, der sich
1051 2211 2247 2268 als Stiefkind des Lebens und der Liebe fühlte. Um ihm den
1056 2261 2254 2321 Lebensmut, den das Glück verleiht, zu geben, läßt der Puppen¬
1054 2308 2258 2361 spieler ein blondes Mädchen mit einem Kindergesicht freund¬
1061 2363 2256 2417 lich und lieb zu dem schüchternen Menschen sein. Nun sind
1054 2405 2254 2465 zehn Jahre seither vergangen. Jener fröhliche Abend im Freien
1054 2459 2253 2523 hat das zufriedene heitere Ehegtück des Freundes begründet,
1048 2508 2250 2564 der dann auch im Leben eine feste Position fand, der Puppen¬
1057 2544 2252 2608 spieler aber irrte in der Welt umher, ziel= und haltlos, seinen
1053 2601 2252 2665 Einbildungen lebend. Und nun sieht er, der gemeint hat,
1045 2643 2253 2696 die anderen als Puppen zu lenken, daß eigentlich er eine Puppe
1054 2698 2244 2753 seines Schicksals war. Siehr er es ein? Nein, er wandert
1041 2747 2252 2817 wieder planlos weiter, die junge Frau, die ihn einst liebte,
1055 2795 2249 2855 sieht ihm wehmütig nach — und läßt ihn bei seinem Glauben,
1053 2844 2246 2904 es ist ja das einzige, was ihm das Leben gelassen hat.
1043 2890 2241 2947 Die Aufführung war kein Erlebnis auf der Bähie, sondern
1044 2941 2244 3005 eine mäßige Vorlesung mit verreilten Rollen. Frl. May
1054 2981 2242 3042 nehmen wir natürlich aus. „Der Mäcen“ des Wiener Juden
1043 3031 2236 3089 Biedermann brachte ein meisterhaft gezeichnetes Sittenbild aus
1042 3088 2244 3141 dem bekannten Milieu des Dichters der „Ledigen Leute“. Eine
1042 3133 2243 3192 widerliche Mutter, die im Einverständnis mit der raffinierten
1054 3186 2240 3242 Tochter aus der Liebe ein Gewerbe macht. Frl. Schweikhard,
1039 3227 2250 3278 Frl. Braun, Herr Beraun als Maler und Herr Staud,
1053 3282 2243 3344 der den reichen Industriellen und Mäcen mit aller Schlau¬
1053 3332 2243 3395 heit und Menschenkenntnis der jüdischen Rasse gab, spielten
1039 3377 2247 3442 gut. Die „Brieftasche“ von Mirbeau ist eine plumpe Ver¬
1040 3434 2248 3489 höhnung der Polizei, die sogar bei einem Sozialdemokraten
1043 3487 2252 3517 Mißvergnügen erregen muß, weil sie bei den Haaren herbei¬
1048 3524 1343 3586 gezogen und —
1375 3507 2308 3610 geistlos ist. Der Einakter erregte auch leb=
1042 3570 1371 3639 haftes Zischen.
