3484 4320
1561 198 2043 297 box 22/6
259 206 1478 309 17.1. Der Punnenspieler
753 934 1834 1020 ergab die Ziffer von 75.000 Mann, die in die ver¬
1809 944 3359 1048 Konstantinopel, 18. Jänner. (K.=B.) Konsular=#wangsn= uue Tscheligg
766 993 1827 1061 schiedenen Stadtteile verteilt wurden. Ben Dand
751 1049 3352 1119 wurde zum Gehilfen El Mranis ernannt; er be=berichte aus Smyrna bringen die Nachricht, daß die nötigen Gelder von
763 1074 3353 1159 müht sich, die Menge gegen die Wohnungen der die seit zwei Monaten im Auftrage des ersten gaben die Zusage, englis
2835 1114 3353 1182 stellen und bei Materia
752 1130 2832 1209 Mitglieder des Maghzen zu hetzen. — Freitag Kammerherrn des Sultans, Hadschi Ali Pascha,
2824 1159 3368 1233 keine niedrigeren Ange
756 1190 2823 1254 wurde das Gebet zum erstenmale im Namen Hafids geführten Unterhandlungen mit dem be¬
2831 1213 3351 1281 land den Vorzug zu
2236 1246 2333 1311 S
1002 1253 1092 1313 W
2824 1272 3361 1328 ten erklären sich mit der
1802 1285 2828 1350 [Staud. Im erstgenannten Einakter lag eine
765 1287 1813 1357 Garten der Qualen“. Dahinter blieben seine „Ent¬
2827 1321 3357 1385 rung einverstanden. Dan
1800 1339 2819 1400 schwere Aufgabe auf den Schultern des Herrn
766 1346 1807 1411 hüllungen einer Kammerzofe“ und noch mehr seine
2825 1361 3349 1431 der Fremden schädliche
1806 1395 2831 1459 Marlitz. Die Stelle, da Georg Merklin, seinem
769 1396 1791 1464 „Badereise eines Neurasthenikers“ weit zurück.
2826 1410 3357 1480 scheinend erledigt. A
1798 1443 2821 1500 Wahn, durch Willensübertragung einen Neben¬
761 1435 1806 1501 Von seinen dramatischen Arbeiten ist die vor¬
2828 1459 3352 1540 Peyangtruppen in das
1805 1485 2824 1546 menschen getötet zu haben, Ausdruck verleiht, ent¬
766 1482 1805 1564 liegende zweifellos die ungeschickteste. Mirbeau
2834 1504 3303 1587 zweifelhaft geworden.
765 1534 2838 1610 weist auf eine Schwäche der Gesetze hin, die große behrte des visionären Zuges, des staunenden
2893 1553 3360 1628 Ottawa, 18. Jänn
1805 1591 2834 1652 Grauens, das der Erzähler vor den seltsamen
763 1591 1808 1645 Ehrlichkeit nicht so hoch belohnen, als sie kleine
2827 1608 3357 1666 ter'schen Bureaus.) Von
1802 1638 2831 1705 Kräften, über die er zu verfügen meint, empfindet.
760 1622 1812 1694 Vergehen bestrafen. Ein alter Mann hat eine reich
2825 1661 3363 1728 das Privilegium
1796 1684 2821 1752 Vortrefflich gelang hingegen alles Folgende bis
772 1686 1808 1758 gefüllte Geldtasche gefunden. Da er in der Anzeige
2836 1702 3360 1775 in Kanada auf en
1812 1728 2837 1799 auf das stumme Spiel beim Abschiedskuß, den er
763 1737 1814 1799 dieses Vorfalles sich zugleich als unterstandsloser
2837 1749 3358 1823 schränkt werden. Bis
1806 1782 2828 1846 dem Kinde seines Freundes gibt. Hier muß man
761 1785 1812 1853 Bettler erweist, so erhält er neben einem unbedeu¬
2837 1804 3364 1865 offen für deutsche, italie
1802 1837 2834 1899 merken, daß Gefühle, die Georg immer trotzig zu
769 1832 1810 1901 tenden Finderlohn eine schwerer wiegende Frei¬
2830 1858 3354 1936 wegische, niederländische
1799 1880 2838 1951 verstecken bemüht ist, ausbrechen, daß er im Augen¬
768 1885 1803 1939 heitsstrafe. Das Stück, dem Thema nach von der
1810 1934 2838 1988 blicke nicht verhehlen kann, daß er mit seinem aus¬
773 1935 1811 1999 Art der Satiren Courtelines, ist im Dialog so
2841 1932 3365 2031 Ein Besuch in der ##
779 1984 2840 2045 schwerfällig, daß der Grundgedanke verzettelt geklügelten Glückssystem bankerott gemacht hat,
2886 2003 3342 2085 Wien, 18. Jänner. (K
1809 2035 2841 2096 daß er die Leere seines Lebens doch recht bitter
767 2031 1812 2105 wird. Zudem wird das Mitleid mit dem Opfer
2833 2041 3355 2127 Ackerbauministers Dr. Eh
1807 2074 2851 2151 empfindet. Herr Ehmann war ein wenig zu
775 2075 1807 2147 der Gesetze größer, als zu einem unbefangenen
2831 2111 3362 2181 der landwirtschaft
1805 2110 2840 2186 philiströs, um den liebenswürdigen Eindruck, den
780 2134 1819 2188 Genuß der Satire tauglich ist. Die Freude über
2831 2155 3359 2222 Abgeordnetenhauses korp
775 2186 2838 2241 den Spott, den der Autor für die Schwäche der Schnitzler fordert, zu erzielen; Fräulein May
2842 2216 3363 2272 kontrollstation in
1803 2226 2842 2283 deutete mit feiner Kunst an, was bei Frau Anna
777 2228 1816 2300 Gesetze hat, tritt weit zurück hinter die Empörung,
2841 2266 3359 2326 zahlreichen Funktionären
1806 2273 2847 2345 aus der Vergangenheit noch lebendig ist. Die Rolle
779 2279 1805 2336 die wir über die rohe Art ihrer Handhabung durch
2830 2311 3357 2376 und der größte Teil der2
1820 2328 2842 2386 ist schwierig. Schnitzler selbst redet hier nicht ganz
777 2328 1806 2379 den Kommissär empfinden. Die Verachtung, die
2833 2362 3348 2424 hatten sich eingefunden.
1814 2376 2842 2441 deutlich; es gehört Geschmack dazu, dem Dichter
772 2370 1814 2427 ihm dafür schließlich von einer Prostituierten ins
2832 2407 3343 2479 Hofrat Dr. Theodor R.
1808 2420 2843 2484 nichts aufzudrängen und doch Farblosigkeit zu ver¬
781 2423 1807 2493 Gesicht geschleudert wird, kommt zu spät, um das
1815 2434 3362 2528 meiden. — Im „Mäzen“ zeigten alle Beschäftigten die Herren, legte die Oy
778 2465 1817 2535 Stück zu retten und die Züschauer zu beruhigen.
2838 2500 3352 2568 des Institutes dar und
1818 2524 2840 2588 hervorragende Kräfte. Ich habe den Einakter vor
774 2522 1807 2576 Herr Schroth verweilte mit übermäßigem Nach¬
2834 2550 3332 2628 durch alle Räume. Nach
1810 2577 2842 2632 mehr als einem Jahre in Wien gesehen. Die
788 2572 1814 2642 druck bei den Erwägungen des Polizeikommissärs.
2836 2601 3315 2670 der Ackerbauminister,
774 2626 1823 2694 Er dehnte alle Sätze und blieb dabei außerdem
1819 2625 2854 2686 Leistungen des Herrn Staud und des Fräuleins
2840 2648 3358 2729 jederzeit zur Freude ger
782 2658 1824 2755 zu sehr Typus des gewöhnlichen Bonvivants. Herr
1812 2674 2844 2725 [Braun gingen über das dort Gebotene meit
2842 2704 3362 2763 trauen und die Zufried
785 2725 2838 2795 Großmann, scharf in der Czarakteristik, be= hinaus. Jener vermied als Regenhard alle bloß
2841 2743 3356 2819 Landwirtschaft durch A
787 2780 2844 2835 richtete sein Erlebnis mit der Brieftasche in allzu typischen Züge, dieser gelang der Ton der Heuch¬
2843 2795 3357 2862 Organisation jener Anst
776 2817 2849 2887 behaglicher Breite und ermüdete so ebenfalls. Die lerin, ohne daß sie in geschmackloses Parodieren
2852 2858 3363 2922 Förderung der Landesk
791 2873 2848 2930 Prostituierte, die an der Seite des Bettlers die verfiel, durchaus köstlich. Herr Beraun spielte
2848 2902 3362 2970 sind. Dies sei aber nu
793 2929 2850 2978 feinere Veranlagung der Deklassierten gegenüber den guten, verliebten Jungen mit einem über¬
2846 2951 3354 3006 beiten und Erfolge diesc
795 2969 2845 3034 dem eleganten, herzensrohen Polizeibeamten zu zeugenden innigen Ton und Fräulein Schweick¬
1823 2999 3353 3073 hardt wirkte als verlottertes Frauenzimmer sosd. h. in den breiten Schich
790 3019 1829 3089 vertreten hatte, wurde ion Fräulein Fernau
2852 3051 3353 3104 werden. Zum Ausbau
1232 3064 1821 3134 * Die beiden anderen Stücke
1818 3066 2850 3131 lustig, daß, dem Lustspielstil des Einaktexs ent¬
787 3063 1202 3137 vorzüglich gespielt.
2832 3082 3346 3168 schaft dienenden Institt
795 3114 1824 3176 wurden durchaus sohr gut zur Geltung gebracht.
1818 3117 2731 3178 sprechend, kein Abscheu aufkommen konnte.“
2818 3142 3348 3233 deutende Mittel und er
786 3162 1837 3240 Es bewährte sich im „Puppenipieler“ die Regie
2371 3172 3361 3274 Dr. Alfred Möller. (geln, diese anzusprechen
795 3205 1849 3293 Willy Rauscher, im „Mäzen“, die des Herrn
