3436 4320
1531 170 1989 278 box 22/6
223 184 1434 297 17.1. Der Punpensnieler
1471 1523 2114 1587 . Glend des Arbeiters zu
2116 1528 2721 1642 stellen, die ich hier schildere.
135 1577 2108 1668 sation haben es zuwege gebracht, daß nun steuern, ist der Streik in Andritz inszeniert worden,
2209 1576 3197 1680 Die elektrische Anlage der Gesellschaft ist zweifels¬
1049 1622 2108 1703 sondern um die Machtfrage aufzurollen. Die Modell¬
152 1646 1051 1710 Familien brotlos sind, daß eine Menge
2118 1635 3191 1722 ohne die größte, die wir in Graz besitzen. In der
1056 1668 2103 1743 tischler erklärten, ihre Leistung sei besser zu quali¬
142 1695 1054 1762 Arme untätig verharrt. Schlachtopfer. Die
2116 1693 3188 1764 hellen, riesig großen Maschinenhalle stehen vier
1055 1719 2100 1791 fizieren und dies könne nur durch feste Löhne, nicht
128 1739 1050 1820 ation wird trachten, einen oder den anderen
2111 1741 3192 1820 Dampfmaschinen, deren eine aus dem letzten Jahre
1052 1768 2118 1856 durch Akkordlöhne geschehen; die Fabrik nahm einen
136 1791 1042 1863 bringen, wird die Leute in andere Betriebe
2112 1792 3193 1871 stammt. Dieser Koloß bietet nicht weniger als 750
127 1819 2124 1916 geln; ein Rest wird aber bleiben. Und diesen anderen Standpunkt ein. Schließlich ist sie diejenige,
2117 1897 3186 1973 führung Rauschers als das zu bezeichnen, was sie
1059 1915 2117 1992 zu sprechen: Herr Willy Rauscher ist es, der seit
2115 1948 3197 2013 ist: Patzereien eines Menschen, der nichts versteht,
121 1931 1042 2050 kter-Hbend. Jne 6
1057 1962 2108 2030 langer Zeit unseren Geschmack mißhandelt und un¬
2112 1993 3196 2087 nichts gesehen und nichts gelernt hat, seiner Auf¬
1054 2012 2113 2090 gestört Verbrechen anhäuft. In der „Brieftasche“
132 2019 1044 2109 eftasche von Octave Mirbeau. — Der Puppen¬
2124 2034 3200 2113 gabe nicht gewachsen ist. Die Vergewaltigung
3146 2069 3196 2128 9
1066 2065 2110 2139 sehen wir ein Pariser Polizeikommissariat, einen
139 2071 1052 2166 von Artux Schnitzler. — Der Mäcen von
2129 2098 3175 2159 Mirbeaus und Schnitzlers (im „Puppenspieler“
137 2129 366 2200 örmann.“
1055 2112 2114 2189 lebelustigen, eleganten Kommissär, der die Wachleute
2127 2138 3201 2217 „zeigt“ sich Rauschers Talent ebenso nachteilig) haben
1062 2170 2115 2230 von seinen Geliebten provozieren läßt, um nach der
133 2173 1053 2253 sie schlechte Übersetzung einer glänzenden Sa¬
2119 2184 3204 2259 dem Fasse den Boden ausgeschlagen. Wir empfangen
1064 2209 2115 2279 Verhaftung Schäferstunden zu verleben. Man weiß,
129 2226 1059 2312 nd die Regie eines Unfähigen haben den
2122 2238 3196 2321 nicht so oft literarische Genüsse, daß wir sie uns
1060 2261 2124 2333 daß die Bureaus der französischen Behörden ein
197 2269 1065 2356 erstickt. Über die Verdeutschung der
2123 2291 3207 2369 von einem Rauscher widerspruchslos vergiften lassen
1056 2310 2115 2383 wenig mehr Geschmack und Stil aufweisen als un¬
136 2337 1057 2405 #u'schen Komödie ist kein Wort zu verlieren,
2128 2345 2631 2424 sollen. Fort mit ihm!
1059 2350 2113 2446 sere und durfte mit Recht ein Nachtkommissariat
131 2379 1065 2477 die Regie will ich später richten. — Es ist
2217 2356 3208 2449 „Der Puppenspieler“ ist eine der feinsten
1065 2413 2124 2472 erwarten, das wenigstens dem der Grazer Polizei
166 2441 1053 2495 „Die Brieftasche“ erscheint uns langatmig,
2132 2428 3207 2503 Radierungen Schnitzlers. Der einzige Dichter, der
1067 2457 2122 2536 gleicht. Was stellt uns Rauscher hin? Eine schmie¬
142 2482 1055 2548 überflüssig. Scheint uns. Und doch konnte
2128 2489 3199 2565 den Einakter meistert. — Georg Merklin und Eduard
1066 2506 2120 2580 rige, kalte und kahle Bude, ein Loch, dem nicht ein¬
133 2527 1049 2599 hlechte deutsche Interpret eines großen Fran¬
2134 2531 3200 2617 Jagisch, der Musiker, waren Freunde. Der eine,
1061 2548 2120 2620 mal die Arreste ähneln. Den ältesten Ofen, das
119 2575 1060 2651 dessen Geist nicht verleugnen. Das glitzert
2126 2580 3200 2668 genial veranlagt, von genialen Leidenschaften, von
1058 2604 2128 2675 älteste Sofa, einen wackeligen Kleiderständer und
123 2628 1059 2706 länzenden Worten und feinen Dolchen; das
2122 2629 3206 2714 genialen Einbildungen, kommt nach zehn Jahren,
133 2652 2122 2739 t von den edlen Gesteinen, die ein Dichter aus einen bemalten Bücherkasten, daß Gott erbarm.
2132 2681 3198 2751 er galt als verschollen, heim. Arm, schäbig, fraglich.
1059 2707 2125 2779 Dafür aber einen neuen, modernen Schreibtisch und
133 2724 1064 2791 iefe seines Schatzkästleins holt. Die Szene mit
2132 2734 3198 2798 Aber er war der Alte geblieben. War der geblieben,
1073 2758 2120 2818 ein hübsches Lederfauteuil. Die Wand schmückt eine
124 2774 1065 2849 Pettler, der zehntausend Franken findet, da
2133 2775 3209 2857 dem alle Ordnung fremd war, der das Gewöhnliche
1065 2807 2121 2870 Karte des schwarzen Meeres. Und in dieser Höhle
125 2826 1058 2892 i Sous suchte, der zehntausend Franken dem
2131 2831 3198 2910 haßte. Und findet seinen Freund in Ordnung,
1072 2850 2124 2917 bewegen sich zwei elegante Leutchen, Verliebte. Wie
133 2864 1059 2942 issär übergibt und als „obdachloser Held“ ins
2132 2891 3200 2958 mitten in der Gewöhnlichkeit. Aber so ganz anders
1075 2902 2134 2969 hat der Mann vie Polizeileute ausgerüstet, wie ge¬
136 2926 1066 2987 uchungsgefängnis wandert, mag übertrieben
2133 2929 3210 3005 wie ehedem: gefestigt, zuversichtlich, zufrieden; ein
1066 2949 2120 3019 stellt! Neben dem Zynismus eines Kommissärs,
130 2972 1059 3047 ist aber meisterhaft. Die Satyre übertreibt
2127 2972 3199 3045 Glücklicher. Georg versteht dies nicht, all dies ist
1067 2999 2129 3071 dessen zweites Wort „rücksichtsvolle Behandlung“
154 3016 1065 3094 frägt sich nur, ob's der Dichter tut. — Bei
2145 3026 3207 3097 ihm fremd. Er fühlt sich über den andern. Seine
1074 3040 2131 3116 ist, brutale Kerle, die durch die Gegenwart des
166 3061 1069 3142 alles Gute Mirbeau's verloren gegangen,
2144 3073 3208 3157 Puppen sind die Menschen und er, Georg Merklin,
1072 3100 2078 3162 Vorgesetzten von Roheiten nicht abzuhalten sind.
130 3114 1063 3195 fft; geblieben ist nichts als der üble Eindruck,
1188 3125 3220 3213 Es war schon lange meine Absicht, die Regie¬ reißt an den Drähten. Hat auch am Drahte Eduards
128 3156 1097 3241 ns die Regie zurückgelassen. Um gleich davon
