3484 4320
292 151 2080 271 17.1. Der Puppenspieler box 22/6
521 1083 3405 1129 zu einer einheitlichen nationalen Kundgebung zu= mit den Vereinigten Staaten im Kriege lebt, wür= Gefangenen beträgt 10.000. An er
497 1125 3399 1161 gammenschloß, der sich der Abgeordnete wie der den die Mittelmächte eine törichte Politik trei#l schützen sind bisher etwa 50 gemeloet.
1574 1057 2628 1309 AIRR R
2702 1242 3404 1317 Frl. Kögl (Yvonne), Herr Hof
513 1239 1394 1347 2222.— Theater, Kunft, Literatur.
1571 1288 2621 1349 weilen noch papieren („Heißes Wollen“), die Unwahr¬
2624 1282 3401 1355 neral), Kainz (Henri), spielen das
830 1308 1276 1383 Schauspielhaus.
1583 1337 2622 1401 scheinlichkeit geht sorglos über die Bühne — aber man
2611 1325 3407 1404 lebendigem Zeitmaß (Hofbauers Schlac
490 1319 1576 1421 Hermkehr. Nocturno in eine# Akt. Mitarbeiter.
1573 1370 2619 1450 sage, was man will — es ist im Ganzen Bühne und
2618 1391 3385 1466 schön aufgebaut, müßte aber auf die
503 1398 1578 1482 Komödic in einem Aufzug. Von Bruno Ertler. Der
1583 1436 2626 1505 das entscheidet. Wer so bühnengemäß und so wenig
631 1442 1498 1513 Puppenspieler. Von Arthur Schnitzle##
2609 1437 3383 1524 lebendige## irken). Im zweiten Stück
603 1464 1568 1550 Mit zwei Einaktern, einem tragischen, einem komi¬
1568 1471 2617 1556 anfängerhaft sieht, kann seine Bilder noch mit allem
2617 1487 3409 1555 Otto den etwas belämmerten Lie
521 1512 1578 1585 schen, betritt Bruno Ertler zum ersten Mal die
1571 1535 2271 1601 Gehalt füllen, den er erleben wird.
2616 1523 3390 1607 Olden den überlegenen Gatten, wobei
514 1585 1582 1646 Bühne. Der junge Autor ist ein Zeugnis dafür, daß
1653 1560 2631 1657 Stärker ist das heitere Stück „Mitarbeiter“, bas
2621 1591 3405 1655 seines Humors aufgehen läßt. Daneben
504 1622 1564 1699 es im heimischen Dichtergarten weiterblüht und nach¬
1568 1605 2622 1701 Ertler aus seinen hiesigen Erlebniskreis genommen und
2615 1629 3397 1705 sein in ihrer Blondheit und äterarischen
511 1675 1575 1739 wächst. Ein Teil seiner Lyrik ist aus den Vorträgen
1569 1671 2619 1747 sicher geformt hat: manche Figuren, manche ihrer Zöge
2623 1682 3383 1747 Frau Mely, die für Frau Weiser
514 1725 1568 1802 von Klitsch bekannt, die Leser dieser Blätter kennen
1569 1741 2630 1808 und Worte sind für den Wissenden Natur, für ihn und
2617 1718 3402 1800 Der Dichter schrieb für die ihm bekannte
509 1775 1566 1847 Proben seiner gut deutschen, von der Farbe des Ge¬
1566 1778 2617 1849 den Nichtwissenden eine lächelnde Unterhaltung. Zwei
2619 1801 3404 1868 also lebendige Rollen, und die volle Lau
511 1827 1568 1888 dankens gesund aussehenden Prosa. Und nun die zwei
1563 1835 2617 1908 Freunde verbinden sich, um ein ernstes Stück zu schrei¬
2623 1834 3279 1918 spieler ist dankbare Mitarbeiterin.
518 1885 1564 1928 Stücke, die ein lebhafter, von Blumen bekränzter Er¬
1573 1883 2623 1949 ben, dessen Inhalt das bekannte Verhältnis Mann —
2697 1867 3390 1951 Vorher wurde von Frau Imle, He
506 1925 1573 1990 solg begleitet. Die kurze Tragödie „Heimkehr“ behandelt
1569 1931 2623 1990 Frau — Freund sein soll; der eine der beiden Mit¬
2613 1920 3390 1993 und Herrn Otto Schnitzlers tiefsinnig
503 1965 1571 2047 einen seit des Odysseus Tagen immer wiederkehrenden
1566 1974 2620 2046 arbeiter verliebt sich nun in die Frau des andern, und
2617 1987 3402 2052 Puppenspieler“ gegeben. Ein echter Sch
504 2017 1576 2111 Weltstoff, Balzac hat ihn behandelt (Oberst Chabert),
1627 2030 2616 2097 erlebt seinen „Stoff“: aber, was die Dichter tra¬
2617 2033 3399 2111 es nicht notwendig war, dem Georg über
514 2069 1567 2146 Tennyson (Enoch Arden), Wilhelm Raube (Abu Telsan);
1559 2078 2612 2150 gisch gestalten wollen, daraus macht das Leben eine
2608 2077 3386 2152 Maske zu geben, zumal Herr Wagner
509 2126 1566 2197 Sudermann (Heimat) und viele werden ihn noch be¬
1567 2134 2617 2195 Komödie, und so lächelt sich das Stückchen lustig, von
2621 2129 3391 2211 Naturen schön durchleuchten kann). D
516 2165 1573 2240 handeln — ja, es ist ein Verdienst, einen alten
1559 2180 2620 2244 hübschen Einfällen getragen, am Zuschauer vorüber.
2613 2183 3401 2252 Freien und Unbekümmerten. Georg wa
509 2213 1562 2304 Stoff zu entdecken und ihn neu zu formen.
1567 2212 2617 2285 Zu den hübschen Einfällen gehört auch der Mitarbeiter
2621 2234 3395 2306 aber schreibt nicht mehr. Behält seine
503 2270 1561 2348 Ertler stellt ihn in die Tage der Gegen¬
1557 2278 2625 2339 an der Schreibmaschine, der die Liebeserklärung des
2616 2279 3401 2350 Und statt zu schreiben, spielt er nun mit
500 2316 1578 2391 wart. Der nach einer Niederlage aus dem Feld nach
1570 2337 2613 2394 Freundes gleich niederklappert. Manchmal entgleiten
2609 2332 3387 2400 selbst, die auf der Bühne des Lebens
514 2376 1567 2448 Hause flüchtende Heerführer erlebt hier seine innere,
1560 2375 2621 2443 dem Verfasser die Fäden, und der Dialog geht ein bißchen
2619 2389 3389 2446 mißlingt — zum Guten. Er schafft, ohn
511 2416 1572 2484 seine Liebes=Niederlage. Aber in ihm erwacht schließ¬
1564 2427 2625 2477 unbeaufsichtigt nach Lust und Laune spazieren, was
2618 2431 3400 2510 eine glückliche Ehe zwischen seinem Freu
500 2464 1564 2547 lich der Soldat wieder: er kehrt ins Feld zurück, auf
1564 2467 2621 2542 hier weniger ausmacht als in der Tragödie. Das Lachen
2608 2472 3383 2549 eignen Mädchen, und zieht überwältig
513 2523 1577 2581 seinen Posten, und überlößt zuletzt dem Nebenbuhler
1565 2522 2615 2587 kam dem Stück entgegengelaufen, man will heute lachen,
2608 2531 3404 2598 Leben ist doch stärker! Damit kann mu
511 2580 1575 2648 sein Haus und auch seine Gattin. Das ist nun in
1563 2577 2627 2650 aler die heitere Spannung der Mitarbeiter machte auch
2616 2582 3401 2652 Er läßt den Knaben des Paares zurück
506 2615 1563 2687 einem dunkeln Nachtbild sichtbar. Und dieses Sichtbar¬
1557 2620 2617 2692 die Zuhörer zu Mitarbeitern am Erfolg. Der erste
2619 2636 3397 2698 ihm sein Leben verdankt, sein Sohn ist,
503 2669 1563 2737 machen zeugt für die theatralische Begabung des Autors.
1552 2657 2619 2740 Schritt, den Bruno Ertler auf die Bühne macht, ist
2607 2676 3403 2755 geistigen Sinn. Diese Studie kann ni
503 2727 1563 2788 Der Garten, die rotleuchtende Liebeslampe, die nervös¬
1552 2726 2616 2786 geglückt, und dieser Schritt ist (wie in der Ehe) bindend
2616 2736 3394 2801 wagen wie Schnitzler. Harmonisch schlo
497 2769 1575 2850 wartende Frau, der überraschende Eintritt des Generals,
1566 2771 2623 2839 und folgenbegleitet. Wir glauben, daß es noch mehrere
2617 2787 3398 2850 die Stücke des B ginners, harmonisch, i
498 2825 1570 2886 der keuchend auf der Terrasse erscheint statt des erwar¬
1560 2825 2614 2889 artige „dramatische Taufen“ geben werde. Direktor
2616 2831 3397 2904 in Schnitzler einen seiner Meister sieht,
507 2868 1571 2925 teten Liebhabers. Dies ist gesehen, und wirkt als Bild.
1555 2877 2612 2943 Grevenberg ist dabei als Regisseur und Mann er¬
2611 2885 3385 2971 Vater, und manche verwandte Seite
509 2919 2644 3000 Es ist Theater, etwas grelles Theater, man könnte sogar] fahrener Winke, kluger Hilfe, ein nützlicher Taufpate.
