3484 4320
1593 205 2051 297 box 22/6
278 204 1473 315 17. 1. Der Puppenspieler
1282 1152 2180 1221 inspektorin Pfaff und Frau Dr. Enores ge¬
974 1174 1284 1265 ursacht
1290 1218 2183 1277 sprochen hatten, wurde die Resolution ein¬
1276 1264 1845 1329 stimmig angenommen.
1058 1350 1284 1421 genannten
1452 1336 1979 1440 Oesterreichischer
1030 1398 1267 1458 auch er¬
1026 1437 1279 1498 den Löt¬
1476 1423 1967 1525 Einakterabend
1041 1490 1266 1545 tgingen,
1292 1492 2195 1563 Schnitzler — Bahr — Salten im Akademie¬
1033 1527 1267 1589 ngeblich
1638 1557 1820 1624 theater
1030 1576 1279 1630 em Dach¬
1365 1604 2191 1672 Drei kleine Spiele, in denen sich das
1034 1620 1277 1688 nstellten
1295 1654 2191 1710 literarische Jung=Wien von dazumals spiegelt
1299 1707 2186 1751 und die Zeit, da es noch kaum zu Ehren und
1038 1699 1267 1766 ährend der
1283 1737 2196 1802 Tantiemen gelangt war. Am stärksten wirkt noch
1052 1753 1266 1807 ren jedoch,
1281 1796 2196 1850 immer Schnitzlers „Puppenspieler“, in dem nicht
1049 1797 1272 1856 en Lötofen
1283 1836 2191 1884 nur die Ironie eines Einfalles steckt, sondern
1293 1892 2194 1932 auch eine zarte und bittere Lebenswahrheit, die
1291 1917 2202 1975 zudem an Farbe und Frische ihrer Theater¬
1047 1917 1171 2016 in
1290 1964 2196 2027 wirkung nichts verloren hat. Wesentlich blässer
1297 2014 2201 2070 und manchmal geradezu willkürlich scheint die
1294 2052 2184 2108 Sexualdevatte, die Hermann Bahrs „Faun“
1303 2095 2201 2158 sehr handlich und sehr demonstrativ vorführt.
1290 2153 2202 2197 Diese erotische Revolution von einst ist heute
1304 2181 2202 2249 halb Selbstverständlichkeit, halb Geschmack¬
1287 2243 2204 2295 losigkeit. Bis auf einen oder den anderen Ge¬
1307 2288 2205 2332 danken, der zumindest zeigt, wie weit der Autor
1307 2318 2208 2386 seinem Publikum voraus war. Soweit, daß die
1306 2371 2211 2424 zweite Generation dieses Publikums heute noch
1305 2419 2210 2462 die kleine Skizze mit einer ganz und gar nicht
1303 2450 2203 2517 ästhetischen, sondern durchaus moralisch gemein¬
1300 2498 2203 2554 ten Zischsalve ablehnt. Felix Saltens „Schöne
1314 2544 2214 2600 Seelen“ sind von vielen, weitaus weniger feier¬
1307 2585 2212 2644 lichen und repräsentativen Spielplänen nunmehr
1312 2640 2214 2693 auch ins Burgtheater höchstselbst übernommnen
1306 2673 2210 2740 worden. Sie bleiben die scharfe, beinahe freche
1313 2721 2218 2780 Alltagsskizze, als die sie bisher überall drastische
1310 2772 2219 2828 Situationen und noch drastischere Rollen ge¬
1314 2817 1560 2866 liefert haben.
1369 2856 2215 2911 Bei Schnitzler ist es namentlich Herr Balser,
1300 2898 2218 2965 dessen Darstellung einen Zug ins Große und eine
1314 2941 2221 3003 Schmerzlichkeit hat, die von sattesten mensch¬
1314 2995 2217 3047 lichen Farben umspielt ist, bei Bahn ergreifen
1315 3050 2222 3088 der Anblick wie die nervöse Passion Frau
1313 3072 2213 3130 Wageners und die Separékenntnis Felix Sal¬
1316 3114 2227 3176 tens wird von Frau Medelsky und Herrn
1315 3171 2232 3225 Meyerhofer mit gedämpften, aber immerhin noch
1307 3213 1970 3290 leidlich populären Spässen betreut.
