3436 4320
273 198 1478 278 17.1. Der Punnenspieler
576 363 1558 511 Theater, Kunst und Titeratur.
621 511 1542 587 Gastspiel des Berliner Lessing=Theaters.
877 566 1277 636 (Theater an der Wien.)
565 622 1578 674 Zum ersten Mal: „Elga.“ Von Gerhart Hauptmann. Nach einer
556 664 1573 724 Novelle Grillparzers. Zum ersten Mal: „Der Puppenspieler.“
735 705 1484 776 Studie in einem Aufzuge von A. Schnitzler.—
655 761 1571 809 In seiner Novelle „Das Kloster bei Sendamir“
562 799 1582 869 bietet Grillparzer mit dichterischer Einfalt und
559 855 1572 910 mit reiner Freude am Fabulieren eine Geschichte, die ein
561 892 1575 950 romantischer Zauber umwebt. Ein wegemüder deutscher
559 946 1584 1000 Ritter nächtigt als Gast in einem Kloster, wo ihm ein
562 984 1575 1049 bleicher, düsterer Mönch eine merkwürdige Herzensgeschichte
559 1032 1579 1089 erzählt. Es ist seine eigene Lebensgeschichte. Der Graf
563 1080 1571 1133 Starschenski hat eines Tages in Warschau ein wurder¬
568 1111 1579 1177 schönes adeliges Mädchen, bei deren Anblick ihm das Herz
568 1163 1583 1220 aufging, aus tiefstem Elend aufgelesen. Elga, so heißt sie,
572 1210 1576 1265 wird seine Frau. Er zieht sich mit ihr auf sein Schloß
568 1257 1577 1319 zurück, wo er seinem Liebesglücke lebt, das zu einem seligen
567 1302 1557 1369 Rausche sich steigert, als ihn Elga mit einem Kinde —
566 1354 1585 1409 einem Mädchen — beschenkt. Da wird sein Liebesglück
566 1397 1579 1443 plötzlich getrübt. Ein beängstigender Zweifel an der Treue
576 1441 1584 1495 seines Weibes taucht in ihm auf. Sein Verdacht schwillt
570 1492 1578 1542 zu schrecklicher Gewißheit durch ein Medaillonbild an, in
576 1531 1584 1586 dem er Elgas Vetter, Oginski, erkennt. Die Gesichtszüge
570 1574 1583 1649 Klein=Elgas und die des Medaillonbildes offenbaren
574 1615 1084 1687 eine auffallende Aehnlichkeit.
660 1655 1579 1727 Kein Zweifel: sein Töchterlein ist ein Kuckucksei.
562 1691 1582 1772 Nicht er, sondern Oginski ist der Vater des Kindes. Eine
568 1756 1584 1806 wilde Rachgier lodert in dem betrogenen Gatten empor.
568 1803 1582 1857 Er zerrt Oginski in sein Schloß und stellt das treulose
572 1846 1574 1913 Weib ihrem Galan gegenüber, Da gelingt es Oginski zu
582 1893 1581 1945 entrinnen. Elga aber fleht jammernd um Gnade. Der
579 1940 1525 1999 Graf will ihr das Leben schenken, wenn sie ihr Kind
580 1974 1590 2041 den lebenden Beweis ihrer Schande — selbst tötet. Die
574 2028 1583 2085 Ehebrecherin ist bereit, diesen Preis um ihr Leben zu zahlen.
569 2075 1584 2125 In dem Momente jedoch, da sie zur Mörderin
569 2114 1581 2185 an ihrem Kinde werden will, ersticht sie der Graf.
576 2161 1576 2215 Dann zündet er das Schloß an. Das Kind über¬
567 2205 1571 2284 gibt er Bauersleuten zur Pflege. Hernach stiftet
579 2243 1576 2314 er ein Kloster, in das er als dienender Bruder eintritt. Das
573 2309 1577 2355 ist der Fabelkern der Novelle. Wie man sieht, spielt sie nur
575 2354 1585 2404 äußerlich in der Zaubernacht des Mittelalters. Die
572 2389 1586 2447 Romantik ist bloß eine leichte Hülle, ein Stimmungsbehelf
566 2435 1584 2489 der Geschichte. Schürft man im Stoffe, so sprüht daraus
565 2480 1584 2529 eine Fülle von dramatischen Momenten hervor, die einen
572 2526 1586 2593 modernen dramatischen Dichter zur Ausgestaltung reizen
582 2575 750 2647 könnten.
645 2605 1601 2679 Sie haben auch Gerhart Hauptmann gereizt, der in
567 2676 1586 2735 seinem Drama „Elga“ im großen und ganzen dem Linien¬
573 2717 1583 2776 zuge der Novelle folgte. Nur in zwei wesentlichen Punkten
566 2767 1598 2816 ließ er seiner eigenen Inspiration freien Lauf. Hauptmann
577 2803 1582 2864 läßt die Vorgänge seines Dramas an dem im Kloster ein¬
567 2856 1587 2913 gekehrten Ritter als Traum vorüberwallen. Marum? Man
560 2899 1586 2959 sucht vergebens eine Antwork auf diese Frage. Auch Grill¬
570 2956 1585 3010 parzer hat den Traum als dramatisches Vehikel verwendet.
569 2990 1587 3059 Aber im „Traum ein Leben“ sind die Traumgesichte mit
563 3037 1581 3093 dem Träumer innig verwoben. Es ist sein eigenes Schicksal,
567 3090 1585 3133 das sich ihm warnend und drohend im Traume ankündigt,
562 3131 1588 3195 falls er von den Lockungen der Ruhmgier sich hinreißen
564 3188 1579 3251 läßt. Wie anders bei Gerhart Hauptmann! Der Ritter
557 3234 1588 3297 träumt ein fremdes Leben, mit dem er bloß durch ein
558 3274 1581 3340 äußeres Moment verknüpft ist: er schläft in jenem
561 3323 1578 3386 Turmzimmer, wo sich die Schlußkatastrophe zugetragen.
551 3373 1584 3437 Man müßte also höchstens annehmen, daß die stummen
564 3423 1583 3484 Gegenstände im Turmgemach in mitternächtlicher Stunde
550 3468 1588 3528 zu raunen beginnen und dem Schläfer jene Erlebnisse vor¬
566 3517 1489 3575 gaukeln, deren passive Zuschauer sie einstmals waren.
668 3567 1589 3627 Hauptmann hat aber noch eine andere wesentliche
565 3615 1591 3682 Aenderung vorgenommen. Er hat den Schluß der Novelle
560 3656 1583 3707 gründlich umgestaltet. Bei Grillparzer tötet der Graf Elga,
561 3708 1579 3768 nachdem er die Ueberzeugung gewonnen, daß ihre un¬
574 3754 1579 3815 ersättliche Lebensgier in ihr selbst jeden Funken mütter¬
574 3798 1582 3849 licher Liebe erstickt hat. Der Mord erscheint hier als eine
570 3835 1592 3907 doppelt gerechtfertigte Sühne einer ruchlosen Schuld. Der
563 3892 1591 3964 Schluß des Dramas hingegen ist ein theatralischer Knall¬
559 3927 1587 3986 effekt. An dem Bette ihres erdrosselten Geliebten schleudert
559 3986 1581 4030 Elga ihrem Gatten racheschnaubend die Worte ins Gesicht:
560 4034 1580 4095 „Ich hasse dich und speie dich an!“ — Dann wandelt sich
575 4072 1583 4122 das Bild. Der Ritter reibt sich den Schlaf aus den Augen.
1592 177 2025 261 box 22/6
1685 396 2622 468 Der Abend wurde durch die einaktige Studie „Der
1593 447 2630 528 Puppenspieler“ von Arthur Schnitzler ein¬
1585 492 2618 558 geleitet. Es ist eine feine, von einer wehmütigen Philo¬
1605 550 2630 609 sophie durchwehte Arbeit. Georg Merklin, ein Schrift¬
1609 588 2626 643 steller, der die törichten Eitelkeiten auf dem Jahrmarkte
1596 638 2629 679 des Lebens gründlich durchschaut hat, trifft zufällig einen
1596 684 2627 740 alten Freund, den Musiker Jagisch. Sie haben sich seit
1599 743 2625 791 zehn Jahren nicht gesehen. Der Musiker hat inzwischen
1596 776 2634 824 seinen Weg gemacht. Er hat ein wohlgeordnetes Heim,
1596 818 2628 865 ein Weib, mit dem er in glücklicher Ehe lebt, und einen
1602 863 2627 920 achtjährigen Buben. Den Grundstein zu diesem häuslichen
1596 913 2626 955 Glücke hat der Schriftsteller einstmals selbst gelegt. Er
1596 954 2629 1010 hat die Drähte im Lebensspiel des Musikers gelenkt. Um
1594 1007 2627 1071 dem verschüchterten Freunde Lebensmut einzuflößen, bat
1594 1055 2626 1107 er ein Mädchen, ihm eine Liebeskomödie vorzugaukeln.
1602 1099 2624 1143 Aus dem Spiele wurde ein ernster, auf inniger Liebe
1594 1145 2632 1197 begründeter Lebensbund. Aber dabei ist der „Puppen¬
1597 1184 2631 1271 spieler“ an seinem eigenen Glücke achtlos vorüber¬
1608 1234 2628 1301 gegangen. Nun steht er als Bohème vor ihnen, vom
1594 1283 2629 1338 Leben zerzaust, innerlich verbittert, aber zu stolz, um zu
1597 1325 2627 1377 klagen. Seine Weisheit kleidet er in eine milde Ironie,
1607 1371 2618 1427 aus der hie und da ein leiser Schmerzenston hervor¬
1609 1425 2626 1487 zittert. Großes zu schaffen, dazu reicht seine Begabung
1608 1480 2632 1531 nicht aus. Das weiß er. Er begnügt sich dayer mit seiner
1595 1525 2627 1582 inneren Musik. Er schaut auf die Welt aus der Vogel¬
1593 1575 2624 1628 perspektive herab, und da er dichterische Schattengebilde
1595 1608 2631 1668 nicht mit Lebensblut füllen kann, so findet er eine künst¬
1592 1668 2627 1712 lerische Freude daran, wirkliche Schicksale an sich vorüber¬
1602 1701 2619 1765 ziehen zu sehen. Nur dürfen sie ihn nicht in ihren Bann¬
1596 1737 2630 1813 kreis ziehen. Darum verläßt er rasch das Heim des
1596 1797 2628 1862 wiedergefundenen Freundes, verläßt es wohl auch aus
1592 1836 2624 1904 dem Grunde, weil ihn gerade in diesem Heim die schmerz¬
1591 1894 2620 1947 liche Erkenntnis beschleicht, daß er doch bankerott sei und
1602 1930 2623 1991 daß hinter seiner stolzen Weisheit ein unstillbarer Drang
1589 1978 1902 2049 nach Glück niste.
1680 2001 2623 2093 Wie man sieht, ein nachdentliches Stückchen, das in
1593 2072 2627 2132 innerer Sammlung ausgekostet sein will und das durchaus
1600 2126 2618 2184 nicht nach klarschenden Händen schielt. Er hat aber gleich¬
1591 2173 2627 2222 wohl starken Beifall gefunden, der auch Hern Zasser¬
1605 2204 2623 2271 mann galt, der in der schlichten Art und Weise, wie er
1593 2267 2615 2316 alle Nuancen in Charakterbilde des philosophischen
1591 2303 2619 2382 Bohôme hervorschimnmern ließ, als großer Künstler sich
2417 2347 2594 2412 m. b.
1599 2358 1764 2415 erwies.
