3436 4320
289 250 2077 349 17. 1. Der Punpenspieler box 22/6
593 788 1434 926 Dr. Max Goldschmidt
696 914 1348 1000 * „ . Bureau für.
740 985 1278 1073 Zeitungsausschnitte
504 1039 1523 1115 verbunden mit direktem Nachrichtendienst durch
754 1107 1280 1178 eigene Korrespondenten.
1036 1150 1463 1237 Telephon: III, 3051.
565 1166 930 1245 Berlin N. 24.
497 1198 1544 1277 —
782 1280 1243 1362 Ausschnitt aus
475 1485 1436 1622 Sächsische Arbeiterzeitung, Dresden
838 1596 1184 1716 30 0C1. 903
916 1668 983 1725 A
956 1860 1345 1941 umemml
2589 1867 2679 1941 n
1640 1909 3378 1981 Straßenbild des nächtigen Brügge nach Entwürfen des großen bel= Klub der Sturmgesellen ng
456 1840 1613 2021 Seben, Kunst und Pöisnschaft.
2857 1963 3388 2019 alte Todfeind der Revolutio
1610 1963 2271 2036 Pgischen Malers Fernand Khnopff.
1738 1990 2868 2056 Das Lessingtheater eröffnete seine Premierensaison
2865 2010 3371 2066 eingedrungen und hat den #
787 2022 1285 2108 Berliner Kunstleben.
2868 2048 3384 2094 gejagt. Die bösen Klub=Pr
1624 2034 2877 2097 mit einem vieraktigen Volksstück: Geschwister Lemke
2868 2085 3384 2132 Bett der Kellnerin verborgen
1627 2080 2870 2151 von Richard Skowronnek und Leo Walther Stein.
969 2084 1093 2146 II.
2869 2127 3382 2176 seitigt. Man sieht vielmehr
1650 2124 2872 2174 Das Drama schildert die bemerkenswerten Schicksale dreier
509 2127 1648 2185 Mit einem solennen Doppeldurchfall hat das Deutsche
2869 2152 3379 2220 strafung der Mitglieder weg
1642 2156 2876 2209 Berliner Vollwaisen. Zwei davon, die Schwestern Mathilde
399 2164 1643 2217 Theater die Serie seiner Novitätenabende begonnen. Arthur
2451 2198 2497 2233 8#1
2868 2198 3381 2263 Sitzung erscheint der greise
407 2228 2877 2268 Schnitzlers Einakter: Der Puppenspieler und en versund Cva, sind glänzende Musterbeispiel. von Tugend, Fleiß, Herzens¬
2865 2233 3374 2295 den verdutzten Sturmgesell
400 2246 2872 2290 altigepiel: Trugbild von Georges Rodenbach, güte, Edelsinn und Opferfreudigkeit, während die dritte, der Bruder
2861 2283 3371 2329 ablegt: Die politischen Idea
1651 2288 2867 2332 Alfred Lemke, als typische Verkörperung menschlicher Sündhaftigkeit
401 2292 1651 2348 dem vor kurzem verstorbenen belgischen Dichter, wurden ziemlich
2864 2321 3377 2381 Königgrätz und Sedan über
1650 2323 2870 2373 gelten darf. Die Schwestern haben sich nicht nur das Brot, sondern
406 2328 1653 2390 schroff und ziemlich einstimmig abgelehnt. Schnitzlers Stück, das der
1642 2363 2870 2415 sogar einen Bräutigam vom Leibe abgespart, um mit dem kargen Er¬
2872 2347 3373 2405 nichts weiter wert seien, a
413 2377 1638 2430 Dichter eine „dramatische Studie“ nennt, ist eine flüchtige und wir¬
2868 2400 3362 2450 Generation. Der Sturmge
1651 2398 2870 2453 löse ihres Putzgeschäfts den Bruder studieren zu lassen. Bald aber
407 2408 1642 2460 belige Arbeit und das Charakterbild des Helden, eines Sonderlings,
2873 2427 3385 2495 Reden und es kommt beinah#
1648 2438 2873 2484 stellt sich heraus, daß der junge Lemke solcher Opfer nicht würdig ist.
411 2437 1649 2499 der sich für ein verkanntes Genie hält und sein Glück in dem Wahn¬
2874 2477 3380 2532 auseinander, der Klub löst
1645 2481 2867 2528 Um Karriere zu machen, verlobt sich das Scheusal mit einer Mini¬
418 2482 1644 2532 findet, mit Menschenleben und Menschenschicksalen wie mit Puppen
2867 2513 3367 2566 Säule übrig. Er beschließt,
1641 2519 2872 2565 sterialratstochter. Die Schwestern sagen sich blutenden Herzens von
404 2528 1651 2590 spielen zu können, gelangt zu keiner klaren und plastischen Gestaltung.
2869 2553 3363 2609 im Zuchthause und erwartet
1646 2556 2878 2609 ihm los. Und schon naht die Vergeltung: Mathilde und Eva kommen
412 2564 1641 2627 Was an der Figur noch zu verderben war, besorgte Albert asser¬
2879 2588 3339 2650 mittierenden Protokolle si
1646 2594 2880 2643 unter die Haube und ernten Wohlstand und Eheglück, während der
411 2605 1642 2661 mann, der die Rolle mit allerhand überflüssigem virtuosen Kleinkram
2868 2624 3384 2686 entwendet und dem Landra
1649 2633 2881 2686 böse Alfred an der Seite einer hochnäsigen und kaltherzigen Gattin
411 2646 1645 2701 überlud und selbst den Teil des Publikums vollends verwirrte, der die
2890 2676 3362 2724 — es ist gerade Sedantag
1656 2670 2884 2729 ein freudeloses Dasein führen muß. Es ist eine wahre Herzensfreude,
406 2669 1644 2733 unklaren Intentionen des Dichters zu begreifen die löbliche Absicht
3329 2706 3381 2753 11
2872 2700 3333 2766 Sturmgesellen. Er bring
1651 2715 2877 2762 in den gegenwärtigen herben Zeitläuften zwei so vortrefflichen
419 2723 1644 2776 hatte. Rodenbachs Schauspiel ist eine vom Dichter selbst herrührende
2879 2744 3237 2802 Sokrates unterschrie
1657 2753 2873 2805 Menschenkindern zu begegnen, wie den Herren Richard Skowronnel
417 2764 1649 2812 Dramatisierung seines Romans: Das tote Brügge, der seiner Zeit
2871 2786 3223 2842 geselle öffnet angsts
1652 2783 2868 2847 und Leo Walther Stein. Zwei Wackere, die aus der Ueberfülle ihres
414 2801 1655 2850 namentlich in Frankreich vielen Beifall gefunden hat. Das Drama
2864 2827 3217 2877 den der dankbare P
1655 2829 2874 2884 goldigen Gemüts, ihrer weltfremden Naivetät und kindlich heiteren
406 2849 1653 2904 wie der Roman behandelt die Seelenzustände eines Witwers, der
2874 2870 3226 2925 Und der Hochverrät
1654 2865 2871 2915 Lebensauffassung der in Pessimismus versauernden Menschheit köst¬
419 2883 1644 2933 sein ganzes Dasein der Erinnerung an die verstorbene Gattin geweiht
1647 2902 2876 2958 liche Gaben spenden. Es wäre gemein, den beiden Edelnaturen
414 2926 1649 2969 hat. Im sechsten Jahre seines überspannten Trauerkultus lernt er
2877 2941 3241 3002 kämpfen eine Weile
1658 2950 2880 2997 durch nörgelnde Kritik das fein ausgeknobelte Geschäft zu verderben.
402 2956 1653 3001 ein Mädchen kennen, dessen Aeußeres ihm als ein vollkommenes Eben¬
2871 2984 3256 3037 auf einen Stuhl und
1655 2990 2877 3037 Denn von allen Spekulationen auf die Urteilslosigkeit des Theater¬
408 2995 1649 3055 bild der Toten erscheint. Die Verehrung, die er bisher den leblosen
2875 3026 3270 3078 mit seiner Farce beal
1649 3027 2877 3081 publikums ist diejenige, die in der Branche: Deutsches Gemüt arbeitet,
416 3036 1651 3083 Reliquien, wie Portraits, Gewändern, Haarlocken usw., gewidmet
2874 3055 3260 3116 bürgerlichen Demokre
1656 3066 2872 3128 zur Zeit noch immer die einträglichste — freilich auch die wider¬
413 3071 1648 3125 hatte, überträgt er nunmehr auf die lebendige Doppelgängerin seines
2871 3091 3242 3154 dieser Demokratie
1656 3094 1854 3172 wärtigste.
414 3116 1649 3165 Idols. Zu seinem Schmerze erkennt er jedoch, daß er es mit einer
2868 3129 3242 3193 Lumpen und Posser
1751 3129 2886 3203 Als zweite Novität servierte uns das Lessingtheater ein neues
411 3156 1655 3218 Unwürdigen zu thun hat, und die sittliche Verworfenheit des Wesens,
2293 3182 2386 3213 * „ —
2870 3178 3256 3233 einzureden, daß zur
1650 3178 2881 3229 Stück Sudermanns: Der Sturmgeselle Sokrates,
419 3179 1645 3246 das in der toueren Gestalt der Verklärten ihn umgiebt, zerstört seine
2460 3218 2523 3247 L
2522 3218 2634 3255 #rn?
2318 3218 2379 3254 1
2877 3214 3260 3268 grätz und Sedan hera
1652 3222 2871 3268 Komödie in vier Akten. Die Handlung soll sich wayrend der siebziger
411 3231 1649 3277 überreizten Nerven vollends. Als das Mädchen, eine kleine, auf
2879 3255 3330 3305 Ostpreußen zutragen.
1657 3263 2879 3317 Jahre in einem ostpreußischen Krähwinkel zutragen. Hier existiert
411 3261 1655 3329 Abenteuer ausgehende Provinzschauspielerin, in einer frech=über¬
2880 3285 3334 3344 Süden des Vaterlandes
1658 3306 2871 3353 ein politischer Geheimklub alter achtundvierziger Revolutionäre, die
415 3307 1656 3367 mütigen Laune mit seinen Reliquien Spott treibt, erwürgt er es
2869 3325 3372 3390 unmöglich, denn ihre Träg
1659 3340 2869 3389 sich Sturmgesellen nennen. Die Vereinsthätigkeit dieser Sturm¬
411 3342 1646 3395 mit einer Locke der Verstorbenen. Von den poetischen Reizen und
2877 3363 3374 3419 Kulissenschemen, deren Hein
1662 3365 2872 3433 gesellen besteht in allerhand hochverräterischen Unternehmungen, Auf¬
412 3389 1647 3455 psychologischen Feinheiten der Erzählung konnte, wie das bei solchen
2877 3398 3377 3470 Stück über allerhand absuell
1657 3403 2883 3465 rufen zum Barrikadenbau, Erlaß von Todesurteilen gegen mißliebige
420 3429 1658 3486 Vertheatralisierungen immer zu geschehen pflegt, nur ein kleinwinziger
2870 3452 3370 3503 die Judenfrage, über mode
1658 3453 2883 3503 Staatsstützen usw. Die Mitglieder haben sich die Namen von be¬
416 3460 1644 3513 Teil in das Drama übergehen. Drei Akte hindurch wird uns in end¬
2872 3474 3372 3546 Zahnheilmethoden usw., ab
1653 3491 2881 3546 rühmten Philosophen beigelegt und ihr Wortführer, der Zahnarzt
413 3498 1661 3559 losen Zwiegesprächen die fortschreitende feelische Zerrüttung des armen
1528 3524 1579 3565 110
2872 3528 3372 3584 ist trivialste Binsenweisheil
1656 3535 2878 3588 Hartmeyer, heißt z. B. Sokrates. Dieser Sturmgeselle Sokrates besitzt
415 3537 1672 3590 Helden expliziert. Hier und dort dringt ein schönes und kluges Wort
2880 3573 3350 3620 Feuilletons vorgetragen.
1653 3557 2869 3627 zwei Söhne, die er zur Auffrischung des revolutionären Blutes dem
425 3580 1660 3636 an unser Ohr, eigenartige, intime Stimmungen werden erzeugt, um
2878 3604 3373 3656 beiden ersten Akte, amüsie
1654 3610 2880 3659 Geheimbund als neue Mitglieder zuführt. Aber es stellt sich heraus,
427 3613 1656 3682 schnell wieder zu verwehen. Zum Schluß kommen dann ein paar
2881 3647 3369 3693 paar derbe Possenszenen un
1651 3632 2883 3698 daß alle beide einer solchen Ehre unwürdig sind. Der ältere, der das
419 3653 1660 3710 grelle Kulisseneffekte, deren brutale Derbheiten wie Peitschenhiebe
2874 3674 3344 3734 Autors, der trotz einer
1652 3693 2874 3737 Gewerbe des Vaters betreibt, kompromittiert sich dadurch, daß er einen
417 3692 1658 3753 kraß und unvermittelt auf den Zuschauer niederfahren. Einige nerven¬
2869 3715 3372 3786 freundlich dankend, auf der
1661 3729 2884 3784 prinzlichen Jagdhund von einem Zahngeschwür befreit, und der
428 3731 1651 3800 schwache Damen entflohen bereits vor dem Fallen des Vorhangs und
1664 3764 2896 3820 jüngere, ein schneidiger Studiosus, muß gestehen, daß er nicht, wie der
412 3763 1653 3833 unt Lachen und Zischen wurde die technisch mißglückte Arbeit eines
1648 3798 2892 3854 Vater wünschte, Burschenschafter geworden, sondern in ein Korps ein¬
424 3807 1662 3853 keinen Poeten begraben. Die Ausstattung des Strückes brachte
415 3843 2915 3919 Abrigens ein pour glänzende Interieurs und ein stimmungsvolles getreten ist. Der Alte jagt sie beide aus dem Hause. Aber auch dem
1217 3891 1356 3944 E A
