3392 4320
1574 227 2049 320 box 2276
282 238 1477 330 17.1. Der Punpenspieler
1858 1116 3112 1198 ihrer mit allen gemeinen Instinkten gesegneten Tänzerin zu teil
899 1121 1594 1218 Vier Dremièren.
1862 1162 2126 1223 werden ließ.
1916 1177 3101 1258 Auch in einem Röllchen des vorangehenden Einakters von Arthur
956 1208 1529 1304 Deutsches Theater.
1857 1240 3101 1300 Schnitzler „Der Puppenspieler“ war Fräulein Triesch
638 1213 930 1352 GAA
1863 1284 3108 1341 sehr fein gewesen. Schnitzler versucht die Charakterstudie eines Ent¬
1074 1282 1398 1365 „Trugbild“,
1859 1329 3102 1383 gleisten zu geben. Die Sache entwickelt sich schwerer und mühevoller,
697 1333 1770 1419 Schauspiel in vier Aufzügen von Georges Rodenbach.
1867 1383 2543 1424 als es sonst die Art des Wieners ist.
1904 1412 3099 1462 Georg Merklin ist eine gescheiterte Existenz, mit eigenem
977 1405 1499 1473 „Der Huppenspieler“,
1866 1450 2018 1511 Willen
2705 1453 3099 1512 hoch dünkt für
2011 1444 2711 1517 gescheitert, weil er sich zu
739 1446 1732 1533 Studie in einem Aufzuge von Arthur Schnitzler.
1856 1493 3100 1550 die Pflichten des Alltags. Mit den Ansprüchen eines
662 1522 1851 1576 F. E. Da Otto Brahm gestern wiederum den Göttern opferte, deren
1863 1535 3103 1587 Genies, ohne sein Können, hungert er nun, nachdem seine
602 1557 1856 1615 Tempel er einst zertrümmern half, hatte er weniger Glück als mit
1867 1583 3102 1640 Hoffnungen auf großen Dichterruhm zerstieben mußten. Er sättigt sich
600 1603 1847 1649 Maeterlingks „Monna Banna“. Georges Rodenbachs neblig kränk¬
1857 1623 3107 1675 von der Bewunderung seiner eigenen Person und hält sich auf¬
600 1646 1850 1701 liches Schauspiel , Trugbild“ wurde abgelehnt. Sehr höflich abgelehnt;
1873 1665 3102 1714 recht durch das selbstbetrügerische Gefühl, mehr zu sein als alle
612 1696 1859 1742 kaum, daß ein leises Gekicher bei den Stellen hörbar wurde, die in
1868 1702 3110 1759 anderen. So meint er, mit den Menschen wie mit Puppen spielen?
605 1726 1857 1780 diesem seltsamen Werk hart an der Grenze des unfreiwillig Komischen
1865 1746 3102 1799 zu können. Aber er muß erfahren, daß er in einer wichtigen Stunde
616 1775 876 1839 balanzieren.
1859 1789 3101 1852 seines Lebens nur selbst die Puppe eines kleinen, dummen Mädchens
657 1817 1855 1872 Von Rodenbach und seinen Werken war vor wenigen Tagen
1871 1822 3098 1891 war. Die Erkenntnis macht ihn nur auf Momente weich. Seine
613 1855 1847 1918 schon an dieser Stelle die Rede. Es darf als bekannt
1868 1876 2919 1942 prahlerische Ichphilosophie verhärtet ihn wiederum schnell.
610 1899 1850 1949 gelten, daß das Schauspiel aus einer Novelle entstanden ist.
1911 1920 3107 1977 Von dem speziell Schnitzlerschen Humor, dieser liebenswürdigen
616 1949 1855 2001 Den zarten Flügelstaub der epischen Dichtung hat es bei
1866 1957 3116 2005 weichen Satyre, hat der Einakter nur wenig. Das Tragi¬
612 1979 1860 2040 der Umwandlung wie üblich verloren; das Feine ist
1875 2000 3106 2054 komische der Hauptfigur ist nicht entdeckt; wir kommen nicht zu
606 2023 1852 2069 grob oder schattenhaft geworden; eine künstlich eingefügte
1862 2031 3109 2094 jenem Lächeln, das uns so leicht menschliche Schwächen verzeihen
618 2063 1855 2116 Nebeufigur ohne eigenes Gepräge lähmt die Teilnahme für
1859 2087 3103 2135 läßt. Herr Bassermann, so ausgezeichnet er in der Maske
610 2110 1860 2165 die Hauptfiguren; der innere Schrecken der Erzählung wird am
1872 2123 3108 2181 und in vielen Einzelheiten war, unterstrich noch diesen Fehler seines
614 2149 1853 2197 Schluß zu einem Theatercoup, der halb lärmend grufelig,
1866 2163 3116 2224 Dichters. Er nahm die Rolle zu ernst und düster. Recht frisch war
613 2190 1857 2247 halb lächerlich ist. Nur mit dem Interesse, mit dem wir
1872 2212 3115 2265 Herr Iwald, der zum munteren Kontrast einen im Philisterglück
610 2234 1852 2287 ein nervenpathologisches Lehrbuch durchblättern mögen, sehen wir den
1865 2249 2659 2308 schwelgenden satten Künstler zu geben hatte.
609 2270 1859 2318 Helden, der sich tief in die zärtliche Erinnerung an sein verstorbenes
1909 2289 2891 2354 Der Beifall nach diesem Einakter war ziemlich dünn.
614 2306 1864 2371 Weib eingesponnen hat, fünf lange Jahre hindurch und nun das voll¬
615 2356 1868 2414 kommene Ebenbild der Toten in einer leichtfertigen Tänzerin findet. Dem
610 2401 1865 2442 gesunden Ange des Zuschauers wird zugemutet, mit dem kranken
1914 2381 3105 2444 ist. Für die Ausstattung des Rodenbachschen Stückes
619 2446 1858 2504 Auge dieses Mannes diese scheinbare Aehnlichkeit zu sehen
1863 2425 3106 2496 hatte das Deutsche Theater den belgischen Maler Fernand
719 2484 1864 2542 all die Erschütterungen mitzufühlen, die das Trugbild
1861 2483 3101 2539 Khnopff. herangezogen. Man sieht, und man sieht mit Freuden,
612 2491 727 2538 und
606 2522 1860 2581 in seiner Seele erzeugt. Vergebens. Wir bleiben sehr
1868 2528 3109 2574 daß Herr Reinhardt, der als erster Theaterdirektor bildende Künstler
615 2569 1859 2622 kalt. Wir sehen nur eine freche Dirne die einen dummen
1865 2570 2714 2631 in den Dienst der Bühne stellte, Schule macht.
613 2595 1863 2662 und ohnmächtigen Menschen nasführt. Unser Gefühl gehört eher dem
1913 2609 3105 2669 Wie weit die Mitarbeit Khnopffs gegangen ist, weiß man nicht
607 2652 1855 2702 dreisten Mädel, die nach Leben und Liebe dünstet und den trüben
1872 2649 3104 2709 genan. Von Bedeutung ist sie nur für das Bühnenbild des nächtlichen
622 2685 1863 2746 Gesellen verspottet. Der tragische Abschluß ist so sicher, daß es nur eine
1863 2693 3109 2752 Brügge geworden, das wirklich sehr schön war. In diesem Stück der
610 2741 1856 2794 Frage der Bühnenökonomie ist, ob er am Ende des dritten Aktes oder erst
1867 2745 3113 2793 „toten Stadt“, mit den ragenden Bäumen im Vordergrund und dem
617 2789 1862 2834 des vierten eintritt. Der halb wahnsinnige Mann wird ganz wahnsinnig
1873 2781 3107 2841 von ihnen eingerahmten Blick auf die alten Häuser jenseits des
616 2824 1856 2878 werden. Er wird diese Frau töten, die ihn völlig entmannte und
1861 2824 3110 2881 Kanals, war die Stimmung einer nebligen Mondnacht so wirksam zum
611 2868 1850 2925 seine Pietät gegen die Tote vergiftete. Wenn er dann den sorgsam
1864 2868 3102 2918 Ausdruck gekommen, wie es nur immer auf einem Bilde möglich wäre.
611 2904 1853 2959 gehüteten Zopf der Toten dazu benutzt, die unwürdige Nach¬
1861 2900 3109 2955 In der feintönigen Umgebung standen die Figuren, besonders die
614 2936 1864 2994 folgeri zu erbroffeln, so entsteht auf der Bühne jener Anblick, von
1868 2948 3099 3007 Frau mit dem gelbbraunen Mantel, wie in Pastell hingewischt. Es
608 2990 1856 3054 dem ich andeutete, daß er die Angstnerven ebenso reizt wie das
1858 2991 3104 3051 kam da zu Effekten, die man den Mitteln der Bühne nicht zugetraut
1873 3035 3102 3082 hätte. Freilich spielte ein Florvorhang mit, der, weil er das Ver¬
607 3034 842 3093 Zwerchfell.
667 3061 1858 3128 So hinterläßt das Stück einen häßlichen Mißgeschmack. In dem
1861 3075 3105 3144 ständnis der Worte erschwert, immer etwas Mißliches hat und besser
1875 3114 2082 3185 fortbleibt.
611 3111 1854 3167 Wirbel von Stimmungen, den es erzeugt, fühlen wir wohl, wie dem
1923 3143 3107 3216 Die Interieurs waren sehr geschmackvoll und standen weit über
612 3154 1871 3221 Werke selbst die gesamte Stimmung fehlt. Auf dunkelste Romantik,
618 3195 1858 3257 die sogar mit Geistererscheinungen arbeitet, ist greller Zotenrealismus
1863 3200 3107 3250 denen, die man sonst hier zu sehen gewohnt ist. Aber von der
619 3241 1855 3303 gepappt. Und nur eines ist einseitig, aber es ist nicht gut. Das ist
1871 3245 3106 3304 Phantasie eines eigenartigen Künstlers ließen sie nichts spüren, sie
616 3279 1856 3339 die Sprache, die — wenigstens in der Uebersetzung des Herrn Siegfried
1860 3285 3106 3341 waren nicht besonders für diese Vorgänge erdacht. Namentlich der
618 3324 1860 3391 Trebitsch — gleichmäßig banal ist, mag sie sich nun in die Schatten
1868 3324 3107 3399 „verstaubte Empiresalon“, das „Heiligtum der Erinnerungen“, zeigte
1868 3352 2460 3439 zuviel frische Tapezierersorgfalt.
616 3377 1862 3423 mystischer Vorstellungen verlieren, oder kecke Dämchenart zu charak¬
1926 3389 3102 3450 Schade, daß das Deutsche Theater Kosten und Mühe einer un¬
608 3403 1858 3472 terisieren versuchen. Nur selten, daß uns ein gehaltvoller Gedanke
1873 3453 3121 3502 gewöhnlichen Ausstattung gerade an dieses verlorene Stück gesetzt hat.]
612 3444 1595 3509 in dieser abgegriffenen Wortmänze ausgezahlt wird.
676 3487 1863 3542 Herr Sauer und Herr Hofmeister, Hedwig=Pauly und
1873 3498 3113 3552 Wenn es eines Beweises bedürfte, daß das Bühnenbild die Stimmung
615 3524 1865 3599 Luise v. Prellnitz sprachen, dem Wesen des Stückes gemäß, wie
1871 3543 3123 3608 nur unterstützen, aber nicht wecken kann, so ist er an dem gestrigen
619 3559 2310 3649 aus Gräbern, dumpf, beängstigend, schließlich ermüdend. Irene Abend geliefert worden.
2437 3605 2546 3681 *
623 3613 1869 3681 Triesch war vortrefflich in der künstlerischen Bändigung, die sie
