3436 4320
268 261 1490 389 17.1. Der Puppenspieler
1636 271 2108 393 box 2275
1952 1062 2659 1141 unbedingt mit Ihnen sprechen.“.
164 1071 1960 1196 atte diese Worte bereits hervor= fährliche Probe. Sie vermögen sich nicht ganz so wie sie
2044 1104 3174 1197 Jetzt konnte er füglich nicht anders, als sie anblicken.
170 1147 1966 1241 wahre Bedeutung inne wurde sind zu geben, und laufen damit Gefahr, auch bei ihrer
170 1208 3169 1289 v. Séricourt, sich Luft zu= Frau einen spontanen Anlauf, einen Gefühlserguß auf¬ Sie sah bleich aus und zitterte. Er selbst erbleichte bei dem
1966 1260 3170 1335 werden wie damals, da die Dummköpfe etwas von mir
881 1280 1966 1376 Eduard: Aber sieh' doch, Anna hat schon für dich
171 1307 665 1396 hdas Wort nicht aus!
1964 1309 3172 1383 hielten? Aber die Zeiten haben sich geändert. Als ich arm
785 1339 959 1433 gedeckt.
1971 1354 3183 1445 war, konnt' ich euch geben, was ich besaß — heute bir ich
174 1370 557 1439 ich gestorben....
873 1354 1966 1442 Georg: Nein — ich bitte sehr — laßt das. Ich
163 1386 786 1480 at sie mir auch damals gesagt,
1966 1402 2778 1496 zulreich, um ein Verschwender zu sein.
787 1425 1969 1498 wünsche nicht, in meiner Lebensführung gestört zu werden.
170 1462 786 1518 inist sie vor mir gelegen....
2062 1438 3177 1509 Eduard: Ich denke ja nicht an eine Anstellung
797 1448 1975 1556 Ich bin nicht mehr jung genug, um langjährige Gewohn¬
165 1485 800 1577 h gleich aufgehoben ... und hat
1975 1498 3176 1565 im gewöhnlichen Sinne. Aber es wäre ja möglich, daß du
787 1525 1173 1602 heiten abzulegen.
164 1542 798 1616 Alles. Ja, viel mehr, als du
1972 1544 3168 1621 bei einiger Ruhe, bei einigem Fleiß auf die leichteste
889 1542 1974 1630 Eduard: Um welche Gewohnheiten handelt es sich da?
170 1578 808 1685 inen Armen hat sie sich aus¬
1971 1591 3186 1669 Weise, ja ohne deinen Willen zu Ruhm und zu Reichthum
885 1612 1978 1673 Georg: Ich bin gewohnt — ob ihr nun darüber
1977 1645 2158 1727 kämest.
786 1661 1972 1735 lächelt oder nicht — mein Diner, wann es mir beliebt, im
161 1659 797 1764 Und so wurde es auch wieder
2061 1667 3181 1766 Georg: Ruhm? — Zehn Jahre — tausend Jahre
799 1697 1985 1788 Freien, während des Spazierengehens, zu mir zu nehmen
163 1734 793 1816 o lang. Es war doch ganz gut,
2026 1733 3171 1802 — zehntausend — sag' mir, in welchem Jahr die Un¬
857 1732 1976 1836 und trage es daher gewöhnlich in der Tasche bei mir.
1978 1765 3182 1852 sterblichkeit anfängt, und ich will um meinen Ruhm besorgt
178 1792 498 1861 t gekommen ist.
893 1808 1993 1885 Der Kleine (kommt herein): Ist die Suppe noch
156 1798 805 1913 Frieb mir Briefe, als ich drüben
1976 1832 3172 1899 sein. — Reichthum? — Zehn Gulden — tausend — eine
795 1839 1041 1946 nicht da?
1983 1888 3183 1944 Million? — Sag' mir, um wie viel die Welt zu kaufen
165 1877 800 1952 was für Briefe! Alle hab' ich
894 1874 1991 1967 Georg: Geduld, mein Junge. Gleich wird sie da
166 1915 807 2003 auch zuweilen wieder. In dem
1976 1922 3180 2000 ist, und ich will mich um Reichthum bemühen. Vorläufig
803 1937 1989 2022 sein. Und da ich euch auch nicht in euren Gewohnheiten zu
163 1967 809 2035 dann, nach einiger Zeit, nahm
1977 1965 3170 2038 ist mir der Unterschied zwischen Armuth und Reichtsum,
804 1989 1985 2078 stören wünsche, werdet ihr mir erlauben, mich ergebenst zu
171 2021 798 2096 Schiff und kam zu mir nach
1982 2009 3175 2093 zwischen Dunkelheit und Ruhm zu gering, als daß es sich
803 2053 1063 2129 empfehlen.
167 2050 814 2140 steht ein Wesen; das mir nach
1984 2062 3177 2135 mir lohnte, einen Finger darum zu rühren. Lass’ mich
898 2063 1929 2162 Eduard: Aber Georg, was fällt dir denn ein?
1991 2123 3172 2185 spazieren geh'n, Freund, und mit Menschen spielen. Das
165 2111 810 2193 hr hat sie mich — geliebt. (Pause.)
903 2144 1547 2216 Georg (bestimmt): Laßt mich.
1978 2152 3175 2236 ist das Einzige, was eines Menschen meiner Art würdig
178 2154 817 2241 Und wenn ich damals ge¬
912 2157 1987 2257 Eduard (durch einen Blick Anna's aufgefordert, nicht weiter
1981 2204 3177 2293 ist. Lebt wohl, meine Lieben; ich freue mich, euch wieder¬
179 2207 471 2282 h erwarteten?
797 2221 1983 2307 in ihn zu dringen): Ja, aber man wird sich doch wieder¬
163 2228 805 2345 wahrscheinlich Manches anders
1981 2252 3167 2323 gesehen zu haben. (Zu dem Kleinen:) Adieu — Georg —
810 2297 963 2376 sehn.
1989 2305 3188 2369 Adieu! (Zu den Anderen:) Wer weiß, wozu dieser kleine Junge
897 2311 1996 2402 Georg: Es ist möglich, aber nicht gewiß. Wir wollen
1985 2343 3190 2422 einmal berufen ist. Und wenn man zugleich bedenkt, daß
165 2329 819 2439 möglich. Von welchen Gefahren
805 2377 1995 2438 es dem Zufall überlassen. Ich lebe nach keinem Programm.
1990 2387 3205 2469 er nie geboren wäre, wenn ich nicht an jenem Abend den
171 2400 597 2492 ohne es zu ahnen.
813 2415 1991 2496 Und wenn ihr etwa meine Wohnung erfahrt — ich gebe
1995 2419 3214 2513 Einfall gehabt hätte... Ihr müßt es ihm erzählen, wenn
818 2451 1955 2553 nichts auf Formalitäten, ich erwarte keinen Gegenbesuch.
152 2478 820 2559 bedenke, es hätte mir passiren
906 2495 2950 2579 Eduard: Ja, aber wenn du auch nicht besucht er einmel groß genug ist, um es zu verstehen.
2075 2521 3105 2597 Eduard: Das werden wir uns doch überlegen.
155 2535 816 2611 vater zu werden, wie du — unter
813 2548 2006 2635 werden willst, mein lieber Freund — nimm's mir nicht
2077 2572 3193 2663 Georg: Ein ind meiner Laune — wahrhaftig.
148 2580 823 2666 en und eine Zofe in Diensten
813 2596 2007 2691 übel auf — es wäre ja möglich, daß . .. ich habe nämlich
147 2629 826 2722 ns Alle froh sein, daß ich damals
1984 2633 2866 2728 (Das Dienstmädchen die Suppe.) Adieu.
808 2656 1995 2736 gewisse Verbindungen — am Ende könnt' ich dir in irgend
2084 2648 3192 2758 Eduard: Und keinen Löffel Suppe? — Es ist
166 2679 827 2770 ich bin nicht dazu geboren, an
820 2717 1401 2806 welcher Weise vienlich sein.
1990 2727 3187 2810 geradezu kränkend! Du willst weggeh'n, ohne das Ge¬
165 2738 408 2810 zu speisen.
919 2724 2006 2835 Georg: Diestlich? — Es scheint, du willst mir so
153 2747 821 2869 ite Georg, heute wirst du es wol
1994 2774 2261 2867 ringste...
819 2786 1750 2905 irgend etwas wie eine Anstellung verschaften?
2077 2811 3200 2876 Georg: Nun denn, wenn ihr mir durchaus etwas
164 2836 349 2918 ise thun.
909 2818 2010 2921 Eduard: Nun, das wäre doch nicht das Schlimmste.
1993 2859 3194 2933 anbieten wollt, so erlaubt mir, meinem jugendlichen
921 2890 1988 2963 Georg: Es duldet dich wol nicht, das du mich so
1990 2912 3195 3008 Namensvetter einen Kuß auf die Stirn zu geben (Er hebt
163 2907 627 3019 bst bei uns zu Tische.
795 2941 2013 3058 frei und unbeschränkt leben siehst? Ich soll-wol ein Tropf
3020 2971 3081 3040 01
1670 2989 1845 3064 Acz : 3
247 2993 629 3090 Aman Jud ug Seh
