3436 4320
1008 259 1098 337 IS
232 253 2023 345 17.1. Der Puppenepieler box 22/6
662 1473 2732 1567 den erschütternden Seelenkämpfen. Daß Le Bargy schaftlich bis zur Narrheit, aber immer geliebt,
677 1548 2744 1617 in Dumas' noch immer jungen Komödie „Demi= begehrt und unwiderstehlich, so bedeutet dies allein
177 1510 516 1667 eton.
1697 1600 2290 1674 schon einen graeßn Erfolg.
673 1598 1713 1670 monde“ Wahrheiten altern halt nicht  rau¬
1780 1620 2739 1695 Auch die übrigen Mitglieder des Ensembles
673 1652 1717 1726 schenden Beifall fand, muß allen nur zu natürlich
1700 1694 2746 1759 machten einen angenehmen Eindruck und boten
666 1691 1700 1766 erscheinen, die die Rolle des klugen, weltsicheren
1694 1738 2747 1810 hübsche, wohlausgeglichene Leistungen. Nament¬
681 1749 1705 1812 Olivier de Jalin kennen, das berauschende Par¬
147 1735 530 1841 Le Bargy.
677 1777 2750 1861 fum des Dumasschen Milieus, die Aufeinander= lich Madame Barety ist eine geschmackvolle und
163 1823 393 1901 der Wien.
673 1840 2749 1915 folge graziöser, wirkungsvoller Szenen und dendistinguierte Künstlerin. Der Besuch war leider
680 1875 2753 1952 klassischen, immer wieder beklatschten und viel= kein sehr glänzender. Die Qualität mußte für
150 1894 678 1972 n neuer in Wien. Man
679 1936 2312 2016 zitierten Vergleich von den Pfirsichen. Weniger die Quantität entschädigen.
164 1952 669 2023 Eleganz, seine liebens¬
677 1979 1727 2069 glücklich war Le Bargy in „Le Dédale“ von
152 1998 683 2075 ich möchte sagen, typisch
679 2042 1716 2099 Hervienx. Und wenn das elegante Publikum in
154 2049 686 2120 sonderlich tief, nicht allzu
1812 2062 2596 2156 Theater an der Wien.
678 2082 1722 2170 den Logen und im Parkett gewaltsam ein Gähnen
156 2098 688 2171 er schillernden Vielseitig¬
1836 2140 2610 2215 Gastspiel des Berliner Lessing=Theaters.
679 2141 1712 2205 unterdrückte und tapfer bis zum Schluß aushielt,
157 2147 679 2220 von jener wohltuenden
1707 2170 2744 2245 (Elga von Gerhard Hauptmann. — Der Puppen¬
677 2189 1704 2268 so geschah es nur aus Achtung und Verehrung
142 2199 677 2288 herheit, die fast nur auf
1713 2237 2740 2303 spieler von Arthur Schnitzler— Rosmersholm von
685 2243 1709 2309 für den Künstler, der auch für diese verlorene
152 2244 690 2324 zu finden ist. In Paris
2022 2264 2398 2344 „enrik Ibsen.)
686 2290 1707 2345 Sache die ganze Macht seiner beredten und in¬
164 2297 683 2364 alle Gommeux. Wie er
1787 2302 2756 2402 Mit Gerhard Hauptmanns „Elga“ hat Di¬
677 2326 1710 2422 teressanten Persönlichkeit einsetzte. Sehr inter¬
162 2348 687 2404 i Knoten seiner Krawatte
1707 2356 2754 2447 rektor Dr. Otto Brahm sein Gastspiel eröffnet.
683 2387 1707 2453 essierte dagegen am letzten Abend ein anderes
151 2398 685 2473 Rockes ist maßgebend für
1706 2415 2756 2481 Als Gerhard Hauptmann dieses Werk zum ersten
687 2432 1711 2505 Stück von Hervieux, „Le Réveil“ in welchem
162 2443 680 2522 sind und ihren Ehrgeiz
1715 2474 2749 2535 Male veröffentlichte, nannte er es ein Drama.
684 2464 1711 2545 Le Bargy einen jungen Prinzen spielt, der auf
147 2496 682 2577 r cri gekleidet zu gehen.
1711 2528 2754 2589 Nun wird es Nocturnus genannt. Nun, welche
683 2528 1717 2604 die Krone und alle königlichen Ehren verzichten
153 2543 688 2610 mit geistiger Ueberlegen¬
1714 2573 2748 2630 Bezeichnung immer für das Werk gewählt wer¬
683 2583 1713 2648 will, weil er eine verheiratete Frau liebt, die
149 2586 688 2663 digsten Form die kleinen
1704 2619 2751 2691 den möge, ein Drama ist „Elga“ nicht. Um das
682 2632 1712 2702 ihm aber durch ihr plötzlich wiedererwachtes
135 2645 686 2721 ten des Pariser Lebens,
1719 2660 2765 2737 Werk unbefangen beurteilen zu können, müssen
685 2685 1706 2744 Pflichtbewußtsein nur allzubald alle seine Illu¬
131 2680 683 2767 ner graziös, immer char¬
1706 2715 2752 2785 wir die reale Anfangs= und Schlußszene zunächst
691 2729 1708 2790 sionen raubt. Wie Le Bargy da die pikante Ver¬
149 2737 684 2806 ch mehr. Gleich am ersten
686 2771 2756 2852 führungsszeue bei allem Temperament doch mit außer Betracht ziehen und nur den Traum selbst
135 2793 699 2855 ahmen und lendenlahmen
684 2822 2699 2891 unvergleichlich sicherem Takte und selbstverständ= prüfen, denn er enthält ja das eigentliche —
141 2843 682 2909 8 „Das Duell“ schuf Le
1718 2866 2758 2951 Trauerspiel. Vom dramatischen Gesichtspunkte
687 2881 1714 2958 licher Eleganz spielt, ist geradezu bewunderungs¬
140 2874 694 2961 Daniel eine Priestergestalt
1719 2901 2759 2987 aus ein recht schwaches Trauerspiel. Kein
690 2929 1717 2990 würdig. Sein Marquis de Riola ist bekannt. Da
146 2939 687 3005 gkeit, Kraft und Glaub¬
686 2953 2759 3050 öffnet er alle Register seines so überreichen Kön=] Held, keine Heldin, kein Willenskonflikt, ohne den
144 2992 691 3046 kerer, hohler und patheti¬
1707 3011 2751 3093 nun einmal kein gutes Drama zustande kommt.
685 3022 1715 3085 neus und wenn es ihm gelingt, aus diesem „tom¬
140 3030 688 3107 es glatten Tendenzstückes
1791 3048 2756 3140 Grillparzer, der große Dramatiker, hat den
686 3070 1720 3126 beur des femmes“ diesem „tomme fatal“ einen
139 3086 683 3163 inte man die Meisterschaft
140 3140 2761 3195 Ern, seine Leidenschaft in liebenswürdigen Schwerenöter, einen geistvollen Stoff der „Elga“ wohl gekannt und diesen nicht
143 3192 2767 3250 sie Wahrheit und Kraft in Lebemann zu machen, oft übertrieben und leiden= zu einem Drama, sondern zu einer Novelle be¬
