3436 4320
1559 268 2041 365 box 22/6
278 281 1549 360 17. 1. Der Puppenspieler
1790 755 2069 819 eingleit.
1929 792 2298 862 eichischen Drautalter
1522 799 1574 862 92
2103 836 2279 886 kunten Er¬
1526 1047 1607 1093 ehen
1585 1081 1790 1137 Genie ger
1481 1116 1910 1175 ppenspieler, das heißt,
2214 1149 2320 1194 n zu
1425 1152 2006 1206 r zu sein. Er glaubt mit Mei
2205 1189 2316 1235 imung
1326 1186 2170 1249 man Puppen an Fäden zieht. Nach elfjähriger Tr
1254 1223 2333 1294 n der Zufall mit seinem Jugendfreunde, einem Oboe¬
1245 1262 2323 1326 nzusamme... Der ist glücklicher Gatte und Familienvater.
1232 1299 2321 1365 tauschen Elmnermn an frühere Zeit und hierbei gefällt
1233 1341 2300 1404 nder Schriftsteilernem eitler Glauben, als sei er es ge¬
1227 1376 2338 1445 der dem Freunde zur F### erholfen hätte, um diesen in
1210 1413 2345 1487 nschüchternen Wesen umzuwandeln. Er, Merklin, zog die
1188 1431 2419 1522 en, Jagisch war die Puppe. Daß es aber anders war, daß „
1162 1498 2349 1561 mlich Anna zuerst den Dichter geliebt, sich aber von ihm weg
1087 1534 2345 1595 und dann ihrem nunmehrigen Gatten zugewendet hatte, das wußte
1101 1559 2361 1655 Merklin nicht. Jetzt erfährt er's von beiden — so war eigentlich
1095 1609 2388 1673 er selber die Puppe. Nicht gerade tief schürfte der Dichter. Di¬*
1104 1638 2340 1722 spottende Ironie blieb er uns schuldig. Das Stückchen ist nichts
1106 1688 2333 1749 mehr und nichts weniger als ein dialogisiertes Wiener Feuilleton
1100 1731 2353 1787 mit einigen immerhin geistreich aufgesetzten Lichterchen. Albert
1116 1766 2343 1834 Bassermann schuf als Merklin ein kleines Kabinettstück.
1106 1807 2344 1862 Leopold Iwold (Jagisch und Irene Triesch (Anna)
1109 1853 2365 1922 wurden ihrem Part mit Glück gerecht. Schüchterner Beifall ver¬
1110 1888 2349 1950 suchte lauteren Widerspruch, wie es schien, vergeblich zu bekämpfen.
1195 1917 2356 1982 Die zweite Novität fiel glatt durch. Georges Rodenbach, ein ver¬
1102 1953 2355 2013 storbener Landsmann und Vorläufer Maeterlincks, hat einmal eine
1103 1993 2352 2089 viel gelesene Novelle „Das tote Brügge“ geschrieben. Aus ihr formte
1121 2037 2354 2107 er das Drama „Trugbild“. Diese Dramatisierung war keine glückliche
1121 2070 2347 2146 Idee. Was in der evischen Dichtung fein und lyrisch ist, verpufft,
1117 2103 2357 2181 zum Bühneneffekt vergröbert, im Licht der Rampe. Ein Mann
1120 2149 2352 2223 trauert um seine jung verstorbene Gattin. Er liebte sie unaus¬
1128 2185 2357 2260 sprechlich, sein ganzes Selbst lebt seit fünf Jahren im steten Ge¬
1122 2223 2362 2301 denken an die Tote. Was sie hinterließ ward ihm heilig: die Bilder
1119 2266 2360 2332 von ihr, die Kleider, der Schmuck, ein abgeschnittener Zopf von ihren
1134 2302 2365 2377 Haaren. Da trifft er eines Tages, als er am Kanal von Brügge
1131 2341 2359 2416 spazieren geht, ein seltsames Weib. Das berückt ihm wie ein Wunder
1129 2380 2358 2458 das Herz, denn diese Lebende gleicht der Verstorbenen so ganz und
1120 2420 2281 2509 gar. Ihm ist gleich, ob jene auch nur eine Dirne ist.
1125 2452 2357 2520 liebt sie ja nicht — dennoch verfällt er ihr, der Toten zuliebe. Als
1128 2510 2365 2571 er die Dirne aber in den Kleidern der Verstorbenen vor sich sieht.
1118 2533 2363 2622 da verblaßt das Idealbild, das er sich vorgestellt. Voll Ekel und
1124 2565 2372 2655 Haß jagt er die Dirne fort. Dennoch treibt ihn geheimnisvolle Macht“
1143 2611 2369 2695 oft in ihres Hauses Nähe. Mehr und mehr entschwindet seinem
1127 2650 2375 2736 Gedächtnis das Bild der toten Frau. Die Dirne hat seine Sinne
1132 2699 2373 2766 gefangen genommen. Ihr ergiebt er sich schließlich ganz und gar. Als
1135 2722 2372 2808 sie aber das Bildnis der Verstorbenen höhnt, als sie sogar den Zopf aus
1096 2765 2390 2862 der Schatulle reißt und sich ihn kolett um den Hals legt, da packt ihn der
1222 3013 2479 3101 Wahnsinn und er würgt das Weib zu Tode. Es ist wahr: manche
1233 3072 2466 3143 echt poetische Stimmung kommt in dem Drama auf. Aber sie wird
1232 3106 2466 3190 stets durch einen gemeinen Auftritt der Phryne grausam vernichtet.
1234 3148 2473 3229 Romantischer Geisterspuk im dritten Akt, an Astartes Geistererscheinen
1226 3194 2461 3272 in Byrons „Manfred“ gemahnend, wechselt mit banalem Kokottenwitz¬
1222 3226 2469 3299 und die Schlußscene ist gruselig effektvoll. Vielleicht wäre dem
1236 3260 2464 3358 Drama eine höhere Wirkung beschieden gewesen, wenn die Darstellung
1227 3309 2465 3378 auf einwandfreier künstlerischer Höhe gestanden hätte. An Stelle
1226 3336 2471 3416 Oskar Sauers wünschte man dach lieber Bassermann als Hugo¬
1230 3373 2481 3456 gesehen zu haben. Dagegen schuf Irene Triesch als Jane
1236 3418 2467 3494 eine Leistung, die zuweilen einfach blendend fascinierte. Die scenische
1230 3456 2471 3535 Ausstattung, besonders das Bild im dritten Aufzuge: Brügge bei Nebel
1236 3495 2476 3579 zeigend, war sehr gut. Schade um soviel Aufwand an Mühe uns
2309 3535 2450 3594 e. k.
1240 3567 1461 3625 Kosten! —
1335 3583 2461 3668 ek. Residenz=Theater. „Das beste Mittels
1245 3621 2490 3702 (Le bon moyen). Schwank in drei Akten von Alexander
1246 3676 2459 3744 Bisson, in völlig freier Bearbeitung von Benno Jacobson. —
1250 3704 2483 3782 Wenn man den fröhlichen Lachern glaubt, so müßte diese neut
1240 3746 2484 3818 Bissonsche Talentgabe besonders gut sein. Dennoch ist sie nich
1238 3787 2432 3853 besser und nicht schlechter als die meisten andren, die wir ke##
1244 3832 2219 3895 Der Schwank baut sich auf dem alten Thema der “
1252 3875 2114 3936 Wann und wo gäbe es einen Mann, der nicht
1242 3914 2084 3982 er liebt, besonders wenn er eine schöne Fra##
1459 3959 1991 4030 Seebade befindet? Da g#¬
