3484 4320
1311 249 1425 318 e1
1646 240 2102 336 box 22/6
338 251 1548 353 17.1. Der PunnensD1
937 1089 1371 1179 elephon 12801.
510 1189 1723 1273 Alex. Weigl’s Unternehmen für Zeitungs-Ausschnitte
2400 1181 2863 1276 Telephon 12801.
1477 1247 1676 1320 Ausschnitt
1419 1284 1484 1341 64
2022 1265 3225 1357 Alex. Weigl's Unternehmen für Zeitungs-Aussohnitte
1300 1270 1426 1374 ER
763 1253 1307 1390 „OBSERVE
1516 1310 1823 1402 Nr. 56
2936 1334 3178 1421 " Ausschnitt
401 1375 1844 1457 I. österr. behördl. conc. Bureau für Zeitungsberichte u. Personalnachrichten
2261 1386 3171 1491 „UBSERVEN Nr.
3204 1397 3335 1476 55
672 1431 1586 1531 Wien M., Concondiaplatz 4.
1909 1465 3349 1555 I. österr. behördl. gonc. Bureau für Zeitungsberichte u. Personalnachrichten
416 1510 1840 1586 Vertretungen in Berlin, Budapest, Chicago, Genf, London, Newyork, Paris, Rom,
773 1550 1475 1618 Stockholm, Kristiania, St. Petersburg.
2086 1530 3093 1637 Mn. I., Concondiaplarz 4.
1919 1601 3357 1676 Vertretungen in Berlin, Budapest, Chicago, Genf, London, Newyerk, Peris, Rom.
2280 1661 2983 1725 Stockholm, Kristiania, St. Petersburg.
391 1672 906 1758 Ausschnitt aus:
1008 1675 1830 1819 Ne Lsit Wien (Tägliche Ausgabe)
1907 1782 2429 1867 Ausschnitt aus:
2543 1741 3256 1865 Bohemia, Prag
413 1818 604 1883 vom:
873 1849 1108 1968 75
1923 1936 2118 2008 vom:
2464 1983 2624 2073 77 2
2344 1958 2464 2087 %
692 2035 1634 2125 h Berliner Theater. Man telegraphirt uns
644 2099 1623 2170 aus Berlin, 12. d.: Das Deutsche Theater
647 2137 1633 2221 brachte heute das Schauspiel „Trugbild“ von
2161 2169 3033 2228 L. Berliner Erstäufführungen. Alls¬
650 2196 1626 2264 Georges Rodenbach in der Uebersetzung
2063 2196 3025 2271 Berlin wird uns vom 12. d. telegraphiert: Das
647 2242 1616 2287 von Siegfried Trebitsch. Dieses Stück, vom
2081 2244 3041 2332 Deutsche Theater führte heute den als epischen
653 2281 1614 2337 Dichter aus seinem Roman „Bruges la morte“
2065 2300 3018 2367 Dichter und Romanschriftsteller schon lange ge¬
652 2334 1629 2372 mit entschiedener dramatischer Befähigung her¬
2818 2341 3029 2398 KnC
655 2379 1619 2428 vorgeholt, vermochte sein zartes, krankes, aber
2086 2379 3042 2449 schätzten Georges Rodenbach, einen der Väter des
659 2419 1613 2472 echtes Gefühl gegen den Rationalismus des
2084 2439 3035 2498 belgischen Symbolismus, als Bühnendichter bei
654 2457 1624 2506 Publicums nicht durchzusetzen und wurde trotz
2083 2475 3035 2534 uns ein. Bereits im Jahre 1892 ist sein Roman
654 2497 1624 2553 Sauer's ergreifendem Spiele heftig abgelehnt.
2079 2518 3035 2575 „Bruges la morte“ „Das tote Brügge“ er¬
646 2546 1642 2598 Vorher hatte Arthur Schnitzler's Studie
2081 2562 3033 2621 schienen, in dem sich seine tief melancholische
658 2588 1628 2660 „Der Puppenspieler“ besseres, wenn auch nicht
2082 2597 3044 2664 Eigenart scharf ausprägt. Aus diesem Romau hat
389 2612 495 2691 Für
508 2626 924 2703 50 Ze gutes Glück.
2072 2643 3044 2707 er dann später ein Drama gemacht, das sein
487 2666 597 2715 100
1461 2639 1801 2732 28.— Inelustva
2079 2689 3014 2737 deutscher Uebersetzer Trebitsch „Trugbild“
492 2707 601 2755 200
1455 2705 1774 2764 50.—1 Porta.
1398 2698 1449 2772 7
2080 2731 3111 2789 genannt hat und das heute seine erste Aufführung 15.—
1933 2737 2044 2803 Für
483 2739 603 2790 500
1436 2739 1779 2806 110.— Zahlber
1129 2775 1166 2809 „
1246 2770 1310 2810 „
2043 2740 3357 2830 1 im Deutschen Theater erlebte. Ein trauernder 28.— Inelusin
438 2779 595 2841 " 1000
1431 2780 1818 2859 200.— im Voraus.
996 2803 1048 2849 n
1133 2805 1180 2844 „
2043 2811 3129 2878 2 Witwer, der mit dem Andenken an seine verstor= 50.—
3147 2817 3347 2870 Zahlbar
3014 2837 3119 2891 10.—
510 2828 1833 2890 Im Gegensatze zu anderen Bureaux für Zeitungsausschnitte ist das
2077 2860 3381 2906 bene Gattin überschwenglichen Kultus treibt, 00.— im Voraus.
387 2876 1832 2930 Abonnement durch keine bestimmte Zeitdauer begrenzt; — auch steht es den
2023 2899 3011 2945 10 glaubt deren Ebenbild in einer Dirne zu er¬
400 2919 1709 2973 Abonnenten frei die aufgegebenen Themen zu ergänzen oder zu ändern.
2077 2906 3374 2986 kennen, die er dann schließlich ermordet. Das isschnitte ist das
1933 2961 3371 3054 Abonne Publikum lehnte das technisch unbeholfene Stück #uch sicht es den
508 2990 1829 3057 Der „OBSERVER“ veranstaltet täglich einen Auszug enthaltend die
1941 3028 2095 3091 Abonn
2094 3006 3264 3089 sehr deutlich ab. Voranging „Der Puppen= # ändern.
378 3052 1821 3099 Inhaltsangabe aller wichtigen Mittheilungen der Wiener Morgen¬
2085 3074 3022 3136 spieler“ eine gedankenreiche Charakterstudie
389 3073 1822 3142 blätter (Tagesjournale ausser „Neue Freie Presse“ und „Wiener Zeitung“)
2078 3094 3373 3165 von Arthur Schnitzler, die eine ganz freund= ig enthaltend die
387 3114 1837 3189 wodurch eine Uebersicht über das gesammte politische und wirthschaftliche
3030 3127 3370 3181 ner Morgen¬
377 3161 1812 3225 Leben des In- und Auslandes in drastischer Kürze geboten wird. Diese Mit¬
1948 3157 3378 3230 Inhaltt liche Aufnahme fand, ohne tieferen Eindruck zu Wiener Zeitung")
1947 3189 2101 3239 blät
378 3205 1406 3263 theilungen werden in Wien um 9 Uhr Früh verschickt.
2105 3201 2366 3255 hinterlassen.
2627 3205 3376 3269 Sreemmeenponclecne-und wirthschaftliche
1958 3230 2279 3276 wodur
2323 3237 2440 3275 —
1958 3250 3367 3312 Leben des In- und Auslandes in drastischer Kürze geboten wird. Diese Mit¬
1954 3309 2972 3354 theilungen werden in Wien um 9 Uhr Früh verschickt.
707 3289 1498 3359 Pnospecte gnatis und fnanco.
2283 3383 3041 3444 Pnospecte gnetis und fnanco.
