3484 4320
1576 259 2069 354 box 22/6
290 274 1493 378 17.1. Der Puppenspieler
834 1457 3262 1547 typisch interessant, nicht zu einer allgemeinen Angelegenheit ge= in der Abrundung und Zuspitzung seines bizarren Vorwurfs, in der
855 1534 3244 1595 worden. Ausnahmefälle von Malheur aber gibt es schließlich in Sparsamkeit und Sicherheit seiner Diktion; ist er reich an blühen
193 1493 778 1627 und Musik.
858 1567 3247 1627 noch raffinierterer Form. Sie lassen uns kalt und verschlossen, dem Detail, an feingeprägten Witzworten. Kein größerer Gegensatz
871 1604 3242 1668 weil die Charakteristik an ihrer Singularität erkalten muß. Die als zwischen seiner bescheidenen, aber ausgefüllten Kunstform und
179 1604 866 1692 ist der erste Premièrenabend der neuen
875 1651 3252 1720 allegorische Bedeutung scheint durch hohle, menschenunähnliche der leeren, geräuschvollen Monstrosität, durch die dem Deutschen
186 1676 874 1738 Blamage gediehen. Denn das ist es
2053 1703 3256 1749 Theater der erste Premièrenabend der neuen Spielzeit zu einer
876 1700 2068 1754 Puppen; sogar die Natursymbolik wirkt im Drama konstruiert, weil
175 1714 868 1777 einfacher menschlicher Irrtum, einem
2061 1744 2560 1809 schweren Blamage gedieh.
3049 1736 3223 1799 S. J.
868 1745 2051 1793 nur ihre äußeren Zeichen sichtbar werden und nicht ihr innerstes
170 1744 864 1820 bachs „Trugbild“ Bühnenmöglichkeit
878 1789 2052 1837 Wesen. So wird alles verschoben, alles verfälscht, alles ver¬
2130 1767 3262 1838 Lessingtheater. Am Sonnabend war zu sehen eine szenische
183 1788 867 1853 kkeit zuzutrauen. Noch schlimmer wäre
2059 1820 3260 1877 Verunstaltung von Leo Tolstois großem Roman „Auferstehung!
878 1823 2058 1883 künstelt. Die Fehler der bedenklich gewalttätigen Handlung
183 1852 861 1897 ß Herr Brahm sein eignes Urteil einer
2062 1864 3256 1910 ausgeführt von dem Franzosen A. Bataille, 5 Bilder mit alleß
873 1858 2050 1927 schwellen im Rampenlicht an; die Menschen erhalten einen kräftigen
177 1894 867 1942 „belgischer Symbolismus“) geopfert
2060 1905 3264 1959 Rührungseffekten eines Kolportageromans, mit einer echten
865 1917 2050 1980 Stich ins Ridicule und das Ganze wird statt eines Mysteriums ein
174 1938 865 1989 von Björnsons „Auf Storhove“ freilich
2050 1934 3247 1984 Marlittpsychologie, mit allem Ungeschmack und Ungeschick eines Vor
877 1962 1894 2028 Hokuspokus, der nach Gebühr ausgelacht worden ist.
174 1981 873 2038 ge Jahre nicht gekannt hatte, um nach
2044 1981 2984 2039 stadtdematikers. — „Wie? — sagt Hr. Bataille
2970 1981 3259 2039 — so sprecheß
2061 2020 3259 2068 Sie einem großen Werke des großen Tolstoi?“ Nein, Herr
175 2022 877 2070 isere Kraft“ der wagemutigeren Kon¬
947 2000 2063 2078 Die Darsteller standen in erstaunlich prächtigen Interieurs
2060 2051 3257 2115 Bataille, so spreche ich von Ihrem Werke, und dies Stück ist durch¬
164 2063 867 2124 ng wegzukapern — danach freilich darf
870 2069 2055 2120 auf verlorenen Posten. Aber einer von ihnen rettete wenigstens,
2049 2097 3265 2154 aus Ihr Werk! Allerdings glaube ich Ihnen, daß Sie keine
171 2114 870 2159 sacrifizio dell intelletto von ihm ver¬
874 2115 2054 2162 was zu retten war. Während Fräulein Trieschs kühle Virtuosität
2053 2137 3274 2188 Ahnung davon haben, daß die Seele eines Kunstwerks in seiner
867 2153 2047 2206 niemandem warm machte, kämpfte Oscar Sauers edle, stille, ernste,
173 2151 866 2202 ch nicht zu arg. Er glaube doch nicht,
2054 2171 3266 2228 Form wohnt, und daß ein beliebiger Tatsachen=Stoff aufhört, ein
171 2195 865 2243 n Deutschen Theater nicht angerechnet
873 2200 2053 2254 unendlich delikate Künstlerschaft mit allen Kräften darum, einem
2059 2214 3272 2282 Kunstwerk von Tolstoi zu sein, wenn Herr Bataille ihn in seinen
169 2241 875 2294 use alles wieder gut machen läßt. Er
871 2235 2047 2286 Monomanen die pittoreske Seelenzerklüftung zu geben, die ihn
2059 2252 3263 2308 Szenenbildern formt. — Freilich muß trotzdem zugegeben werden,
171 2275 876 2344 dahin sein längst erschüttertes Ansehen
870 2269 2061 2338 interessant machen konnte. Zum vollen Gelingen fehlte ihm am
2054 2287 3276 2359 daß Batailles mit normaler Handwerkergeschicklichkeit gezimmertes
872 2321 2057 2372 Ende doch die dichterische Unterlage. Da war Bassermann besser
167 2314 870 2386 ; daß er dicht auf den Fersen junge
2055 2331 3268 2385 Werk einen kunstähnlichen Eindruck machen könnte, wenn künstlen
2058 2364 3271 2430 rische Schauspieler auf den Plan träten, die Tolstoi näher ständen
868 2370 2048 2424 dran, dem Arthur Schnitzler das Material zu einer bestimmten,
158 2365 872 2431 en schön und nachahmenswert, deren
2053 2408 3265 2456 als Bataille. Im Lessingtheater aber waren die zwei Rollen, mit
167 2408 861 2482 F noch schöner, wenn auch nicht so ohne
872 2416 2061 2485 runden, originellen und intimen Menschenschöpfung geliefert hatte.
2055 2443 3265 2507 denen alles steht und fällt, der Fürst und die Dirne, einem bös¬
939 2447 2056 2505 Sein „Puppenspieler“ ist am Morgen des Lebens ausgezogen
175 2454 880 2514 Diese Rivalen hätten für Rodenbachs
2048 2486 3267 2553 artigen Dilettanten und einer gutartigen Dilettantin anvertraut
872 2483 2052 2558 wie Ulrik Brendel, mit der Fähigkeit, „wahrscheinlich“ „nächstens“
189 2499 862 2547 Der kluge Kritiker Brahm hätte die
2105 2523 3261 2570 ofenbar zwei Neuerwerbungen des sinnigen Herrn Neumann¬
865 2542 2056 2593 ein epochemachendes Werk herauszugeben. Es hat auch bei ihm
168 2545 859 2597 keit mit einer seiner Lieblingsbezeich¬
2058 2562 3267 2621 Hofer, der auch fast alle wichtigeren Nebenrollen von seinen er¬
166 2591 878 2639 ich“ genannt. Und hätte Recht gehal
863 2586 2060 2646 nicht gereicht, und er hat bald resigniert, um eine Erklärung für
2058 2605 3276 2654 probten Talentlosigkeiten spielen ließ, die beiden wirklichen Men¬
863 2627 2054 2678 seine Impotenz nicht verlegen. „Weshalb sollte ich auch meine
159 2619 868 2683 Wege vom Buch auf die Bühne allen
2065 2642 3254 2687 schendarsteller, die er besitzt, aber so beschäftigte: Adolf Klein durfte
869 2662 2055 2721 Ideale profanieren, wenn ich sie in Reinheit und für mich genießen
175 2675 868 2726 gebüßt. Dort liegt das Hauptgewicht
2059 2684 3254 2738 als ein Advokat Bataillescher Erfindung statieren, und Friedrich
876 2711 2056 2768 konnte?“ So hat er sich begnügt, die Alltäglichkeit zu dekorieren.
173 2719 861 2763 kuber des toten Brügge, der Stadt, die
2063 2718 3255 2779 Kayßler, dessen starke reine Kunst dem Batailleschen Fürsten
2057 2753 3255 2808 vielleicht einen Hauch Tolstoischen Geistes hätte leihen können
875 2757 2064 2814 Er ist im Leben und zwischen den Menschen stehen geblieben: aber
167 2755 867 2812 Pianes Leben wird, „die ihren Einfluß
2064 2793 3256 2854 hatte die denkbar winzigste Episodenrolle erhalten, was freilich
878 2812 2054 2855 als der heimliche Herr; alle anderen sind seine Objekte, Akkumula¬
168 2803 867 2854 kfiehlt, und der er die Gründe zu allen
2054 2831 3257 2884 nicht verhindern konnte, daß er mit seinen wenigen Sätzen seine
864 2843 2056 2899 toren von Stimmungen, Instrumente zur Beleuchtung, zur Erheite¬
205 2843 857 2898 Hieratisch traurige Geberden und
2070 2873 3193 2921 Mitspieler überragte — nun, etwa so wie Tolstoi Baiaille.:
865 2886 2054 2938 rung, zur Verstimmung oder zur Rührung — seine Puppen. So
170 2892 866 2940 sind die Wahrzeichen dieses seltsamen
3107 2883 3270 2981 au 1
868 2934 2063 2983 denkt er. In einem Falle aber erweist sich, daß er geschoben wurde,
165 2926 867 2986 chlag verstummt ist und dessen Toten¬
865 2976 2059 3024 wo er zu schieben glaubte. Das sicht diesen Don Quixote nicht an.
168 2977 871 3031 s behagt. Eine umfangreiche Novelle
865 3010 2075 3082 Er zieht weiter seine Straße, um keine Illusion ärmer. Uns bleibt
159 3018 870 3076 tille und Totentrauer, überzeugend zu
863 3048 2079 3112 das bittere Gefühl, das Schnitzler erwecken wollte: der Unmöglich¬
170 3062 867 3114 gesponnen zwischen Dämmerungen und
866 3102 2066 3156 keit, das menschliche Handeln zuverlässig zu beurteilen, da niemand
180 3108 861 3157 nglaubhaft und vollkommen poetisch.
865 3136 2071 3205 die geheimen Motive noch die Tragweite einer Tat kennt. „Es
162 3151 876 3205 ande Ebenbild seiner unsäglich beklagten
865 3194 2075 3248 fallen die leidenden Menschen, blindlings von einer Stunde zur
165 3186 877 3243 nden und deren Sklave werden. Wenn
156 3229 2074 3289 ch werden soll, dann muß sie das Ein= andern, wie Wasser von Klippe zu Klippe geworfen, jahrlang ins
168 3271 2068 3334 he“ zu erheben trachten; dann muß sie Ungewisse hinab“, könnte man der Studie als Motto geben, wärc sie
171 3310 2074 3367 darstellen, der fähig ist, es allen mit= nicht zu anspruchslos und zu fragmentarisch für das herrliche Höl¬
173 3359 2085 3435 hier. Hugos Sonderschicksal ist nicht derlin=Wort. Doch bei aller Abruptheit ist Schnitzler wieder Meister!
