<?xml version="1.0" encoding="UTF-8" standalone="yes"?>
<PcGts xmlns="http://schema.primaresearch.org/PAGE/gts/pagecontent/2013-07-15" xmlns:xsi="http://www.w3.org/2001/XMLSchema-instance" xsi:schemaLocation="http://schema.primaresearch.org/PAGE/gts/pagecontent/2013-07-15 http://schema.primaresearch.org/PAGE/gts/pagecontent/2013-07-15/pagecontent.xsd">
    <Metadata>
        <Creator>prov=University of Rostock/Institute of Mathematics/CITlab/Gundram Leifert/gundram.leifert@uni-rostock.de:name=ONB_Newseye_GT_M1+(htr_id=10810)::::v=2.4.2
prov=University of Rostock/Institute of Mathematics/CITlab/Tobias Gruening/tobias.gruening@uni-rostock.de:name=de.uros.citlab.module.baseline2polygon.B2PSeamMultiOriented:v=2.4.2
prov=University of Rostock/Institute of Mathematics/CITlab/Tobias Gruening/tobias.gruening@uni-rostock.de:name=/mnt/transkribus/LA/DEA/URO/LA_news_onb_att.pb:de.uros.citlab.segmentation.CITlab_LA_ML:v=2.4.2
Transkribus</Creator>
        <Created>2019-10-07T11:33:16.324+02:00</Created>
        <LastChange>2019-10-08T08:22:58.414+02:00</LastChange>
        <TranskribusMetadata docId="223974" pageId="9499609" pageNr="31" tsid="16507326" status="IN_PROGRESS" userId="40391" imgUrl="https://files.transkribus.eu/Get?id=OFAJMEOLLKOZFOVCZJDIMDBW&amp;fileType=view" xmlUrl="https://files.transkribus.eu/Get?id=KWRYGHMTEDCUSUHXWAVPXYWH" imageId="6189831"/>
    </Metadata>
    <Page imageFilename="223974_0031.jpeg" imageWidth="3436" imageHeight="4320">
        <ReadingOrder>
            <OrderedGroup id="ro_1711450131039" caption="Regions reading order">
                <RegionRefIndexed index="0" regionRef="r1"/>
                <RegionRefIndexed index="1" regionRef="r2"/>
                <RegionRefIndexed index="2" regionRef="r3"/>
                <RegionRefIndexed index="3" regionRef="r4"/>
                <RegionRefIndexed index="4" regionRef="r5"/>
            </OrderedGroup>
        </ReadingOrder>
        <TextRegion orientation="0.0" id="r1" custom="readingOrder {index:0;}">
            <Coords points="12,2914 12,2988 50,2988 50,2914"/>
            <TextLine id="r1l1" custom="readingOrder {index:0;}">
                <Coords points="0,2941 68,2945 68,2805 45,2805 34,2816 30,2812 0,2812"/>
                <Baseline points="19,2934 49,2934"/>
                <TextEquiv>
                    <Unicode></Unicode>
                </TextEquiv>
            </TextLine>
            <TextLine id="r1l2" custom="readingOrder {index:1;}">
                <Coords points="-7,2984 35,2986 43,2993 50,2985 69,2984 66,2935 43,2936 40,2940 28,2941 17,2941 13,2938 -10,2939"/>
                <Baseline points="12,2978 50,2976"/>
                <TextEquiv>
                    <Unicode>sle</Unicode>
                </TextEquiv>
            </TextLine>
            <TextEquiv>
                <Unicode>
sle</Unicode>
            </TextEquiv>
        </TextRegion>
        <TextRegion orientation="0.0" id="r2" custom="readingOrder {index:1;}">
            <Coords points="0,1818 0,1936 66,1936 66,1818"/>
            <TextLine id="r2l1" custom="readingOrder {index:0;}">
                <Coords points="-5,1851 14,1850 18,1853 22,1849 41,1848 44,1844 71,1842 68,1808 45,1810 37,1803 26,1803 19,1812 11,1808 -8,1810"/>
                <Baseline points="12,1842 53,1839"/>
                <TextEquiv>
                    <Unicode>na.</Unicode>
                </TextEquiv>
            </TextLine>
            <TextLine id="r2l2" custom="readingOrder {index:1;}">
                <Coords points="-20,1896 17,1890 29,1897 56,1895 64,1902 86,1901 82,1825 40,1824 8,1853 4,1849 0,1853 -23,1854"/>
                <Baseline points="0,1886 33,1882 66,1882"/>
                <TextEquiv>
                    <Unicode>m</Unicode>
                </TextEquiv>
            </TextLine>
            <TextLine id="r2l3" custom="readingOrder {index:2;}">
                <Coords points="-8,1937 49,1937 61,1944 80,1944 80,1876 57,1876 49,1884 38,1880 34,1884 27,1880 23,1884 -8,1884"/>
                <Baseline points="11,1926 60,1926"/>
                <TextEquiv>
                    <Unicode>un</Unicode>
                </TextEquiv>
            </TextLine>
            <TextEquiv>
                <Unicode>na.
m
un</Unicode>
            </TextEquiv>
        </TextRegion>
        <TextRegion orientation="0.0" id="r3" custom="readingOrder {index:2;}">
            <Coords points="38,3213 38,3293 54,3293 54,3213"/>
            <TextLine id="r3l1" custom="readingOrder {index:0;}">
                <Coords points="20,3245 72,3253 82,3190 63,3187 46,3199 27,3196"/>
                <Baseline points="40,3234 54,3236"/>
                <TextEquiv>
                    <Unicode>4</Unicode>
                </TextEquiv>
            </TextLine>
            <TextLine id="r3l2" custom="readingOrder {index:1;}">
                <Coords points="16,3284 41,3291 46,3301 65,3306 83,3240 65,3235 51,3243 29,3237"/>
                <Baseline points="38,3278 52,3282"/>
                <TextEquiv>
                    <Unicode>n</Unicode>
                </TextEquiv>
            </TextLine>
            <TextEquiv>
                <Unicode>4
n</Unicode>
            </TextEquiv>
        </TextRegion>
        <TextRegion orientation="0.0" id="r4" custom="readingOrder {index:3;}">
            <Coords points="40,2083 40,2235 56,2235 56,2083"/>
            <TextLine id="r4l1" custom="readingOrder {index:0;}">
                <Coords points="21,2191 73,2198 81,2142 62,2139 58,2143 54,2142 48,2134 29,2131"/>
                <Baseline points="40,2183 56,2185"/>
                <TextEquiv>
                    <Unicode>e</Unicode>
                </TextEquiv>
            </TextLine>
            <TextEquiv>
                <Unicode>e</Unicode>
            </TextEquiv>
        </TextRegion>
        <TextRegion orientation="0.0" id="r5" custom="readingOrder {index:4;}">
            <Coords points="205,284 205,3205 3264,3205 3264,284"/>
            <TextLine id="r5l1" custom="readingOrder {index:0;}">
                <Coords points="1250,316 1272,316 1287,304 1299,312 1337,311 1352,296 1371,296 1370,258 1351,258 1348,254 1336,262 1321,247 1317,251 1310,243 1294,243 1291,247 1283,243 1276,251 1272,247 1249,248"/>
                <Baseline points="1270,308 1296,305 1323,304 1350,308"/>
                <TextEquiv>
                    <Unicode>1e</Unicode>
                </TextEquiv>
            </TextLine>
            <TextLine id="r5l2" custom="readingOrder {index:1;}">
                <Coords points="294,328 1966,350 2094,311 2094,258 294,271"/>
                <Baseline points="313,310 401,315 489,319 577,323 665,325 753,327 841,328 930,328 1018,328 1106,327 1194,325 1282,324 1370,322 1458,320 1547,318 1635,316 1723,314 1811,312 1899,310 1987,309 2076,308"/>
                <TextEquiv>
                    <Unicode>17.1. Der Punpenspisler box 22/6</Unicode>
                </TextEquiv>
            </TextLine>
            <TextLine id="r5l3" custom="readingOrder {index:2;}">
                <Coords points="211,1231 3240,1220 3266,1148 211,1182"/>
                <Baseline points="229,1223 379,1218 530,1215 681,1212 832,1209 983,1208 1134,1206 1285,1206 1436,1205 1587,1205 1738,1206 1888,1206 2039,1206 2190,1207 2341,1208 2492,1208 2643,1208 2794,1208 2945,1208 3096,1208 3247,1207"/>
                <TextEquiv>
                    <Unicode>Bahrplansefrsehung wurde z. B.ssern. un zene Schifsoräumte heran, die auf dese Wohe alltromhirten konnte, so wenig wäre es möglich, solche Anstalten</Unicode>
                </TextEquiv>
            </TextLine>
            <TextLine id="r5l4" custom="readingOrder {index:3;}">
                <Coords points="846,1256 3261,1246 846,1207"/>
                <Baseline points="865,1245 983,1246 1102,1246 1221,1247 1340,1248 1459,1248 1577,1249 1696,1250 1815,1250 1934,1251 2053,1251 2171,1252 2290,1252 2409,1252 2528,1252 2647,1252 2765,1252 2884,1251 3003,1250 3122,1249 3241,1248"/>
                <TextEquiv>
                    <Unicode>deutscher Flagge zu vielseitiger Interessengemeinschaft kon=in allen Regierungsbezirken oder auch nur in den meisten der¬</Unicode>
                </TextEquiv>
            </TextLine>
            <TextLine id="r5l5" custom="readingOrder {index:4;}">
                <Coords points="209,1307 334,1296 406,1307 437,1292 657,1300 657,1227 539,1250 482,1228 441,1250 418,1228 387,1228 274,1262 209,1247"/>
                <Baseline points="228,1290 253,1291 279,1291 304,1291 330,1292 356,1292 381,1292 407,1292 433,1292 458,1291 484,1291 509,1291 535,1291 561,1291 586,1291 612,1291 638,1291"/>
                <TextEquiv>
                    <Unicode>er u. Sohn in Berlin.</Unicode>
                </TextEquiv>
            </TextLine>
            <TextLine id="r5l6" custom="readingOrder {index:5;}">
                <Coords points="846,1294 3018,1299 2919,1246 846,1241"/>
                <Baseline points="865,1288 971,1289 1078,1290 1185,1291 1292,1292 1398,1292 1505,1293 1612,1293 1719,1294 1825,1294 1932,1294 2039,1294 2146,1294 2252,1294 2359,1294 2466,1294 2573,1294 2679,1294 2786,1294 2893,1294 3000,1295"/>
                <TextEquiv>
                    <Unicode>zentrirt ist. Von so starken Verbindungen, die eine gegeneselben zu errichten.“ Weiter schreibt Dr. Lesse:</Unicode>
                </TextEquiv>
            </TextLine>
            <TextLine id="r5l7" custom="readingOrder {index:6;}">
                <Coords points="925,1390 3263,1404 925,1356"/>
                <Baseline points="945,1396 1066,1396 1187,1397 1308,1398 1429,1398 1550,1399 1671,1400 1792,1400 1913,1401 2034,1401 2155,1402 2276,1402 2397,1402 2518,1403 2639,1403 2760,1403 2881,1402 3002,1402 3123,1401 3244,1401"/>
                <TextEquiv>
                    <Unicode>Nur Edmond de Goncourt erkannte mit dem scharf aus paar Mal wird der Name der Stadt erwähnt, aber daraus er¬</Unicode>
                </TextEquiv>
            </TextLine>
            <TextLine id="r5l8" custom="readingOrder {index:7;}">
                <Coords points="211,1428 260,1448 271,1437 328,1434 343,1449 362,1438 388,1446 400,1435 445,1447 506,1429 507,1376 484,1375 462,1356 439,1371 416,1355 371,1370 356,1358 212,1364"/>
                <Baseline points="231,1424 256,1423 282,1423 308,1424 334,1424 360,1424 386,1425 412,1425 438,1426 464,1426 490,1427"/>
                <TextEquiv>
                    <Unicode>leton.</Unicode>
                </TextEquiv>
            </TextLine>
            <TextLine id="r5l9" custom="readingOrder {index:8;}">
                <Coords points="842,1461 2054,1460 2054,1404 1941,1396 842,1382"/>
                <Baseline points="862,1442 920,1442 979,1442 1038,1442 1096,1442 1155,1442 1214,1442 1272,1442 1331,1442 1390,1442 1449,1442 1507,1442 1566,1443 1625,1443 1683,1443 1742,1443 1801,1444 1859,1444 1918,1444 1977,1445 2036,1445"/>
                <TextEquiv>
                    <Unicode>gebildeten Spürsinn für das Originelle und Persönliche, der</Unicode>
                </TextEquiv>
            </TextLine>
            <TextLine id="r5l10" custom="readingOrder {index:9;}">
                <Coords points="2040,1453 3196,1459 3272,1455 3272,1399 2040,1404"/>
                <Baseline points="2059,1446 2118,1445 2178,1445 2238,1444 2298,1445 2357,1445 2417,1445 2477,1446 2537,1446 2596,1447 2656,1448 2716,1448 2776,1449 2835,1449 2895,1450 2955,1450 3015,1450 3074,1449 3134,1449 3194,1448 3254,1446"/>
                <TextEquiv>
                    <Unicode>giebt sich kein deutliches Bild für die Zuschauer, die ohne eine</Unicode>
                </TextEquiv>
            </TextLine>
            <TextLine id="r5l11" custom="readingOrder {index:10;}">
                <Coords points="843,1494 1999,1500 2052,1496 2052,1443 843,1456"/>
                <Baseline points="861,1486 919,1486 978,1486 1036,1486 1095,1486 1153,1486 1212,1486 1270,1486 1329,1486 1387,1487 1446,1487 1505,1487 1563,1487 1622,1487 1680,1487 1739,1487 1797,1487 1856,1487 1914,1487 1973,1487 2032,1487"/>
                <TextEquiv>
                    <Unicode>ihn auszeichnete, in Rodenbach den Dichter und Künstler.</Unicode>
                </TextEquiv>
            </TextLine>
            <TextLine id="r5l12" custom="readingOrder {index:11;}">
                <Coords points="2042,1489 3270,1503 3248,1450 2043,1448"/>
                <Baseline points="2060,1484 2119,1485 2179,1486 2238,1487 2298,1488 2357,1488 2417,1489 2476,1490 2536,1490 2595,1491 2655,1491 2715,1492 2774,1492 2834,1492 2893,1492 2953,1492 3012,1492 3072,1492 3131,1491 3191,1490 3251,1490"/>
                <TextEquiv>
                    <Unicode>bestimmte Anschauung ins Theater kommen. So hängt das</Unicode>
                </TextEquiv>
            </TextLine>
            <TextLine id="r5l13" custom="readingOrder {index:12;}">
                <Coords points="841,1541 2054,1544 2054,1472 841,1484"/>
                <Baseline points="860,1527 918,1527 977,1528 1036,1528 1095,1528 1153,1528 1212,1528 1271,1528 1330,1529 1388,1529 1447,1529 1506,1529 1565,1529 1623,1529 1682,1529 1741,1529 1800,1530 1858,1530 1917,1530 1976,1530 2035,1531"/>
                <TextEquiv>
                    <Unicode>Je weniger er der Welt galt, desto bedeutender erschien er</Unicode>
                </TextEquiv>
            </TextLine>
            <TextLine id="r5l14" custom="readingOrder {index:13;}">
                <Coords points="198,1542 251,1546 270,1534 289,1546 391,1538 417,1549 444,1534 478,1534 478,1492 451,1496 444,1488 436,1496 360,1473 334,1481 315,1473 307,1481 269,1477 217,1508 198,1508"/>
                <Baseline points="217,1533 243,1531 270,1530 297,1530 324,1530 351,1531 378,1532 405,1531 432,1531 459,1528"/>
                <TextEquiv>
                    <Unicode># Theater.</Unicode>
                </TextEquiv>
            </TextLine>
            <TextLine id="r5l15" custom="readingOrder {index:14;}">
                <Coords points="2053,1531 3269,1546 3269,1486 2053,1489"/>
                <Baseline points="2070,1529 2129,1530 2188,1531 2247,1532 2306,1532 2365,1533 2424,1534 2483,1534 2542,1534 2601,1535 2660,1535 2719,1535 2778,1535 2837,1535 2896,1535 2955,1535 3014,1535 3073,1535 3132,1534 3191,1534 3251,1533"/>
                <TextEquiv>
                    <Unicode>Thema des Stückes gewissermaßen in der Luft, wenn die</Unicode>
                </TextEquiv>
            </TextLine>
            <TextLine id="r5l16" custom="readingOrder {index:15;}">
                <Coords points="846,1578 2070,1592 2070,1520 1233,1545 846,1510"/>
                <Baseline points="866,1569 925,1571 984,1572 1043,1573 1103,1573 1162,1574 1221,1574 1281,1574 1340,1574 1399,1574 1459,1573 1518,1573 1577,1573 1636,1573 1696,1573 1755,1573 1814,1573 1874,1573 1933,1574 1992,1575 2052,1576"/>
                <TextEquiv>
                    <Unicode>dem Verfasser des „Journal“, in dessen literarischen Tage¬</Unicode>
                </TextEquiv>
            </TextLine>
            <TextLine id="r5l17" custom="readingOrder {index:16;}">
                <Coords points="2046,1580 3278,1601 3278,1544 3168,1532 2046,1534"/>
                <Baseline points="2066,1572 2125,1574 2185,1575 2244,1577 2304,1578 2364,1579 2423,1580 2483,1580 2542,1581 2602,1581 2662,1582 2721,1582 2781,1582 2840,1582 2900,1582 2960,1582 3019,1581 3079,1581 3138,1580 3198,1580 3258,1579"/>
                <TextEquiv>
                    <Unicode>Inscenirung nicht liebevoll nachhilft und immer wieder diese</Unicode>
                </TextEquiv>
            </TextLine>
            <TextLine id="r5l18" custom="readingOrder {index:17;}">
                <Coords points="207,1593 427,1583 575,1605 597,1585 848,1586 847,1533 733,1516 711,1539 653,1520 601,1540 555,1525 419,1549 206,1544"/>
                <Baseline points="225,1584 255,1584 285,1584 315,1584 345,1584 376,1584 406,1583 436,1583 466,1583 496,1583 527,1582 557,1582 587,1582 617,1582 647,1581 678,1580 708,1580 738,1579 768,1579 798,1578 829,1577"/>
                <TextEquiv>
                    <Unicode>ien todten Dichter und eine todte</Unicode>
                </TextEquiv>
            </TextLine>
            <TextLine id="r5l19" custom="readingOrder {index:18;}">
                <Coords points="852,1617 2057,1628 2057,1579 1989,1567 852,1572"/>
                <Baseline points="869,1614 927,1614 986,1614 1044,1614 1103,1614 1161,1614 1220,1614 1278,1614 1337,1614 1395,1615 1454,1615 1512,1615 1571,1615 1629,1615 1688,1615 1746,1616 1805,1616 1863,1616 1922,1617 1980,1617 2039,1618"/>
                <TextEquiv>
                    <Unicode>buchaufzeichnungen Rodenbach wiederholt auftaucht wie ein</Unicode>
                </TextEquiv>
            </TextLine>
            <TextLine id="r5l20" custom="readingOrder {index:19;}">
                <Coords points="2047,1636 2104,1626 2134,1638 2173,1620 2233,1633 2279,1619 2324,1631 2457,1623 2457,1596 2405,1580 2048,1579"/>
                <Baseline points="2066,1613 2092,1614 2119,1615 2145,1615 2172,1616 2199,1616 2225,1617 2252,1618 2279,1618 2305,1619 2332,1620 2359,1620 2385,1621 2412,1621 2439,1622"/>
                <TextEquiv>
                    <Unicode>Stimmung betont.</Unicode>
                </TextEquiv>
            </TextLine>
            <TextLine id="r5l21" custom="readingOrder {index:20;}">
                <Coords points="202,1632 525,1641 578,1614 623,1636 854,1627 854,1581 619,1595 202,1575"/>
                <Baseline points="221,1627 251,1628 282,1628 313,1628 344,1628 375,1629 405,1629 436,1629 467,1629 498,1629 529,1629 559,1629 590,1628 621,1628 652,1627 683,1627 713,1626 744,1625 775,1624 806,1623 837,1621"/>
                <TextEquiv>
                    <Unicode>Deutschen Theater bei der Auf¬</Unicode>
                </TextEquiv>
            </TextLine>
            <TextLine id="r5l22" custom="readingOrder {index:21;}">
                <Coords points="853,1664 2054,1670 2054,1628 1967,1609 853,1619"/>
                <Baseline points="871,1659 929,1658 987,1658 1045,1658 1103,1658 1162,1658 1220,1658 1278,1659 1336,1659 1394,1659 1453,1660 1511,1660 1569,1661 1627,1661 1685,1662 1744,1662 1802,1662 1860,1662 1918,1662 1976,1662 2035,1662"/>
                <TextEquiv>
                    <Unicode>still grüßender, vertrauter Freund, der voll Wehmuth über</Unicode>
                </TextEquiv>
            </TextLine>
            <TextLine id="r5l23" custom="readingOrder {index:22;}">
                <Coords points="2127,1654 2570,1688 3272,1673 3272,1616 3143,1608 2128,1609"/>
                <Baseline points="2146,1657 2201,1659 2256,1661 2311,1662 2367,1664 2422,1665 2477,1666 2533,1667 2588,1668 2643,1669 2699,1669 2754,1670 2809,1670 2864,1670 2920,1670 2975,1669 3030,1668 3086,1667 3141,1666 3196,1665 3252,1663"/>
                <TextEquiv>
                    <Unicode>Die Sehnsucht nach einer geliebten, zu früh verstorbenen</Unicode>
                </TextEquiv>
            </TextLine>
            <TextLine id="r5l24" custom="readingOrder {index:23;}">
                <Coords points="214,1699 407,1670 577,1690 740,1665 861,1678 861,1633 622,1636 580,1614 448,1639 213,1631"/>
                <Baseline points="231,1670 261,1671 292,1671 322,1672 353,1672 384,1672 414,1672 445,1672 476,1672 506,1671 537,1670 568,1670 598,1669 629,1668 660,1667 690,1667 721,1666 752,1665 782,1665 813,1664 844,1664"/>
                <TextEquiv>
                    <Unicode>auspiels „Trugbild“ von</Unicode>
                </TextEquiv>
            </TextLine>
            <TextLine id="r5l25" custom="readingOrder {index:24;}">
                <Coords points="848,1698 2057,1707 2057,1665 1947,1661 848,1664"/>
                <Baseline points="868,1699 926,1701 984,1702 1043,1703 1101,1704 1160,1705 1218,1705 1277,1705 1335,1705 1394,1705 1452,1705 1510,1704 1569,1704 1627,1704 1686,1703 1744,1703 1803,1703 1861,1703 1920,1703 1978,1703 2037,1704"/>
                <TextEquiv>
                    <Unicode>die Ungerechtigkeit des Lebens nachdenkt. Er mußte ster¬</Unicode>
                </TextEquiv>
            </TextLine>
            <TextLine id="r5l26" custom="readingOrder {index:25;}">
                <Coords points="2045,1718 3269,1716 3216,1666 2045,1650"/>
                <Baseline points="2062,1704 2121,1704 2180,1705 2240,1705 2299,1706 2358,1707 2418,1708 2477,1709 2536,1710 2596,1711 2655,1712 2714,1713 2774,1713 2833,1714 2892,1714 2952,1715 3011,1715 3070,1714 3130,1714 3189,1713 3249,1712"/>
                <TextEquiv>
                    <Unicode>Frau erfüllt das Drama. Der Wittwer kann ihren Verlust</Unicode>
                </TextEquiv>
            </TextLine>
            <TextLine id="r5l27" custom="readingOrder {index:26;}">
                <Coords points="264,1711 306,1726 484,1717 500,1732 568,1712 825,1718 852,1710 852,1668 541,1663 264,1684"/>
                <Baseline points="283,1711 310,1712 337,1712 365,1713 392,1714 420,1714 447,1714 474,1715 502,1715 529,1714 557,1714 584,1714 611,1713 639,1713 666,1712 694,1711 721,1711 748,1710 776,1709 803,1708 831,1707"/>
                <TextEquiv>
                    <Unicode>Erinnerungen an unwieder¬</Unicode>
                </TextEquiv>
            </TextLine>
            <TextLine id="r5l28" custom="readingOrder {index:27;}">
                <Coords points="848,1747 2050,1757 2050,1708 1970,1700 848,1702"/>
                <Baseline points="867,1743 925,1743 983,1744 1041,1744 1100,1744 1158,1745 1216,1745 1274,1745 1333,1746 1391,1746 1449,1746 1507,1746 1566,1747 1624,1747 1682,1747 1740,1747 1799,1748 1857,1748 1915,1748 1973,1748 2032,1749"/>
                <TextEquiv>
                    <Unicode>ben, um verstanden und beachtet zu werden. Erst nach seinem</Unicode>
                </TextEquiv>
            </TextLine>
            <TextLine id="r5l29" custom="readingOrder {index:28;}">
                <Coords points="2044,1752 3268,1759 3268,1710 2044,1710"/>
                <Baseline points="2061,1752 2120,1752 2179,1752 2239,1752 2298,1753 2358,1753 2417,1754 2477,1755 2536,1756 2596,1756 2655,1757 2714,1758 2774,1758 2833,1759 2893,1759 2952,1759 3012,1759 3071,1758 3131,1757 3190,1756 3250,1755"/>
                <TextEquiv>
                    <Unicode>auch nach fünf Jahren nicht verschmerzen und spinnt sich</Unicode>
                </TextEquiv>
            </TextLine>
            <TextLine id="r5l30" custom="readingOrder {index:29;}">
                <Coords points="205,1753 250,1772 584,1755 857,1772 856,1707 822,1700 614,1724 296,1719 204,1693"/>
                <Baseline points="222,1756 252,1756 283,1757 314,1757 345,1757 376,1758 407,1758 437,1758 468,1758 499,1758 530,1758 561,1758 592,1758 623,1757 653,1757 684,1756 715,1755 746,1754 777,1754 808,1752 839,1751"/>
                <TextEquiv>
                    <Unicode>rschmelzen sich mit den Schatten,</Unicode>
                </TextEquiv>
            </TextLine>
            <TextLine id="r5l31" custom="readingOrder {index:30;}">
                <Coords points="852,1797 2065,1810 2065,1764 2012,1753 852,1747"/>
                <Baseline points="870,1786 928,1787 987,1787 1046,1788 1105,1788 1164,1789 1222,1789 1281,1789 1340,1790 1399,1790 1458,1790 1516,1790 1575,1791 1634,1791 1693,1791 1752,1791 1810,1791 1869,1791 1928,1792 1987,1792 2046,1792"/>
                <TextEquiv>
                    <Unicode>Tode fand er Kritiker, die seine Vorzüge an das Tageslicht</Unicode>
                </TextEquiv>
            </TextLine>
            <TextLine id="r5l32" custom="readingOrder {index:31;}">
                <Coords points="2040,1800 3204,1807 3268,1800 3269,1758 2041,1755"/>
                <Baseline points="2059,1794 2118,1794 2177,1795 2237,1795 2296,1796 2356,1796 2415,1797 2475,1798 2534,1798 2594,1799 2653,1800 2712,1800 2772,1801 2831,1801 2891,1801 2950,1801 3010,1801 3069,1800 3129,1800 3188,1799 3248,1797"/>
                <TextEquiv>
                    <Unicode>immer tiefer in die Erinnerung an sie ein. Ihre Bilder, ihren</Unicode>
                </TextEquiv>
            </TextLine>
            <TextLine id="r5l33" custom="readingOrder {index:32;}">
                <Coords points="207,1821 859,1805 859,1771 817,1760 586,1754 446,1774 427,1755 358,1775 207,1757"/>
                <Baseline points="227,1802 257,1802 288,1802 318,1802 349,1802 380,1802 410,1802 441,1802 471,1802 502,1802 533,1801 563,1801 594,1801 624,1801 655,1800 686,1800 716,1799 747,1799 777,1798 808,1798 839,1797"/>
                <TextEquiv>
                    <Unicode>traßen mit malerischen Giebeln,</Unicode>
                </TextEquiv>
            </TextLine>
            <TextLine id="r5l34" custom="readingOrder {index:33;}">
                <Coords points="853,1857 3267,1848 853,1796"/>
                <Baseline points="872,1836 990,1835 1109,1835 1228,1834 1347,1834 1466,1834 1585,1834 1703,1835 1822,1835 1941,1836 2060,1837 2179,1837 2298,1838 2417,1839 2535,1840 2654,1840 2773,1841 2892,1842 3011,1842 3130,1842 3249,1842"/>
                <TextEquiv>
                    <Unicode>zogen, die ihn liebten und Bühnen, die seine Stücke spielten. Schmuck, Alles, was ihre Hände berührt haben, betrachtet er</Unicode>
                </TextEquiv>
            </TextLine>
            <TextLine id="r5l35" custom="readingOrder {index:34;}">
                <Coords points="212,1855 478,1857 538,1838 804,1851 860,1842 860,1805 212,1818"/>
                <Baseline points="233,1848 263,1847 293,1846 324,1846 354,1845 384,1845 415,1845 445,1845 475,1845 506,1846 536,1846 566,1846 597,1846 627,1846 657,1845 688,1845 718,1844 748,1843 779,1842 809,1840 840,1838"/>
                <TextEquiv>
                    <Unicode>jahrhündertalte Thürme und</Unicode>
                </TextEquiv>
            </TextLine>
            <TextLine id="r5l36" custom="readingOrder {index:35;}">
                <Coords points="848,1867 2061,1885 2061,1839 848,1836"/>
                <Baseline points="867,1877 925,1878 984,1878 1043,1878 1102,1878 1161,1878 1220,1878 1278,1878 1337,1878 1396,1878 1455,1878 1514,1878 1573,1878 1632,1878 1690,1879 1749,1879 1808,1879 1867,1880 1926,1880 1985,1881 2044,1881"/>
                <TextEquiv>
                    <Unicode>Zu den Männern, die eine öffentliche Ehrung für ihn in</Unicode>
                </TextEquiv>
            </TextLine>
            <TextLine id="r5l37" custom="readingOrder {index:36;}">
                <Coords points="2050,1885 3266,1902 3266,1841 2050,1836"/>
                <Baseline points="2068,1877 2127,1879 2186,1880 2245,1881 2304,1882 2363,1883 2422,1883 2481,1884 2540,1884 2599,1884 2658,1885 2717,1885 2776,1885 2835,1885 2894,1885 2953,1885 3012,1885 3071,1884 3130,1884 3189,1884 3249,1884"/>
                <TextEquiv>
                    <Unicode>täglich und verlangt, daß in dem Zimmer, in dem sie weilte,</Unicode>
                </TextEquiv>
            </TextLine>
            <TextLine id="r5l38" custom="readingOrder {index:37;}">
                <Coords points="212,1901 860,1894 860,1841 534,1839 473,1862 424,1843 211,1848"/>
                <Baseline points="231,1888 261,1888 291,1888 322,1888 352,1887 383,1887 413,1887 444,1887 474,1887 505,1887 535,1887 565,1887 596,1887 626,1887 657,1887 687,1886 718,1886 748,1885 779,1885 809,1884 840,1883"/>
                <TextEquiv>
                    <Unicode>n wird dabei aufgezehrt von dem</Unicode>
                </TextEquiv>
            </TextLine>
            <TextLine id="r5l39" custom="readingOrder {index:38;}">
                <Coords points="856,1927 2062,1930 2031,1869 1387,1894 856,1863"/>
                <Baseline points="875,1918 933,1918 991,1919 1050,1920 1108,1920 1166,1920 1225,1921 1283,1921 1341,1921 1400,1921 1458,1922 1516,1922 1575,1922 1633,1922 1691,1922 1750,1921 1808,1921 1866,1921 1925,1921 1983,1921 2042,1920"/>
                <TextEquiv>
                    <Unicode>Paris verlangten, gehörte sein Landsmann und Seelenver¬</Unicode>
                </TextEquiv>
            </TextLine>
            <TextLine id="r5l40" custom="readingOrder {index:39;}">
                <Coords points="2041,1932 3269,1938 3235,1866 2041,1879"/>
                <Baseline points="2060,1920 2119,1922 2179,1923 2238,1924 2298,1925 2357,1926 2417,1926 2476,1927 2536,1927 2595,1928 2655,1928 2715,1928 2774,1928 2834,1928 2893,1928 2953,1928 3012,1928 3072,1928 3131,1928 3191,1928 3251,1928"/>
                <TextEquiv>
                    <Unicode>Nichts verändert werde. In einem Krystalurästchen befindet</Unicode>
                </TextEquiv>
            </TextLine>
            <TextLine id="r5l41" custom="readingOrder {index:40;}">
                <Coords points="209,1947 478,1931 626,1946 724,1926 762,1945 861,1941 860,1892 830,1888 614,1885 546,1904 208,1883"/>
                <Baseline points="226,1932 256,1932 287,1931 318,1931 349,1931 380,1931 410,1931 441,1931 472,1932 503,1932 534,1932 564,1932 595,1932 626,1932 657,1932 688,1931 718,1931 749,1930 780,1929 811,1928 842,1926"/>
                <TextEquiv>
                    <Unicode>idene Blüthezeit, die der Kunst</Unicode>
                </TextEquiv>
            </TextLine>
            <TextLine id="r5l42" custom="readingOrder {index:41;}">
                <Coords points="849,1974 2062,1979 2062,1934 1986,1926 849,1921"/>
                <Baseline points="867,1963 925,1963 984,1964 1043,1964 1102,1964 1160,1965 1219,1965 1278,1965 1337,1964 1395,1964 1454,1964 1513,1964 1572,1964 1630,1964 1689,1965 1748,1965 1807,1966 1865,1967 1924,1968 1983,1969 2042,1971"/>
                <TextEquiv>
                    <Unicode>wandter Maeterlinck, der es besser verstanden hat, seine</Unicode>
                </TextEquiv>
            </TextLine>
            <TextLine id="r5l43" custom="readingOrder {index:42;}">
                <Coords points="2047,1970 3272,1982 3249,1921 2048,1929"/>
                <Baseline points="2065,1966 2124,1966 2183,1967 2243,1967 2302,1968 2362,1968 2421,1969 2481,1969 2540,1970 2600,1970 2659,1970 2718,1971 2778,1971 2837,1971 2897,1971 2956,1971 3016,1971 3075,1970 3135,1970 3194,1969 3254,1969"/>
                <TextEquiv>
                    <Unicode>sich ihre blonde Flechte, bei deren Betrachtung Schwester Ro¬</Unicode>
                </TextEquiv>
            </TextLine>
            <TextLine id="r5l44" custom="readingOrder {index:43;}">
                <Coords points="209,1974 281,1992 372,1973 531,1991 622,1972 861,1982 861,1941 758,1945 732,1926 440,1916 209,1936"/>
                <Baseline points="227,1979 257,1977 288,1976 319,1975 350,1974 380,1974 411,1973 442,1973 473,1973 503,1973 534,1974 565,1974 596,1974 626,1974 657,1974 688,1974 719,1974 749,1974 780,1974 811,1973 842,1972"/>
                <TextEquiv>
                    <Unicode>Handel des Westens an sich zog.</Unicode>
                </TextEquiv>
            </TextLine>
            <TextLine id="r5l45" custom="readingOrder {index:44;}">
                <Coords points="858,2017 2044,2030 2044,1973 1938,1965 858,1968"/>
                <Baseline points="876,2007 933,2007 991,2007 1048,2007 1106,2008 1163,2008 1221,2008 1278,2009 1336,2009 1393,2009 1451,2010 1509,2010 1566,2010 1624,2011 1681,2011 1739,2011 1796,2011 1854,2011 1911,2012 1969,2012 2027,2012"/>
                <TextEquiv>
                    <Unicode>künstlerischen Ideen zur Geltung zu bringen, so nahe sie sich</Unicode>
                </TextEquiv>
            </TextLine>
            <TextLine id="r5l46" custom="readingOrder {index:45;}">
                <Coords points="2048,2015 3268,2020 3268,1975 2950,1959 2048,1973"/>
                <Baseline points="2065,2013 2124,2013 2183,2014 2242,2014 2301,2014 2360,2014 2419,2015 2479,2015 2538,2014 2597,2014 2656,2014 2715,2014 2774,2014 2833,2014 2893,2014 2952,2014 3011,2014 3070,2015 3129,2015 3188,2016 3248,2016"/>
                <TextEquiv>
                    <Unicode>salie, eine Freundin des Hauses, die Bemerkung macht: „Wie</Unicode>
                </TextEquiv>
            </TextLine>
            <TextLine id="r5l47" custom="readingOrder {index:46;}">
                <Coords points="215,2026 856,2024 855,1975 832,1971 215,1980"/>
                <Baseline points="233,2019 263,2019 293,2019 323,2018 353,2018 384,2018 414,2018 444,2017 474,2017 504,2017 535,2017 565,2017 595,2017 625,2017 655,2016 686,2016 716,2016 746,2015 776,2014 806,2013 837,2012"/>
                <TextEquiv>
                    <Unicode>ssen wächst Gras und jeder dritte</Unicode>
                </TextEquiv>
            </TextLine>
            <TextLine id="r5l48" custom="readingOrder {index:47;}">
                <Coords points="855,2069 1795,2066 1795,2028 1575,2005 855,2016"/>
                <Baseline points="873,2048 918,2049 963,2050 1008,2050 1053,2051 1098,2051 1143,2052 1188,2052 1233,2052 1278,2053 1323,2053 1368,2053 1413,2053 1458,2053 1503,2053 1548,2053 1593,2053 1638,2053 1683,2053 1728,2053 1774,2053"/>
                <TextEquiv>
                    <Unicode>auch mit den Träumen Rodenbachs berühren.</Unicode>
                </TextEquiv>
            </TextLine>
            <TextLine id="r5l49" custom="readingOrder {index:48;}">
                <Coords points="2038,2040 2284,2075 3274,2056 3274,2015 2038,2013"/>
                <Baseline points="2056,2055 2116,2055 2176,2055 2236,2055 2296,2055 2356,2055 2416,2056 2476,2056 2536,2056 2596,2056 2656,2057 2716,2057 2776,2057 2836,2058 2896,2058 2956,2058 3016,2058 3076,2059 3136,2059 3196,2059 3256,2059"/>
                <TextEquiv>
                    <Unicode>seltsam! Die Haare überleben! Das ist das Mitleid des</Unicode>
                </TextEquiv>
            </TextLine>
            <TextLine id="r5l50" custom="readingOrder {index:49;}">
                <Coords points="202,2067 824,2071 854,2067 854,2018 486,2030 376,2012 202,2037"/>
                <Baseline points="223,2065 253,2064 284,2063 315,2063 345,2062 376,2062 407,2061 437,2061 468,2061 499,2061 530,2061 560,2061 591,2061 622,2060 652,2060 683,2060 714,2059 744,2058 775,2057 806,2056 837,2055"/>
                <TextEquiv>
                    <Unicode>selbst für sein tägliches Brod zu</Unicode>
                </TextEquiv>
            </TextLine>
            <TextLine id="r5l51" custom="readingOrder {index:50;}">
                <Coords points="936,2106 3126,2125 3270,2064 936,2072"/>
                <Baseline points="953,2100 1067,2102 1182,2104 1297,2104 1412,2105 1527,2105 1642,2105 1757,2104 1872,2103 1987,2102 2102,2101 2216,2101 2331,2100 2446,2099 2561,2099 2676,2099 2791,2099 2906,2100 3021,2101 3136,2103 3251,2106"/>
                <TextEquiv>
                    <Unicode>Brügge bildet den Stimmungskreis, in dem er sich wahr= Todes. Er zerstört Alles die Augen, die Lippen, das</Unicode>
                </TextEquiv>
            </TextLine>
            <TextLine id="r5l52" custom="readingOrder {index:51;}">
                <Coords points="202,2118 607,2121 751,2098 873,2120 872,2048 410,2061 365,2080 334,2061 202,2065"/>
                <Baseline points="220,2108 251,2107 283,2106 314,2105 346,2104 378,2104 409,2104 441,2104 472,2104 504,2104 536,2104 567,2105 599,2105 630,2105 662,2105 694,2105 725,2105 757,2105 788,2104 820,2104 852,2103"/>
                <TextEquiv>
                    <Unicode>en zur Kirche läuten, sieht man</Unicode>
                </TextEquiv>
            </TextLine>
            <TextLine id="r5l53" custom="readingOrder {index:52;}">
                <Coords points="2046,2142 2182,2158 2220,2131 2296,2154 2319,2132 2455,2163 2538,2140 2747,2160 2747,2111 2679,2110 2652,2084 2629,2106 2383,2086 2190,2112 2046,2100"/>
                <Baseline points="2066,2143 2099,2143 2132,2143 2165,2143 2198,2143 2231,2143 2264,2143 2297,2143 2330,2143 2363,2143 2397,2143 2430,2143 2463,2143 2496,2143 2529,2143 2562,2144 2595,2144 2628,2145 2661,2145 2694,2146 2728,2147"/>
                <TextEquiv>
                    <Unicode>Antlitz, nur die Haare bestehen.</Unicode>
                </TextEquiv>
            </TextLine>
            <TextLine id="r5l54" custom="readingOrder {index:53;}">
                <Coords points="2792,2149 3269,2163 3269,2091 3133,2121 3008,2113 2981,2097 2959,2112 2909,2105 2890,2085 2792,2100"/>
                <Baseline points="2812,2143 2837,2143 2863,2144 2889,2144 2915,2146 2941,2146 2967,2147 2993,2147 3019,2148 3044,2148 3070,2148 3096,2148 3122,2148 3148,2148 3174,2147 3200,2145 3226,2144 3252,2142"/>
                <TextEquiv>
                    <Unicode>Sie bleiben... In</Unicode>
                </TextEquiv>
            </TextLine>
            <TextLine id="r5l55" custom="readingOrder {index:54;}">
                <Coords points="2725,2157 2744,2157 2759,2141 2763,2141 2774,2153 2812,2149 2812,2111 2789,2111 2782,2115 2778,2111 2755,2111 2744,2100 2725,2100"/>
                <Baseline points="2744,2146 2769,2145 2794,2146"/>
                <TextEquiv>
                    <Unicode>* *</Unicode>
                </TextEquiv>
            </TextLine>
            <TextLine id="r5l56" custom="readingOrder {index:55;}">
                <Coords points="210,2159 858,2151 858,2102 544,2119 210,2091"/>
                <Baseline points="230,2149 260,2149 290,2149 321,2149 351,2149 382,2149 412,2149 442,2149 473,2149 503,2149 534,2149 564,2148 594,2148 625,2148 655,2148 686,2147 716,2147 746,2146 777,2146 807,2146 838,2145"/>
                <TextEquiv>
                    <Unicode>der zu sprechen, in Mantel und</Unicode>
                </TextEquiv>
            </TextLine>
            <TextLine id="r5l57" custom="readingOrder {index:56;}">
                <Coords points="852,2158 2053,2161 2053,2119 1925,2107 852,2086"/>
                <Baseline points="872,2146 930,2146 988,2147 1046,2147 1104,2147 1162,2148 1220,2148 1279,2148 1337,2149 1395,2149 1453,2149 1511,2150 1569,2150 1627,2150 1686,2151 1744,2151 1802,2151 1860,2152 1918,2152 1976,2152 2035,2153"/>
                <TextEquiv>
                    <Unicode>haft heimisch fühlte und zu dem er immer wieder zurückkehrte.</Unicode>
                </TextEquiv>
            </TextLine>
            <TextLine id="r5l58" custom="readingOrder {index:57;}">
                <Coords points="2046,2190 3278,2208 3256,2155 2047,2145"/>
                <Baseline points="2065,2186 2124,2186 2184,2186 2244,2186 2303,2186 2363,2186 2423,2187 2482,2187 2542,2188 2602,2188 2662,2189 2721,2189 2781,2190 2841,2190 2900,2190 2960,2191 3020,2191 3079,2191 3139,2191 3199,2190 3259,2190"/>
                <TextEquiv>
                    <Unicode>ihnen überlebt man sich.“ Hugo, der nur noch mit einem</Unicode>
                </TextEquiv>
            </TextLine>
            <TextLine id="r5l59" custom="readingOrder {index:58;}">
                <Coords points="209,2201 478,2184 705,2201 781,2178 857,2196 856,2151 815,2147 379,2158 310,2135 208,2155"/>
                <Baseline points="229,2195 259,2193 290,2192 320,2191 351,2190 381,2190 412,2190 442,2190 473,2190 503,2191 534,2191 564,2191 595,2191 625,2192 656,2191 686,2191 717,2191 747,2189 778,2188 808,2186 839,2184"/>
                <TextEquiv>
                    <Unicode>um die Ecke biegen. Alles ist</Unicode>
                </TextEquiv>
            </TextLine>
            <TextLine id="r5l60" custom="readingOrder {index:59;}">
                <Coords points="851,2188 2060,2207 2049,2142 851,2150"/>
                <Baseline points="871,2191 929,2190 988,2190 1046,2190 1105,2190 1163,2190 1222,2190 1280,2191 1339,2192 1397,2192 1456,2193 1514,2194 1573,2195 1631,2195 1690,2196 1748,2196 1807,2196 1865,2196 1924,2195 1982,2194 2041,2193"/>
                <TextEquiv>
                    <Unicode>Sein bestes und eindrucksvollstes Buch heißt „Bruges, la</Unicode>
                </TextEquiv>
            </TextLine>
            <TextLine id="r5l61" custom="readingOrder {index:60;}">
                <Coords points="2054,2232 3263,2238 3263,2196 2729,2174 2054,2194"/>
                <Baseline points="2073,2226 2131,2226 2190,2227 2248,2228 2307,2228 2365,2228 2424,2229 2482,2229 2541,2230 2599,2230 2658,2230 2716,2230 2775,2231 2833,2231 2892,2231 2950,2231 3009,2231 3067,2232 3126,2232 3184,2232 3243,2232"/>
                <TextEquiv>
                    <Unicode>unverheiratheten Freunde, einem Maler, verkehrt, lebt gleich¬</Unicode>
                </TextEquiv>
            </TextLine>
            <TextLine id="r5l62" custom="readingOrder {index:61;}">
                <Coords points="212,2248 253,2229 371,2250 864,2235 863,2197 795,2183 552,2205 480,2187 461,2203 211,2199"/>
                <Baseline points="232,2239 262,2238 293,2238 323,2237 354,2237 384,2237 415,2236 445,2236 476,2235 506,2235 537,2234 568,2234 598,2234 629,2233 659,2233 690,2232 720,2232 751,2231 781,2230 812,2230 843,2229"/>
                <TextEquiv>
                    <Unicode> stehengebliebenen Stück Mittel¬</Unicode>
                </TextEquiv>
            </TextLine>
            <TextLine id="r5l63" custom="readingOrder {index:62;}">
                <Coords points="856,2237 2012,2247 2053,2243 2054,2194 856,2191"/>
                <Baseline points="876,2234 934,2234 992,2234 1050,2234 1108,2234 1166,2234 1224,2234 1282,2235 1340,2236 1398,2236 1456,2237 1514,2237 1572,2238 1630,2239 1688,2239 1746,2239 1804,2239 1862,2239 1920,2238 1978,2238 2036,2237"/>
                <TextEquiv>
                    <Unicode>morte!“ Das Drama, das er diesem Roman entnommen hat,</Unicode>
                </TextEquiv>
            </TextLine>
            <TextLine id="r5l64" custom="readingOrder {index:63;}">
                <Coords points="2054,2270 3229,2288 3274,2227 2054,2229"/>
                <Baseline points="2074,2270 2133,2270 2192,2271 2251,2272 2310,2273 2369,2273 2428,2274 2487,2274 2546,2274 2605,2274 2665,2275 2724,2275 2783,2275 2842,2274 2901,2274 2960,2274 3019,2274 3078,2273 3137,2273 3196,2273 3256,2272"/>
                <TextEquiv>
                    <Unicode>sam von seinem Schmerz und sorgt nur dafür, daß das Bild</Unicode>
                </TextEquiv>
            </TextLine>
            <TextLine id="r5l65" custom="readingOrder {index:64;}">
                <Coords points="216,2282 2054,2289 2028,2240 1429,2223 216,2248"/>
                <Baseline points="235,2278 325,2278 415,2277 505,2277 595,2277 685,2277 775,2277 865,2277 955,2277 1045,2277 1135,2278 1225,2278 1315,2278 1405,2278 1495,2279 1585,2279 1675,2279 1765,2279 1855,2280 1945,2280 2036,2280"/>
                <TextEquiv>
                    <Unicode>Eycks und Memlings sich mäch= ist bei uns unter dem Titel „Trugbild“ — ursprünglich hieß</Unicode>
                </TextEquiv>
            </TextLine>
            <TextLine id="r5l66" custom="readingOrder {index:65;}">
                <Coords points="2046,2311 3278,2316 3278,2266 2046,2266"/>
                <Baseline points="2067,2314 2126,2315 2186,2315 2245,2316 2305,2317 2364,2317 2424,2318 2483,2318 2543,2319 2602,2319 2662,2319 2722,2319 2781,2320 2841,2320 2900,2320 2960,2319 3019,2319 3079,2319 3138,2319 3198,2318 3258,2318"/>
                <TextEquiv>
                    <Unicode>seiner dahingegangenen Genoveva in seiner Seele nicht ver¬</Unicode>
                </TextEquiv>
            </TextLine>
            <TextLine id="r5l67" custom="readingOrder {index:66;}">
                <Coords points="754,2326 789,2324 808,2331 834,2325 842,2329 853,2317 872,2316 870,2281 820,2280 817,2284 797,2278 783,2290 752,2288"/>
                <Baseline points="774,2320 800,2321 826,2319 852,2316"/>
                <TextEquiv>
                    <Unicode>In</Unicode>
                </TextEquiv>
            </TextLine>
            <TextLine id="r5l68" custom="readingOrder {index:67;}">
                <Coords points="199,2341 290,2321 426,2339 487,2320 570,2342 593,2327 684,2337 748,2314 748,2280 199,2284"/>
                <Baseline points="217,2323 242,2323 268,2323 294,2323 319,2323 345,2322 371,2322 396,2322 422,2322 448,2322 474,2322 499,2321 525,2321 551,2321 576,2321 602,2321 628,2320 653,2320 679,2320 705,2320 731,2319"/>
                <TextEquiv>
                    <Unicode>dig athmende Gegenwart.</Unicode>
                </TextEquiv>
            </TextLine>
            <TextLine id="r5l69" custom="readingOrder {index:68;}">
                <Coords points="853,2326 2031,2334 2062,2273 853,2281"/>
                <Baseline points="870,2324 928,2323 987,2321 1045,2320 1104,2319 1163,2319 1221,2319 1280,2320 1338,2320 1397,2321 1456,2321 1514,2322 1573,2323 1631,2323 1690,2324 1749,2324 1807,2324 1866,2324 1924,2324 1983,2323 2042,2321"/>
                <TextEquiv>
                    <Unicode>es „Die stille Stadt“ — in der Uebersetzung von Siegfried</Unicode>
                </TextEquiv>
            </TextLine>
            <TextLine id="r5l70" custom="readingOrder {index:69;}">
                <Coords points="2042,2361 3277,2388 3278,2316 2042,2308"/>
                <Baseline points="2061,2356 2120,2357 2180,2359 2240,2361 2300,2362 2360,2362 2419,2363 2479,2363 2539,2363 2599,2363 2659,2363 2718,2363 2778,2363 2838,2363 2898,2363 2958,2363 3017,2363 3077,2363 3137,2363 3197,2363 3257,2363"/>
                <TextEquiv>
                    <Unicode>blasse. Da ereignet sich für ihn ein Wunder. Bei einem</Unicode>
                </TextEquiv>
            </TextLine>
            <TextLine id="r5l71" custom="readingOrder {index:70;}">
                <Coords points="859,2374 2049,2377 2050,2327 860,2325"/>
                <Baseline points="880,2365 937,2365 995,2364 1052,2364 1110,2364 1168,2364 1225,2364 1283,2364 1340,2364 1398,2364 1456,2365 1513,2365 1571,2365 1628,2365 1686,2365 1744,2366 1801,2366 1859,2366 1916,2366 1974,2366 2032,2366"/>
                <TextEquiv>
                    <Unicode>Trebitsch in einer Weise gespielt worden, die alle Feinheiten</Unicode>
                </TextEquiv>
            </TextLine>
            <TextLine id="r5l72" custom="readingOrder {index:71;}">
                <Coords points="203,2368 563,2359 601,2378 704,2358 867,2376 866,2323 203,2322"/>
                <Baseline points="222,2364 253,2364 284,2365 315,2366 347,2366 378,2366 409,2367 440,2367 472,2367 503,2367 534,2367 565,2366 597,2366 628,2366 659,2365 690,2365 722,2364 753,2364 784,2363 815,2362 847,2362"/>
                <TextEquiv>
                    <Unicode>Gemüths wird man versetzt,</Unicode>
                </TextEquiv>
            </TextLine>
            <TextLine id="r5l73" custom="readingOrder {index:72;}">
                <Coords points="2056,2404 3265,2416 3265,2355 2056,2358"/>
                <Baseline points="2075,2400 2133,2401 2192,2402 2250,2403 2309,2404 2367,2404 2426,2405 2484,2405 2543,2405 2601,2406 2660,2406 2718,2406 2777,2406 2835,2406 2894,2406 2952,2406 3011,2406 3069,2406 3128,2406 3186,2406 3245,2406"/>
                <TextEquiv>
                    <Unicode>Spaziergang längs der Konäle erblickt er eine junge Dame,</Unicode>
                </TextEquiv>
            </TextLine>
            <TextLine id="r5l74" custom="readingOrder {index:73;}">
                <Coords points="208,2414 841,2419 871,2408 871,2362 632,2356 594,2375 560,2356 522,2375 375,2352 341,2372 208,2372"/>
                <Baseline points="227,2409 258,2409 289,2408 320,2408 352,2408 383,2407 414,2407 445,2407 477,2406 508,2406 539,2406 570,2406 602,2406 633,2406 664,2406 695,2406 727,2406 758,2407 789,2407 820,2407 852,2408"/>
                <TextEquiv>
                    <Unicode>dem kleinen Paris, und Oftende,</Unicode>
                </TextEquiv>
            </TextLine>
            <TextLine id="r5l75" custom="readingOrder {index:74;}">
                <Coords points="864,2418 2058,2410 2058,2372 1664,2353 864,2369"/>
                <Baseline points="882,2410 939,2410 997,2409 1055,2409 1113,2409 1171,2409 1229,2409 1287,2410 1345,2410 1403,2410 1461,2410 1518,2410 1576,2410 1634,2410 1692,2410 1750,2410 1808,2410 1866,2410 1924,2409 1982,2408 2040,2408"/>
                <TextEquiv>
                    <Unicode>und Stimmungen verwischte und es wie ein großes Geister¬</Unicode>
                </TextEquiv>
            </TextLine>
            <TextLine id="r5l76" custom="readingOrder {index:75;}">
                <Coords points="2051,2449 3161,2460 3264,2449 3264,2388 2051,2404"/>
                <Baseline points="2069,2445 2127,2444 2186,2444 2245,2444 2304,2444 2362,2444 2421,2444 2480,2445 2539,2446 2597,2446 2656,2447 2715,2447 2774,2448 2832,2448 2891,2449 2950,2449 3009,2449 3067,2450 3126,2449 3185,2449 3244,2449"/>
                <TextEquiv>
                    <Unicode>die der Verstorbenen bis auf die dunkeln Augen, das röthlich¬</Unicode>
                </TextEquiv>
            </TextLine>
            <TextLine id="r5l77" custom="readingOrder {index:76;}">
                <Coords points="209,2474 247,2455 861,2456 860,2395 209,2409"/>
                <Baseline points="227,2450 257,2451 288,2451 319,2452 349,2452 380,2453 411,2453 441,2453 472,2453 503,2453 534,2453 564,2453 595,2452 626,2452 656,2452 687,2451 718,2450 748,2450 779,2449 810,2448 841,2448"/>
                <TextEquiv>
                    <Unicode>in Brügge Aufenthalt nimmt.</Unicode>
                </TextEquiv>
            </TextLine>
            <TextLine id="r5l78" custom="readingOrder {index:77;}">
                <Coords points="856,2457 2057,2463 2057,2410 1978,2406 856,2408"/>
                <Baseline points="873,2451 931,2451 989,2451 1048,2451 1106,2451 1164,2452 1223,2452 1281,2452 1339,2452 1398,2452 1456,2452 1514,2452 1573,2453 1631,2453 1689,2453 1748,2453 1806,2453 1864,2453 1923,2453 1981,2452 2040,2452"/>
                <TextEquiv>
                    <Unicode>und Spektakelstück behandelte. Rodenbach ist in vielen seiner</Unicode>
                </TextEquiv>
            </TextLine>
            <TextLine id="r5l79" custom="readingOrder {index:78;}">
                <Coords points="2048,2490 3265,2491 3265,2449 2048,2448"/>
                <Baseline points="2065,2489 2124,2488 2183,2488 2242,2488 2301,2488 2360,2489 2419,2489 2478,2490 2537,2491 2596,2492 2655,2492 2714,2493 2773,2494 2832,2494 2891,2495 2950,2495 3009,2495 3068,2495 3127,2494 3186,2494 3246,2492"/>
                <TextEquiv>
                    <Unicode>blonde Haar und die Stimme völig gleicht. Er geht ihr bis</Unicode>
                </TextEquiv>
            </TextLine>
            <TextLine id="r5l80" custom="readingOrder {index:79;}">
                <Coords points="210,2512 2025,2510 2055,2453 209,2436"/>
                <Baseline points="230,2503 320,2502 410,2500 501,2499 591,2498 681,2497 772,2496 862,2496 952,2495 1043,2495 1133,2495 1223,2495 1314,2495 1404,2495 1494,2495 1585,2495 1675,2495 1765,2495 1856,2495 1946,2495 2037,2494"/>
                <TextEquiv>
                    <Unicode>Heimath für die Kunst des früh Dichtungen un auch hier von den Schriften unseres E. Th.</Unicode>
                </TextEquiv>
            </TextLine>
            <TextLine id="r5l81" custom="readingOrder {index:80;}">
                <Coords points="2051,2536 3271,2541 3249,2491 2051,2498"/>
                <Baseline points="2068,2532 2127,2532 2186,2532 2245,2532 2304,2533 2364,2533 2423,2534 2482,2534 2541,2535 2600,2536 2660,2537 2719,2537 2778,2538 2837,2539 2896,2539 2956,2539 3015,2539 3074,2539 3133,2539 3192,2538 3252,2537"/>
                <TextEquiv>
                    <Unicode>zum Theater nach und erblickt sie dann auf der Bühne beim</Unicode>
                </TextEquiv>
            </TextLine>
            <TextLine id="r5l82" custom="readingOrder {index:81;}">
                <Coords points="200,2550 2057,2552 2057,2491 200,2505"/>
                <Baseline points="221,2546 316,2544 412,2543 508,2542 603,2541 699,2540 795,2540 891,2540 986,2539 1082,2539 1178,2540 1274,2540 1369,2540 1465,2540 1561,2541 1657,2541 1752,2541 1848,2541 1944,2541 2040,2540"/>
                <TextEquiv>
                    <Unicode>nbach, der, von deutscher Ab-|A. Hoffmann, der auf die französischen Romantiker frühzeitig</Unicode>
                </TextEquiv>
            </TextLine>
            <TextLine id="r5l83" custom="readingOrder {index:82;}">
                <Coords points="2056,2578 3166,2593 3280,2583 3281,2526 2056,2533"/>
                <Baseline points="2075,2575 2134,2574 2193,2574 2252,2574 2312,2574 2371,2575 2430,2576 2489,2576 2549,2577 2608,2579 2667,2580 2726,2581 2786,2582 2845,2582 2904,2583 2963,2583 3023,2583 3082,2583 3141,2583 3200,2582 3260,2580"/>
                <TextEquiv>
                    <Unicode>Auftreten der Nonnen in „Robert der Teufel“. Daß sie eine</Unicode>
                </TextEquiv>
            </TextLine>
            <TextLine id="r5l84" custom="readingOrder {index:83;}">
                <Coords points="862,2584 1980,2602 2052,2587 2052,2530 862,2542"/>
                <Baseline points="882,2583 939,2583 997,2583 1054,2583 1112,2583 1170,2583 1227,2583 1285,2583 1342,2583 1400,2583 1458,2583 1515,2583 1573,2583 1630,2583 1688,2583 1746,2583 1803,2583 1861,2582 1918,2582 1976,2582 2034,2582"/>
                <TextEquiv>
                    <Unicode>einen tiefen Einfluß gewann, und des Amerikaners Edgar</Unicode>
                </TextEquiv>
            </TextLine>
            <TextLine id="r5l85" custom="readingOrder {index:84;}">
                <Coords points="198,2600 869,2588 869,2558 770,2539 751,2558 198,2535"/>
                <Baseline points="217,2584 248,2584 280,2585 312,2585 343,2585 375,2585 407,2585 438,2585 470,2586 502,2586 534,2586 565,2586 597,2586 629,2586 660,2586 692,2585 724,2585 755,2585 787,2584 819,2584 851,2583"/>
                <TextEquiv>
                    <Unicode>Boden geboren und erzogen war,</Unicode>
                </TextEquiv>
            </TextLine>
            <TextLine id="r5l86" custom="readingOrder {index:85;}">
                <Coords points="2059,2621 3195,2646 3275,2624 3276,2582 2059,2576"/>
                <Baseline points="2079,2616 2137,2617 2196,2618 2255,2618 2314,2619 2373,2620 2432,2621 2491,2622 2550,2623 2609,2623 2668,2624 2726,2625 2785,2625 2844,2626 2903,2626 2962,2626 3021,2626 3080,2626 3139,2625 3198,2625 3257,2624"/>
                <TextEquiv>
                    <Unicode>Tänzerin ist, was liegt daran, wenn ihr Anblick ihm nur die</Unicode>
                </TextEquiv>
            </TextLine>
            <TextLine id="r5l87" custom="readingOrder {index:86;}">
                <Coords points="852,2625 2057,2639 2057,2586 1993,2571 852,2580"/>
                <Baseline points="873,2628 931,2628 989,2628 1047,2628 1105,2628 1164,2627 1222,2627 1280,2627 1338,2627 1396,2627 1455,2626 1513,2626 1571,2626 1629,2626 1687,2626 1746,2626 1804,2626 1862,2626 1920,2627 1978,2628 2037,2628"/>
                <TextEquiv>
                    <Unicode>Poe sichtlich beeinflußt werden. Seine Phantasie schwebt auf</Unicode>
                </TextEquiv>
            </TextLine>
            <TextLine id="r5l88" custom="readingOrder {index:87;}">
                <Coords points="197,2648 295,2628 492,2650 553,2626 845,2640 871,2632 871,2586 359,2575 291,2602 196,2602"/>
                <Baseline points="216,2629 247,2629 279,2630 311,2630 343,2630 375,2630 407,2630 439,2630 471,2630 503,2629 535,2629 566,2629 598,2628 630,2628 662,2627 694,2627 726,2627 758,2627 790,2626 822,2626 854,2626"/>
                <TextEquiv>
                    <Unicode>hen Schriftsteller entwickelte und</Unicode>
                </TextEquiv>
            </TextLine>
            <TextLine id="r5l89" custom="readingOrder {index:88;}">
                <Coords points="2051,2663 2130,2683 2297,2666 2358,2683 2513,2677 2578,2663 2579,2610 2446,2631 2051,2621"/>
                <Baseline points="2068,2655 2093,2656 2119,2656 2145,2657 2171,2658 2197,2658 2223,2659 2249,2660 2275,2660 2301,2661 2326,2662 2352,2662 2378,2662 2404,2662 2430,2663 2456,2663 2482,2663 2508,2662 2534,2662 2560,2661"/>
                <TextEquiv>
                    <Unicode>Verstorbene wiedergiebt?</Unicode>
                </TextEquiv>
            </TextLine>
            <TextLine id="r5l90" custom="readingOrder {index:89;}">
                <Coords points="856,2682 2008,2685 2061,2677 2061,2620 856,2629"/>
                <Baseline points="874,2670 932,2670 991,2670 1049,2670 1108,2669 1166,2669 1225,2669 1283,2670 1342,2670 1400,2670 1459,2670 1517,2670 1576,2670 1634,2670 1693,2670 1751,2670 1810,2669 1868,2669 1927,2668 1985,2668 2044,2667"/>
                <TextEquiv>
                    <Unicode>dem schwer zu begrenzenden Gebiet einher, wo das Erkennen</Unicode>
                </TextEquiv>
            </TextLine>
            <TextLine id="r5l91" custom="readingOrder {index:90;}">
                <Coords points="199,2701 255,2678 866,2677 865,2631 827,2624 369,2643 297,2628 198,2648"/>
                <Baseline points="217,2673 248,2674 279,2675 311,2675 342,2675 374,2675 405,2675 437,2675 468,2674 500,2674 531,2674 562,2673 594,2673 625,2672 657,2672 688,2671 720,2671 751,2671 783,2671 814,2671 846,2672"/>
                <TextEquiv>
                    <Unicode>ordlandsthum, seinem tief inner¬</Unicode>
                </TextEquiv>
            </TextLine>
            <TextLine id="r5l92" custom="readingOrder {index:91;}">
                <Coords points="856,2724 1966,2731 2068,2715 2068,2670 855,2675"/>
                <Baseline points="875,2716 933,2715 992,2715 1051,2714 1110,2714 1168,2714 1227,2713 1286,2713 1345,2713 1403,2713 1462,2713 1521,2713 1580,2713 1638,2713 1697,2713 1756,2713 1815,2713 1873,2713 1932,2714 1991,2714 2050,2715"/>
                <TextEquiv>
                    <Unicode>zur Ahnung, die Wirklichkeit zum Traum, das Sinnliche zum</Unicode>
                </TextEquiv>
            </TextLine>
            <TextLine id="r5l93" custom="readingOrder {index:92;}">
                <Coords points="200,2724 859,2726 859,2677 199,2686"/>
                <Baseline points="217,2719 248,2719 279,2719 310,2719 341,2718 372,2718 403,2718 435,2717 466,2717 497,2717 528,2716 559,2716 590,2716 621,2715 653,2715 684,2715 715,2715 746,2715 777,2715 808,2715 840,2716"/>
                <TextEquiv>
                    <Unicode>allzeit ein Fremder blieb. Eine</Unicode>
                </TextEquiv>
            </TextLine>
            <TextLine id="r5l94" custom="readingOrder {index:93;}">
                <Coords points="2131,2718 3158,2744 3280,2711 3280,2669 3148,2660 2132,2676"/>
                <Baseline points="2152,2714 2207,2714 2262,2714 2318,2715 2373,2715 2429,2716 2484,2717 2539,2718 2595,2719 2650,2720 2706,2721 2761,2722 2816,2722 2872,2723 2927,2724 2983,2724 3038,2724 3093,2724 3149,2723 3204,2723 3260,2721"/>
                <TextEquiv>
                    <Unicode>Die Leidenschaft, die er für sie empfindet, entspringt nur</Unicode>
                </TextEquiv>
            </TextLine>
            <TextLine id="r5l95" custom="readingOrder {index:94;}">
                <Coords points="855,2771 2030,2767 2057,2703 855,2725"/>
                <Baseline points="873,2756 931,2756 989,2756 1047,2756 1106,2756 1164,2756 1222,2756 1281,2756 1339,2756 1397,2757 1456,2757 1514,2757 1572,2757 1630,2757 1689,2757 1747,2757 1805,2757 1864,2756 1922,2756 1980,2756 2039,2755"/>
                <TextEquiv>
                    <Unicode>Uebersinnlichen hinüberstrebt. Aber in dem, was er will</Unicode>
                </TextEquiv>
            </TextLine>
            <TextLine id="r5l96" custom="readingOrder {index:95;}">
                <Coords points="204,2769 613,2775 655,2756 750,2774 863,2762 863,2705 609,2711 530,2734 204,2720"/>
                <Baseline points="221,2763 252,2762 283,2761 314,2760 345,2760 376,2760 407,2759 438,2759 469,2759 500,2759 532,2760 563,2760 594,2760 625,2760 656,2760 687,2760 718,2759 749,2759 780,2758 811,2757 843,2756"/>
                <TextEquiv>
                    <Unicode>seinen Adern. Sein Großvater</Unicode>
                </TextEquiv>
            </TextLine>
            <TextLine id="r5l97" custom="readingOrder {index:96;}">
                <Coords points="2054,2771 3274,2776 3275,2716 2055,2695"/>
                <Baseline points="2074,2758 2133,2758 2192,2758 2251,2758 2310,2759 2369,2759 2428,2760 2487,2762 2546,2763 2605,2764 2664,2765 2723,2767 2782,2768 2841,2768 2900,2769 2959,2769 3018,2769 3077,2769 3136,2768 3195,2766 3255,2764"/>
                <TextEquiv>
                    <Unicode>seinem Wunsch, wieder mit der Todten vereinigt zu sein. Er</Unicode>
                </TextEquiv>
            </TextLine>
            <TextLine id="r5l98" custom="readingOrder {index:97;}">
                <Coords points="197,2812 2038,2815 2061,2743 196,2762"/>
                <Baseline points="216,2804 307,2803 398,2802 490,2802 581,2801 672,2801 764,2801 855,2800 946,2800 1038,2800 1129,2800 1220,2800 1312,2800 1403,2800 1494,2800 1586,2800 1677,2800 1768,2799 1860,2798 1951,2798 2043,2796"/>
                <TextEquiv>
                    <Unicode>die den Belgiern im Jahre 1830 und kann sowie in den Mitteln, zu denen er greift, bewährt</Unicode>
                </TextEquiv>
            </TextLine>
            <TextLine id="r5l99" custom="readingOrder {index:98;}">
                <Coords points="2062,2809 3283,2812 3283,2752 2063,2759"/>
                <Baseline points="2081,2802 2140,2802 2199,2802 2258,2802 2317,2802 2376,2803 2435,2804 2495,2806 2554,2807 2613,2808 2672,2809 2731,2810 2790,2811 2849,2812 2909,2812 2968,2812 3027,2812 3086,2811 3145,2810 3204,2808 3264,2806"/>
                <TextEquiv>
                    <Unicode>richtet ihr von seinem Vermögen eine Wohnung ein und scheut</Unicode>
                </TextEquiv>
            </TextLine>
            <TextLine id="r5l100" custom="readingOrder {index:99;}">
                <Coords points="865,2849 2059,2843 2059,2809 1786,2794 865,2803"/>
                <Baseline points="884,2846 941,2846 999,2846 1057,2846 1115,2846 1173,2846 1231,2846 1288,2846 1346,2846 1404,2846 1462,2846 1520,2846 1578,2846 1636,2846 1693,2846 1751,2846 1809,2845 1867,2845 1925,2844 1983,2844 2041,2843"/>
                <TextEquiv>
                    <Unicode>er sich als selbständig schaffender Kopf und berufener Dichter</Unicode>
                </TextEquiv>
            </TextLine>
            <TextLine id="r5l101" custom="readingOrder {index:100;}">
                <Coords points="197,2853 284,2856 314,2833 353,2855 864,2852 864,2806 625,2789 599,2812 417,2817 197,2796"/>
                <Baseline points="215,2848 246,2848 278,2849 309,2849 341,2849 372,2849 404,2849 435,2849 467,2849 498,2849 530,2849 562,2848 593,2848 625,2847 656,2847 688,2847 719,2846 751,2846 782,2845 814,2845 846,2845"/>
                <TextEquiv>
                    <Unicode>tten und hatte eine Enkelin</Unicode>
                </TextEquiv>
            </TextLine>
            <TextLine id="r5l102" custom="readingOrder {index:101;}">
                <Coords points="2061,2850 3270,2864 3271,2788 2062,2808"/>
                <Baseline points="2080,2849 2138,2848 2197,2847 2255,2847 2314,2847 2373,2847 2431,2848 2490,2848 2548,2849 2607,2850 2666,2851 2724,2852 2783,2852 2841,2853 2900,2853 2959,2854 3017,2853 3076,2853 3134,2852 3193,2850 3252,2849"/>
                <TextEquiv>
                    <Unicode>nicht, von seinen Landsleuten in der frommen Stadt hart</Unicode>
                </TextEquiv>
            </TextLine>
            <TextLine id="r5l103" custom="readingOrder {index:102;}">
                <Coords points="202,2903 2066,2899 2066,2834 202,2846"/>
                <Baseline points="219,2891 310,2890 402,2890 493,2890 585,2889 676,2889 768,2889 859,2889 951,2890 1042,2890 1134,2890 1225,2890 1317,2890 1408,2890 1500,2890 1591,2890 1683,2890 1774,2890 1866,2889 1957,2889 2049,2887"/>
                <TextEquiv>
                    <Unicode>Verstalent besaß, zur Frau. Sein! Einem solchen auch auf seltsamen Wegen zu folgen bleibt</Unicode>
                </TextEquiv>
            </TextLine>
            <TextLine id="r5l104" custom="readingOrder {index:103;}">
                <Coords points="2046,2897 3232,2906 3274,2891 3274,2834 2046,2848"/>
                <Baseline points="2065,2890 2124,2890 2183,2890 2243,2890 2302,2891 2362,2891 2421,2891 2481,2892 2540,2892 2600,2893 2659,2894 2718,2894 2778,2894 2837,2895 2897,2895 2956,2895 3016,2895 3075,2894 3135,2894 3194,2893 3254,2892"/>
                <TextEquiv>
                    <Unicode>beurtheilt zu werden Er will die Selbsttäuschung noch weiter</Unicode>
                </TextEquiv>
            </TextLine>
            <TextLine id="r5l105" custom="readingOrder {index:104;}">
                <Coords points="863,2939 2019,2944 2068,2941 2069,2891 863,2889"/>
                <Baseline points="883,2931 941,2932 999,2933 1058,2933 1116,2934 1175,2934 1233,2934 1291,2934 1350,2934 1408,2934 1467,2934 1525,2934 1583,2934 1642,2934 1700,2934 1759,2934 1817,2934 1875,2934 1934,2934 1992,2935 2051,2935"/>
                <TextEquiv>
                    <Unicode>immer ein Genuß und wir müssen uns Mühe geben, das zu</Unicode>
                </TextEquiv>
            </TextLine>
            <TextLine id="r5l106" custom="readingOrder {index:105;}">
                <Coords points="186,2944 580,2928 713,2947 796,2928 872,2946 872,2889 826,2882 186,2891"/>
                <Baseline points="205,2936 237,2935 269,2935 302,2934 334,2934 367,2934 399,2934 431,2934 464,2934 496,2934 529,2934 561,2935 593,2935 626,2935 658,2935 691,2934 723,2934 755,2934 788,2933 820,2932 853,2931"/>
                <TextEquiv>
                    <Unicode>chAthen kam, war ein namhafter</Unicode>
                </TextEquiv>
            </TextLine>
            <TextLine id="r5l107" custom="readingOrder {index:106;}">
                <Coords points="2059,2941 3275,2951 3276,2882 2059,2892"/>
                <Baseline points="2077,2934 2136,2934 2195,2934 2254,2934 2313,2934 2372,2934 2431,2935 2490,2935 2549,2936 2608,2936 2667,2937 2726,2938 2785,2938 2844,2939 2903,2939 2962,2940 3021,2940 3080,2940 3139,2941 3198,2941 3258,2941"/>
                <TextEquiv>
                    <Unicode>treiben und bittet die Tänzerin, Abends in seine Wohnung</Unicode>
                </TextEquiv>
            </TextLine>
            <TextLine id="r5l108" custom="readingOrder {index:107;}">
                <Coords points="201,2982 868,2983 868,2945 834,2934 614,2943 477,2917 451,2943 201,2937"/>
                <Baseline points="221,2978 252,2977 283,2977 314,2977 346,2977 377,2977 408,2977 440,2977 471,2977 502,2977 534,2977 565,2977 596,2977 627,2977 659,2977 690,2976 721,2976 753,2975 784,2975 815,2975 847,2974"/>
                <TextEquiv>
                    <Unicode>was Georges Rodenbach schrieb,</Unicode>
                </TextEquiv>
            </TextLine>
            <TextLine id="r5l109" custom="readingOrder {index:108;}">
                <Coords points="857,2980 2070,2977 2070,2943 1994,2928 857,2927"/>
                <Baseline points="876,2974 934,2975 993,2975 1052,2976 1110,2976 1169,2976 1228,2976 1286,2977 1345,2977 1404,2976 1463,2976 1521,2976 1580,2976 1639,2976 1697,2976 1756,2976 1815,2976 1873,2976 1932,2977 1991,2977 2050,2977"/>
                <TextEquiv>
                    <Unicode>verstehen, was im ersten Augenblick befremdend wirkt. Leider</Unicode>
                </TextEquiv>
            </TextLine>
            <TextLine id="r5l110" custom="readingOrder {index:109;}">
                <Coords points="2058,2987 3274,2984 3244,2942 2058,2938"/>
                <Baseline points="2078,2979 2136,2979 2195,2979 2254,2978 2313,2978 2372,2978 2431,2978 2490,2979 2549,2979 2608,2979 2667,2980 2725,2980 2784,2980 2843,2981 2902,2981 2961,2981 3020,2982 3079,2982 3138,2982 3197,2982 3256,2982"/>
                <TextEquiv>
                    <Unicode>zu kommen, damit sie sich in dem Kleid der Verblichenen</Unicode>
                </TextEquiv>
            </TextLine>
            <TextLine id="r5l111" custom="readingOrder {index:110;}">
                <Coords points="869,3020 2081,3035 2081,2979 868,2979"/>
                <Baseline points="889,3018 947,3018 1006,3018 1064,3018 1123,3017 1182,3017 1240,3017 1299,3016 1358,3016 1416,3016 1475,3015 1534,3015 1592,3015 1651,3015 1710,3015 1768,3016 1827,3016 1886,3017 1944,3018 2003,3019 2062,3021"/>
                <TextEquiv>
                    <Unicode>ist dem Drama viel von dem verloren gegangen, was dem</Unicode>
                </TextEquiv>
            </TextLine>
            <TextLine id="r5l112" custom="readingOrder {index:111;}">
                <Coords points="186,3020 353,3034 687,3013 872,3035 872,2982 186,2982"/>
                <Baseline points="205,3023 237,3022 269,3021 302,3020 334,3020 367,3019 399,3019 432,3018 464,3018 497,3018 529,3018 561,3018 594,3018 626,3018 659,3018 691,3018 724,3019 756,3018 789,3018 821,3018 854,3018"/>
                <TextEquiv>
                    <Unicode>verstanden bleiben, wo man die</Unicode>
                </TextEquiv>
            </TextLine>
            <TextLine id="r5l113" custom="readingOrder {index:112;}">
                <Coords points="2059,3033 3276,3017 3276,2983 2060,2979"/>
                <Baseline points="2080,3021 2138,3021 2197,3021 2256,3021 2315,3021 2374,3021 2433,3021 2492,3021 2551,3022 2610,3022 2669,3022 2727,3023 2786,3023 2845,3024 2904,3024 2963,3025 3022,3025 3081,3026 3140,3026 3199,3027 3258,3027"/>
                <TextEquiv>
                    <Unicode>zeige, angeblich, weil sie in diesem Kostüm von dem Maler</Unicode>
                </TextEquiv>
            </TextLine>
            <TextLine id="r5l114" custom="readingOrder {index:113;}">
                <Coords points="193,3068 871,3070 871,3021 192,3012"/>
                <Baseline points="213,3066 245,3065 277,3065 309,3064 341,3063 373,3063 405,3062 437,3062 469,3062 501,3062 533,3061 565,3061 597,3061 629,3061 661,3061 693,3061 725,3060 757,3060 789,3060 821,3060 854,3060"/>
                <TextEquiv>
                    <Unicode>e Tiefe und dem schwer Verständ¬</Unicode>
                </TextEquiv>
            </TextLine>
            <TextLine id="r5l115" custom="readingOrder {index:114;}">
                <Coords points="867,3067 3270,3072 3134,3010 867,3018"/>
                <Baseline points="886,3060 1004,3059 1122,3058 1240,3058 1359,3058 1477,3058 1595,3058 1713,3059 1832,3059 1950,3060 2068,3061 2186,3061 2305,3062 2423,3063 2541,3064 2659,3065 2778,3066 2896,3067 3014,3068 3132,3069 3251,3070"/>
                <TextEquiv>
                    <Unicode>Roman einen so eigenthümlichen Reiz vorleiht, die duftige auf einem großen Bilde dargestellt werden soll. Aber gerade</Unicode>
                </TextEquiv>
            </TextLine>
            <TextLine id="r5l116" custom="readingOrder {index:115;}">
                <Coords points="858,3120 3265,3111 859,3063"/>
                <Baseline points="878,3101 996,3101 1114,3101 1233,3101 1351,3101 1469,3101 1588,3102 1706,3102 1824,3102 1943,3103 2061,3104 2179,3104 2298,3105 2416,3106 2534,3107 2653,3108 2771,3109 2889,3110 3008,3111 3126,3113 3245,3114"/>
                <TextEquiv>
                    <Unicode>Schilderung des alten Brügge, wo man leichter als irgend wol in diesem Augenblick bricht die Täuschung zusammen und</Unicode>
                </TextEquiv>
            </TextLine>
            <TextLine id="r5l117" custom="readingOrder {index:116;}">
                <Coords points="197,3137 326,3109 603,3103 777,3125 876,3109 875,3056 830,3049 690,3073 197,3072"/>
                <Baseline points="217,3111 250,3111 284,3110 317,3110 351,3110 385,3110 418,3109 452,3109 486,3109 519,3109 553,3109 586,3108 620,3108 654,3108 687,3108 721,3107 755,3107 788,3107 822,3106 856,3106"/>
                <TextEquiv>
                    <Unicode>gnet. So erschien er den Meisten,</Unicode>
                </TextEquiv>
            </TextLine>
            <TextLine id="r5l118" custom="readingOrder {index:117;}">
                <Coords points="202,3161 3272,3104 202,3120"/>
                <Baseline points="222,3153 373,3153 525,3152 676,3151 828,3151 979,3150 1131,3150 1282,3150 1434,3150 1585,3150 1737,3150 1889,3151 2040,3151 2192,3152 2343,3153 2495,3154 2646,3155 2798,3156 2949,3157 3101,3158 3253,3160"/>
                <TextEquiv>
                    <Unicode>als wunderlicher Träumer, mit anders in die Lage kommt, sich ans Vergangene anzuklam= Hugo findet, daß i#e Tänzerin in diesem Kleide seiner Frau</Unicode>
                </TextEquiv>
            </TextLine>
            <TextLine id="r5l119" custom="readingOrder {index:118;}">
                <Coords points="859,3200 3273,3223 3273,3147 3144,3139 859,3162"/>
                <Baseline points="877,3192 995,3192 1114,3192 1233,3192 1352,3192 1471,3192 1590,3192 1709,3193 1828,3193 1947,3193 2066,3193 2184,3193 2303,3194 2422,3194 2541,3194 2660,3194 2779,3195 2898,3195 3017,3195 3136,3195 3255,3195"/>
                <TextEquiv>
                    <Unicode>lmern und das Recht des Lebendigen zu unterschätzen. Ein nun garnicht mehr ähnlich sehe. Das Wunder, das er zu ent¬</Unicode>
                </TextEquiv>
            </TextLine>
            <TextEquiv>
                <Unicode>1e
17.1. Der Punpenspisler box 22/6
Bahrplansefrsehung wurde z. B.ssern. un zene Schifsoräumte heran, die auf dese Wohe alltromhirten konnte, so wenig wäre es möglich, solche Anstalten
deutscher Flagge zu vielseitiger Interessengemeinschaft kon=in allen Regierungsbezirken oder auch nur in den meisten der¬
er u. Sohn in Berlin.
zentrirt ist. Von so starken Verbindungen, die eine gegeneselben zu errichten.“ Weiter schreibt Dr. Lesse:
Nur Edmond de Goncourt erkannte mit dem scharf aus paar Mal wird der Name der Stadt erwähnt, aber daraus er¬
leton.
gebildeten Spürsinn für das Originelle und Persönliche, der
giebt sich kein deutliches Bild für die Zuschauer, die ohne eine
ihn auszeichnete, in Rodenbach den Dichter und Künstler.
bestimmte Anschauung ins Theater kommen. So hängt das
Je weniger er der Welt galt, desto bedeutender erschien er
# Theater.
Thema des Stückes gewissermaßen in der Luft, wenn die
dem Verfasser des „Journal“, in dessen literarischen Tage¬
Inscenirung nicht liebevoll nachhilft und immer wieder diese
ien todten Dichter und eine todte
buchaufzeichnungen Rodenbach wiederholt auftaucht wie ein
Stimmung betont.
Deutschen Theater bei der Auf¬
still grüßender, vertrauter Freund, der voll Wehmuth über
Die Sehnsucht nach einer geliebten, zu früh verstorbenen
auspiels „Trugbild“ von
die Ungerechtigkeit des Lebens nachdenkt. Er mußte ster¬
Frau erfüllt das Drama. Der Wittwer kann ihren Verlust
Erinnerungen an unwieder¬
ben, um verstanden und beachtet zu werden. Erst nach seinem
auch nach fünf Jahren nicht verschmerzen und spinnt sich
rschmelzen sich mit den Schatten,
Tode fand er Kritiker, die seine Vorzüge an das Tageslicht
immer tiefer in die Erinnerung an sie ein. Ihre Bilder, ihren
traßen mit malerischen Giebeln,
zogen, die ihn liebten und Bühnen, die seine Stücke spielten. Schmuck, Alles, was ihre Hände berührt haben, betrachtet er
jahrhündertalte Thürme und
Zu den Männern, die eine öffentliche Ehrung für ihn in
täglich und verlangt, daß in dem Zimmer, in dem sie weilte,
n wird dabei aufgezehrt von dem
Paris verlangten, gehörte sein Landsmann und Seelenver¬
Nichts verändert werde. In einem Krystalurästchen befindet
idene Blüthezeit, die der Kunst
wandter Maeterlinck, der es besser verstanden hat, seine
sich ihre blonde Flechte, bei deren Betrachtung Schwester Ro¬
Handel des Westens an sich zog.
künstlerischen Ideen zur Geltung zu bringen, so nahe sie sich
salie, eine Freundin des Hauses, die Bemerkung macht: „Wie
ssen wächst Gras und jeder dritte
auch mit den Träumen Rodenbachs berühren.
seltsam! Die Haare überleben! Das ist das Mitleid des
selbst für sein tägliches Brod zu
Brügge bildet den Stimmungskreis, in dem er sich wahr= Todes. Er zerstört Alles die Augen, die Lippen, das
en zur Kirche läuten, sieht man
Antlitz, nur die Haare bestehen.
Sie bleiben... In
* *
der zu sprechen, in Mantel und
haft heimisch fühlte und zu dem er immer wieder zurückkehrte.
ihnen überlebt man sich.“ Hugo, der nur noch mit einem
um die Ecke biegen. Alles ist
Sein bestes und eindrucksvollstes Buch heißt „Bruges, la
unverheiratheten Freunde, einem Maler, verkehrt, lebt gleich¬
 stehengebliebenen Stück Mittel¬
morte!“ Das Drama, das er diesem Roman entnommen hat,
sam von seinem Schmerz und sorgt nur dafür, daß das Bild
Eycks und Memlings sich mäch= ist bei uns unter dem Titel „Trugbild“ — ursprünglich hieß
seiner dahingegangenen Genoveva in seiner Seele nicht ver¬
In
dig athmende Gegenwart.
es „Die stille Stadt“ — in der Uebersetzung von Siegfried
blasse. Da ereignet sich für ihn ein Wunder. Bei einem
Trebitsch in einer Weise gespielt worden, die alle Feinheiten
Gemüths wird man versetzt,
Spaziergang längs der Konäle erblickt er eine junge Dame,
dem kleinen Paris, und Oftende,
und Stimmungen verwischte und es wie ein großes Geister¬
die der Verstorbenen bis auf die dunkeln Augen, das röthlich¬
in Brügge Aufenthalt nimmt.
und Spektakelstück behandelte. Rodenbach ist in vielen seiner
blonde Haar und die Stimme völig gleicht. Er geht ihr bis
Heimath für die Kunst des früh Dichtungen un auch hier von den Schriften unseres E. Th.
zum Theater nach und erblickt sie dann auf der Bühne beim
nbach, der, von deutscher Ab-|A. Hoffmann, der auf die französischen Romantiker frühzeitig
Auftreten der Nonnen in „Robert der Teufel“. Daß sie eine
einen tiefen Einfluß gewann, und des Amerikaners Edgar
Boden geboren und erzogen war,
Tänzerin ist, was liegt daran, wenn ihr Anblick ihm nur die
Poe sichtlich beeinflußt werden. Seine Phantasie schwebt auf
hen Schriftsteller entwickelte und
Verstorbene wiedergiebt?
dem schwer zu begrenzenden Gebiet einher, wo das Erkennen
ordlandsthum, seinem tief inner¬
zur Ahnung, die Wirklichkeit zum Traum, das Sinnliche zum
allzeit ein Fremder blieb. Eine
Die Leidenschaft, die er für sie empfindet, entspringt nur
Uebersinnlichen hinüberstrebt. Aber in dem, was er will
seinen Adern. Sein Großvater
seinem Wunsch, wieder mit der Todten vereinigt zu sein. Er
die den Belgiern im Jahre 1830 und kann sowie in den Mitteln, zu denen er greift, bewährt
richtet ihr von seinem Vermögen eine Wohnung ein und scheut
er sich als selbständig schaffender Kopf und berufener Dichter
tten und hatte eine Enkelin
nicht, von seinen Landsleuten in der frommen Stadt hart
Verstalent besaß, zur Frau. Sein! Einem solchen auch auf seltsamen Wegen zu folgen bleibt
beurtheilt zu werden Er will die Selbsttäuschung noch weiter
immer ein Genuß und wir müssen uns Mühe geben, das zu
chAthen kam, war ein namhafter
treiben und bittet die Tänzerin, Abends in seine Wohnung
was Georges Rodenbach schrieb,
verstehen, was im ersten Augenblick befremdend wirkt. Leider
zu kommen, damit sie sich in dem Kleid der Verblichenen
ist dem Drama viel von dem verloren gegangen, was dem
verstanden bleiben, wo man die
zeige, angeblich, weil sie in diesem Kostüm von dem Maler
e Tiefe und dem schwer Verständ¬
Roman einen so eigenthümlichen Reiz vorleiht, die duftige auf einem großen Bilde dargestellt werden soll. Aber gerade
Schilderung des alten Brügge, wo man leichter als irgend wol in diesem Augenblick bricht die Täuschung zusammen und
gnet. So erschien er den Meisten,
als wunderlicher Träumer, mit anders in die Lage kommt, sich ans Vergangene anzuklam= Hugo findet, daß i#e Tänzerin in diesem Kleide seiner Frau
lmern und das Recht des Lebendigen zu unterschätzen. Ein nun garnicht mehr ähnlich sehe. Das Wunder, das er zu ent¬</Unicode>
            </TextEquiv>
        </TextRegion>
    </Page>
</PcGts>
