3436 4320
640 132 1531 192 liest heute Freitag in der Buchhandlung
649 183 1534 232 R. Lechner (Graben 31) aus seinem soeben er¬
644 211 1527 264 schienenen Roman „Das Herz im Ausverkauf“
660 251 1530 319 und dem demnächst erscheinenden Roman „Die
832 295 1362 349 Jagd nach dem Gestern“
642 333 1528 410 B
764 393 1449 483 Theater von gestern
637 465 1537 538 Drei Einakter von Schnitzler, Bahr und Salten
883 526 1322 599 im Akademietheater.
691 584 1544 655 Wieder einmal geistert Artur Schnitzlers
660 641 1550 701 „Puppenspieler“ über die Bühne, ein Mann, der
648 685 1546 744 späté Abrechnungen hält, und das Lebensdurch¬
650 734 1537 801 einander penibler bürgerlicher Familienregi¬
646 784 1540 851 stratur vorzieht. Schnitzler läßt hier Schleier
642 827 1547 891 ainken, eine Seele spielt die tragende Rolle,
645 879 1556 947 edle Worte klingen und klingen vorbei Es war
644 925 1555 984 die Zeit, in der noch gedichtet wurde, heute
658 968 1552 1036 wird längst geschrieben. Das Publikum, auf
649 1024 1534 1101 Herzigkeit, Spannung oder Grauen eingestellt,
1230 1958 1509 2146 Ol0
991 2190 1264 2284 Schnitzler.
656 2277 1464 2379 fällt bei Schnitzler erbarmungslos durch.
699 2343 1573 2420 Hermann Bahr macht es ihm leicht. Sein
668 2393 1571 2477 „Faun“, Skizze aus der Zeit des heidnischen
666 2463 1567 2516 Bahr, da noch Faune, Dryaden und sexuelle
665 2510 1566 2557 Pianisten aus seinem Schreibtisch krochen. Erst
660 2546 1568 2599 später wurde er Burgtheater-Direktor. Jetzt
670 2580 1575 2664 lebt er seit Jahren mit dem lieben Gott aufs
674 2648 1573 2710 innigste verbandelt, und will von solchen
674 2698 1581 2767 Stückerln, die er einmal aufgeführt, nichts
674 2753 1639 2810 wissen. Die Zeiten damals in Wien waren nochj er
1573 2788 1646 2841 ni
663 2788 1559 2857 Zeiten! Heute hält er längst bei Epochen.
1558 2833 1645 2889 te
670 2831 1560 2903 Frauen sollen getauscht werden, aber ihnen
1564 2875 1650 2941 26
664 2880 1558 2935 fehlt bei allem Willen zur Abwechslung die
665 2927 1570 2999 Voraussetzungslosigkeit für solche Spielerei
664 2981 1582 3041 und so tauschen sie die Zimmer statt der
671 3032 1585 3098 Körper. Jedes Männchen hält also sein eigenes
667 3068 1585 3142 Weibchen im Arm, ohne daß er’s weiß, und
664 3122 1582 3192 beide glauben sie an neues Erlebnis, das sie
672 3163 1579 3242 scheinbar auch erlebt haben. Ja, die zweifel¬
674 3207 1583 3289 hafteste Unbekannte ist der Phantasie zuträg¬
675 3266 1567 3337 licher als die schönste Bekannte. Erst spät er¬
663 3319 1575 3379 fahren sie, daß es die eigenen Frauen waren.
673 3374 1527 3437 Ein rein intellektuelles Spiel mit dem Spiel.
722 3406 1567 3480 Schwer zu glauben, daß selbst ein Burg¬
668 3436 1571 3532 theatermitglied die blonde Frau Wagener mit
671 3503 1584 3578 dem dunkeln Fräulein Kramer vertauscht, ohne
663 3560 1574 3618 was zu merken. Selbst 1200 Meter über dem
674 3606 1573 3672 Meer sind die Frauen auch des Nachts verschie¬
677 3661 1574 3726 den. Abenteuerlich geht es in den Morgen¬
670 3710 1590 3771 stunden zu, wie es in der Frühzeit Bahrs eben
664 3759 1578 3834 zuging. Man frühstückt und setzt sich zwischen
678 3797 1583 3879 Milch und Honig mit dem Problem auseinander.
669 3858 1570 3932 Damals war die gesamte geistige Welt des
670 3897 1573 3966 Hohe Warte-Wien noch von Josef Hoffmann
676 3947 1577 4031 eingerichtet. Man lag mehr als man saß. Der
678 3997 1595 4094 Regisseur Brahm geht hier über Hoffmann
2428 116 3295 171 volkstümliches Wesen treffen. Sie spielt diese
1577 101 2413 178 Hans Brahm, Regisseur aller drei Einakter,
2423 152 3302 224 Mizzi, nach deren Vergangenheit ein ganzes
1543 166 2411 231 gibt die Valeure des Damals mit eminent wiene¬
2419 216 3284 267 Zimmer benannt wurde, mit der Bodenständig.
1542 207 2418 272 rischem Sinn wieder. Das bürgerliche Musiker¬
2425 261 3294 314 keit des älteren Wien, der Harmlosigk it einer
1541 257 2412 311 zimmer Schnitzlers, die Wiener Werkstätte¬
2425 273 3310 351 Zeit, in der die Liebe noch der Liebe zuliebe
1541 311 2410 362 Welt Hermann Bahrs und Felix Saltens Pleu¬
2422 348 3284 405 da war. Reizend ist der junge Wolf Albach in
1547 349 2413 407 reusen-Diva im Chambre. Man merkt auch die
2428 403 3299 460 seinem Aristokraten-Deutsch und Herr Mayer¬
1546 403 2422 463 schauspielerische Führung durch den Regisseur.
2431 441 3303 508 hofer produziert sich in den tiefen Tönen eines
1547 447 2415 510 Zum Beispiel an der Lebendigkeit Philipp
2425 491 3301 560 Humors, den damals die Gäste den Oberkellnern
1545 492 2420 550 Zeskas, dem ein Mensch gelingt, und an Frau
2422 541 3148 610 kellnern noch nicht genommen hatten.
1541 546 2424 612 Pünkösdys verklärter Resigniertheit im Lärm
2935 578 3272 662 Siegfried Geyer.
1556 594 2441 669 der Empfindungen ringsum, die scheinbar vom
1554 628 3288 712 ——
1553 694 3348 874 Ein großer Tag für Oesterreichs
2159 837 2657 987 Rovenont
1551 1009 1671 1108 Na
1576 1108 1672 1165 In
1546 1155 1663 1213 reicl
1554 1202 1663 1253 sich
1545 1236 1676 1309 beht
1550 1290 1672 1350 sion
1552 1332 1681 1389 sche
1594 1377 1675 1430 W.
1551 1416 1678 1488 aufg
1559 1465 1676 1521 von
