3436 4320
265 258 1568 368 17.1. Der Puppenspieler
1629 276 2100 381 box 22/5
2677 1204 3350 1307 unbedingt mit Ihnen speechen.“
316 1214 2702 1341 war zu qualvoll. . ..“ Er hatte diese Worte bereits hervor= fährliche Probe. Sie vermögen sich nicht ganz so wie sie
2766 1255 3350 1344 Jetzt konnte er füglich nich
320 1328 2702 1393 gestoßen, als er erst ihre wahre Bedeutung inne wurde sind zu geben, und laufen damit Gefahr, auch bei ihrer
330 1329 3344 1434 und stockte, während Frau v. Séricourt, sich Luft zu= Frau einen spontanen Anlauf, einen Gefühlserguß auf¬ Sie sah bleich aus uid zitterte.
2685 1417 3333 1477 werden wie damals, da die
1609 1420 2704 1507 Eduard: Aber sieh' doch, Anna hat schon für dich
427 1446 1403 1515 Eduard: Nein, sprich das Wort nicht aus!
2690 1436 3353 1527 hielten? Aber die Zeiten haben
1515 1468 1694 1554 gedeckt.
423 1510 1288 1569 Anna (still): ... wär' ich gestorben....
2689 1508 3344 1567 war, konnt ich euch geben, was
1604 1506 2698 1577 Georg: Nein — ich bitte sehr — laßt das. Ich
430 1518 1515 1624 Eduard: Ja, das hat sie mir auch damals gesagt,
2686 1550 3338 1636 zulreich, um ein Verschwender
1512 1561 2696 1618 wünsche nicht, in meiner Lebensführung gestört zu werden.
331 1595 1516 1659 Georg. Und auf den Knieen ist sie vor mir gelegen....
2776 1593 3338 1664 Eduard: Ich denke j
1521 1611 2698 1699 Ich bin nicht mehr jung genug um langjährige Gewohn¬
335 1623 1523 1715 Das heißt, ich hab sie natürlich gleich aufgehoben . .. und hat
2690 1650 3349 1723 im gewöhnlichen Sinne. Aber
1521 1652 1886 1745 heiten abzulegen.
333 1674 1525 1752 mir das Ganze gestanden, Alles. Ja, viel mehr, als du
2694 1693 3342 1760 bei einiger Ruhe, bei einige
1609 1697 2696 1761 Eduard: Um welche Gewohnheiten handelt es sich da?
336 1722 1528 1807 selber wußtest. Und in meinen Armen hat sie sich aus¬
2703 1742 3344 1826 Weise, ja ohne deinen Willen
1605 1748 2703 1813 Georg: Ich bin gewohnt — ob ihr nun darüber
2697 1786 2880 1869 kämest.
325 1795 545 1877 geweint.
1514 1798 2705 1868 lächelt oder nicht — mein Diner, wann es mir beliebt, im
439 1808 1519 1897 Anna (lächelnd): Ja. Und so wurde es auch wieder
2789 1806 3340 1907 Georg: Ruhm? — Zeh
1512 1839 2704 1911 Freien, während des Spazierengehens, zu mir zu nehmen
342 1875 1519 1943 gut. Es dauerte gar nicht so lang. Es war doch ganz gut,
2748 1877 3340 1956 — zehntausend — sag' mir, i
1579 1870 2696 1956 und trage es daher gewöhnlich in der Tasche bei mir.
334 1920 1224 2008 dacht' ich bald, daß er nicht gekommen ist.
2695 1928 3347 2001 sterblichkeit anfängt, und ich wi
1603 1950 2701 2010 Der Kleine (kommt herein): Ist die Suppe noch
434 1936 1533 2044 Eduard: Und sie schrieb mir Briefe, als ich drüben
2710 1975 3339 2041 sein. — Reichthum? — Zehn
1518 1994 1756 2072 nicht da?
343 2005 1524 2101 in Amerika war. Ah, und was für Briefe! Alle hab' ich
2709 2013 3342 2085 Million? — Sag' mir, um n
1610 2024 2704 2103 Georg: Geduld, mein Junge. Gleich wird sie ra
335 2050 1529 2138 aufbewahrt. Wir lesen sie auch zuweilen wieder. In dem
2702 2069 3346 2145 ist, und ich will mich um Reich
344 2078 2710 2181 Fach dort liegen sie. Und dann, nach einiger Zeit, nahm sein. Und da ich euch auch nicht in euren Gewohnheiten zu
2701 2122 3338 2182 ist mir der Unterschied zwisch
1522 2132 2710 2212 stören wünsche, werdet ihr mir erlauben, mich ergebenst zu
345 2145 1518 2235 sie ein Billet und ging zu Schiff und kam zu mir nach
2700 2166 3352 2243 zwischen Dunkelheit und Ruhn
1528 2184 1789 2262 empfehlen.
347 2195 1529 2275 Boston. Ja Georg, hier steht ein Wesen; das mir nach
2711 2214 3347 2274 mir lohnte, einen Finger dar
1613 2205 2659 2307 Eduard: Aber Georg, was fällt dir denn ein?
354 2240 1534 2340 Amerika nachgereist ist, so sehr hat sie mich — geliebt. (Pause.)
2706 2259 3324 2336 spazieren geh'n, Freund, und
1606 2265 2272 2348 Georg (bestimmt): Laßt mich.
437 2289 1536 2364 Georg (nachdenklich): Und wenn ich damals ge¬
2701 2300 3349 2378 ist das Einzige, was eines M
1624 2292 2703 2386 Eduard (durch einen Blick Anna's aufgefordert, nicht weiter
344 2344 1193 2434 kommen wäre, als Sie mich erwarteten?
2697 2350 3331 2432 ist. Lebt wohl, meine Lieben;
1533 2369 2706 2438 in ihn zu dringen): Ja, aber man wird sich doch wieder¬
440 2382 1532 2464 Anna: Da wäre wahrscheinlich Manches anders
2712 2390 3349 2466 gesehen zu haben. (Zu dem ##
1539 2419 1744 2504 sehn....
2705 2440 3339 2520 Adieu! (Zu den Anderen:) Wer
349 2458 616 2529 geworden.
1614 2438 2712 2528 Georg: Es ist möglich, aber nicht gewiß. Wir wollen
446 2476 1532 2554 Georg: Es ist wol möglich. Von welchen Gefahren
2710 2493 3343 2554 einmal berufen ist. Und wen
1520 2495 2711 2586 es dem Zufall überlassen. Ich lebe nach keinem Programm.
339 2543 1315 2620 man manchmal bedroht ist, ohne es zu ahnen.
2705 2542 3342 2616 er nie geboren wäre, wenn ich
1531 2546 2719 2628 Und wenn ihr etwa meine Wohnung erfahrt — ich gebe
450 2583 886 2658 Eduard: Wieso?
2703 2586 3348 2661 Einfall gehabt hätte... Ihr
1521 2585 2675 2688 nichts auf Form##itäten, ich erwarte keinen Gegenbesuch.
446 2622 1540 2700 Georg: Wenn ich bedenke, es hätte mir passiren
2704 2640 3340 2714 er einmal groß genug ist, um
1624 2640 2712 2707 Eduard a, aber wenn du auch nicht besucht
348 2673 1537 2755 können, ein geordneter Hausvater zu werden, wie du — unter
2790 2683 3334 2754 Eduard: Das werden
1535 2693 2716 2765 werden willst, m#n lieber Freund — nimm's mir nicht
348 2713 1529 2794 einer Hängelampe zu sitzen und eine Zofe in Diensten
2785 2727 3351 2801 Georg: Ein Kind in
1786 2742 2714 2802 es äre ja möglich, daß.. ich habe nämlich
1534 2753 1750 2824 übel auf
354 2773 1535 2850 zu haben. .. Nein, laßt uns Alle froh sein, daß ich damals
2709 2779 3335 2849 (Das Dienstmädchen bringt die Su
1529 2794 2724 2871 gewisse Verbindungen — am Ende könnt ich dir in irgend
343 2802 1550 2903 nicht gekommen bin. Nein, ich bin nicht dazu geboren, an
2801 2818 3341 2886 Eduard: Und einen
1535 2851 2119 2929 welcher Weise dienlich sein.
349 2868 1121 2942 einem weißgedeckten Tisch zu speisen.
2705 2857 3347 2950 geradezu kränkend!   a will
1631 2876 2711 2962 Georg: Dienlich? — Es scheint, du willst mir so
455 2894 1543 2983 Eduard: Aber heute Georg, heute wirst du es wol
2712 2927 2981 3001 ringste.
1540 2928 2468 3027 irgend etwas wie eine Anstellung verschaffen?
354 2954 1085 3049 doch einmal ausnahmsweise thun.
2799 2948 3339 3029 Georg: Nun denn, we
1635 2961 2719 3060 Eduard: Nun, das wäre doch nicht das Schlimmste.
457 3010 948 3088 Georg: Was denn?
2707 3003 3328 3089 anbieten wollt, so erlaubt
1627 3027 2707 3096 Georg: Es duldet dich wol nicht, daß du mich so
455 3044 1352 3143 Eduard: Du bleibst bei uns zu Tische.
1532 3060 3327 3172 frei und unbeschränkt leben siebst? Ich soll wol ein Tropf Namensvetter einen Kuß auf d
2964 3116 3221 3187 a
2382 3127 2522 3201 uft
474 3111 872 3210 Georg: O nein.
