3484 4320
1510 178 2010 280 box 22/6
227 196 1445 309 17.1. Der Puppenspieler
2556 1318 2666 1395 S
1789 1372 3111 1447 Daß die Debatten interessant waren, bewies die große Anzahl
1666 1385 1787 1454 jen
1676 1437 1786 1495 ch¬
1781 1423 3106 1490 bürgerlicher Zuhörer und Zuhörerinnen. Freilich, die Neugierde
1786 1474 3111 1535 war auch geladen und mancher wollte nur einmal einen berühm¬
1666 1478 1788 1541 err
1787 1522 3109 1578 ten Genossen sehen. Das gab oft eine Enttäuschung. Bebel
1780 1553 3112 1626 vor allem sieht sehr zahm aus. Auch der Anzug hat durchaus
1668 1574 1789 1632 re¬
1788 1606 3097 1662 nichts aufrührerisches, wie es so manche naive Gemüter erwar¬
1794 1649 3109 1703 teten. Spricht dieser Mann aber, so ändert sich der Eindruck.
1783 1691 3102 1752 Man muß ihn hören, wenn er eine Sache, eine Einrichtung oder
1785 1738 3110 1808 gar eine Person angreift. Ein Temperament, das unbedingt
1794 1770 3116 1844 echt ist, bricht sich dann Bahn und die Worte drängen sich nur
1866 1822 3114 1873 Alles ist klar, ohne nüchtern zu sein, lebhafte Gesten unter¬
1684 1837 1780 1891 er
1785 1856 3110 1927 stützen das Wort. Man hörte nach ihm in der Massenstreik¬
1671 1875 1790 1940 eit
1781 1898 3117 1952 1 Debatte den Gewerkschaftsführer Legien. Welch ein Gegensatz!
1686 1925 1794 1979 #te
1783 1952 3118 2014 Dieser Mann ist vom Kopf bis zur Zehe praktisch, kühl, über¬
1785 1994 3117 2059 legend. Seine Logik ist (natürlich immer vom soziakistischen
1791 2038 3116 2100 Standpunkt aus gesehen) ausgezeichnet und alles was er sagt,
1785 2079 3117 2148 ist nur ein Mittel des Ausdruckes für längst gehegte Gedanken.
1782 2131 3111 2196 Hier ist nichts spontanes, aber auch nichts mitreißendes. Man
1787 2171 3123 2236 könnte noch von mehreren Rednern sprechen, namentlich von Frau
1774 2204 3120 2296 ]Luxemburg. Bei ihr ist die Schärfe Person geworden mnd es ist
1785 2261 3114 2319 nach einmaligem Zuhören unmöglich, zu unterscheiden, was angeboren,
1789 2309 3124 2368 was anerworben sein mag. Die Ruhe der Zuhörer während der
1788 2338 3117 2416 Debatten war ausgezeichnet und von persönlichen Zänkekeien war
1796 2403 3121 2450 wenig zu bemerken. Der Nibelungensaal bot einen herrlichen
1790 2433 3122 2491 Rahmen, der lächelnde Beobachter außerhalb der Parteien konnte
1794 2467 3120 2542 konstatieren, wie außerordentlich anziehend ästhetischer Luxus auch
1785 2526 3120 2583 auf den wirkt, der prinzipiell zuerst das Nützliche betont. Die
1796 2557 3118 2628 kleine Komödie wegen des Saales, aufgeführt von der Partei
1785 2613 3117 2684 und dem hiesigen Stadtrat, hatte so ihren Schluß gefunden, alle
1784 2661 2768 2726 Darsteller zeigten sich als überraschend weltklug.
1869 2681 3123 2756 Vom Parteitag zum Kaimorchester! Schon sind die
1786 2746 3122 2802 Winterprogramme veröffentlicht. Sie verheißen viel des Schönen,
1790 2799 3122 2843 namentlich die populären Konzerte sind ausgebaut worden.
1796 2829 3128 2895 Bürgermeister Martin tut hier wirklich in aller Stille außer¬
455 2835 1658 2928 ##) Mannheimer Brief. ###00
1788 2861 3123 2937 ordentlich viel. Wirft man einen kurzen Rückblick auf die
567 2899 1693 2970 (Die rote Woche. — Kaimkonzerte. — Vom Theater.)
1790 2901 3125 2982 Sommerkonzerte, so ergibt sich ein ausgezeichnetes Fazit. Natür¬
1791 2947 3133 3032 lich hat das Kaimorchester auch seine Schwäche. Die Blechbläser,
538 2956 1785 3019 Die „Badische Landeszeitung“ hat über den sozialdemo¬
1794 3001 3133 3063 mit Ausnahme der Hörner, lassen mancherlei zu wünschen übrig,
453 3003 1785 3068 kratischen Parteitag so ausführlich berichtet, daß kaum
1792 3038 3134 3104 die Holzbläser ebenso. Die Streicher dagegen sind absolut erst¬
465 3058 1783 3122 etwas nachzutragen ist. Es ziemt sich auch nicht, hier unter dem
399 3078 3137 3170 # Striche über das Ergebnis der ganzen Verhandlung zu streiten. 1 klassig und namentlich ihr pianissimo ist vollendet schön. So steht
