3436 4320
1568 151 2038 252 box 22/6
270 136 1493 259 17.1. Der Punpensnieler
934 1065 1312 1168 Telephon 12801.
1767 1134 1872 1252 9
1117 1175 1815 1302 „UBSEHVEh
916 1272 2023 1378 I. österr. behördl. konz. Unternehmen für Zeitungs-Ausschnitte
1099 1308 1836 1419 Wien, I., Concordiaplatz 4.
1328 1402 1631 1466 Vertretungen
906 1435 2013 1535 in Berlin, Budapest, Chicago, Christiania, Genf, Kopenhagen,
914 1479 2026 1572 London, Madrid, Mailand, Minneapolis, New-York, „Paris, Rom,
1071 1520 1841 1610 San Francisco, Stockholm, St. Petersburg.
1245 1571 1679 1634 (Quellenangabe ohne Gewähr.)
899 1616 1338 1717 Ausschnitt aus:
1359 1670 1861 1789 Die Wage, Wien
915 1715 1347 1802 vom: " 5. 1906
980 1785 2441 1903 dieder Berliner da. Allerdings nicht Reinhardt,
864 1820 2434 1944 sondern Brahm. Und mit Hauptmanns „Elga“ wurde in diesem Jahre die
862 1879 2440 1997 Berliner „Season in Wien“eröffnet. Ich weiß nicht, wie oft ich an dieser
870 1947 2426 2052 Stelle schon“ gesagt habe, daß Hauptmann zur dichterischen Persönlichkeit vor
864 2001 2417 2100 allem eines fehlt: die Persönlichkeit. Er ist ein zufälliger Geist. In „Elga“,
853 2041 2434 2124 dieser romantischen Schauerballade, die eine feine Grillparzersche Novelle in
854 2111 2426 2186 grobe Kolportagedramatik umsetzt, würde kein noch so gründlicher Versteher den
865 2137 2240 2240 Dichter der „Weber“ oder der „Einsamen Menschen“ wiedererkennen.
968 2198 2426 2294 Selbst die Romantik der „Versunkenen Glocke“ ist himmelweit von der
850 2235 2422 2342 Romantik der „Elga“ entfernt. Doch hätte Hauptmann gerade in diesem Falle
851 2284 2410 2386 von Grillparzer, dem Dramatiker, viel lernen können: die Technik des Traum¬
847 2328 2425 2444 stückes aus dem „Traum ein Leben“, die Technik des gruseligen Ritterstückes
850 2395 2414 2467 aus der „Ahnfrau“. So aber hat er nur grob zufahrend eine Novelle drama¬
844 2433 2413 2539 tisiert, und die Flüchtigkeit der Arbeit muß auch dem auffallen, der nicht zu¬
836 2480 2407 2552 fällig weiß, daß die „Elga“ in ein paar Tagen hingeworfen wurde. Die Traum¬
831 2539 2409 2634 bilder, aus denen „Elga“ besteht, sind durch musikalische Intermezzi voneinander
828 2587 2416 2685 geschieden. Hinter dem schwarzen Vorhang, der nach jedem Bilde fällt (er tat
838 2632 2421 2753 Hauptmann schon einmal bei Hannele gute Dienste), erklingt der Gesang der
795 2711 2374 2841 Mönche. Stimmung!!! Es sollte mich gar nicht wundernehmen, wenn Haupt¬
801 2773 2374 2866 mann eines Tages ein echtes und rechtes Melodram schreiben würde. Natürlich
800 2815 2368 2919 würde man uns dann einreden wollen, das Melodram sei das Drama der
798 2878 2368 2981 Zukunft. Denn daß die Musik in diesem Falle mitsamt dem schwarzen Vorhang
786 2913 2365 3031 an, die naiven Gemüter im Publikum wirkt — wer wollte das leugnen?!
791 2957 2357 3078 Man versuche aber einmal, „Elga“ ohne schwarzen Vorhang und ohne Zwischen¬
787 3033 2362 3124 aktgesang aufzuführen, der Erfolg wäre kläglich und — beleyrend. Was die Auf¬
779 3047 2367 3172 führung betrifft, so war Frau Triesch eine berückend interessante Elga, und
786 3107 2352 3219 Herr Rittner war ein prachtvoller Gegenspieler. Den Abend eröffnete ein Ein¬
787 3171 2355 3279 akter von Schnitzler: „Puppenspieler“. Ein hübscher gedanklicher Einfall, nichts
782 3214 2365 3312 weiter. Die Idee zu einem Stücke, kaum ein Stück. Aber man freut sich, daß
777 3265 2369 3376 der Dichter Schnitzler soviel Autorität bei uns besitzt, daß man auch einen
770 3305 2387 3452 Span vom Werktisch (der Span ist allerdings aus edlem Holz) mit Achtung“
761 3354 1324 3456 und Liebe entgegennimmt.
