3392 4352
1574 215 2034 307 box 22/5
207 222 1418 331 17.1. Der Pupbensnieler
2086 591 3275 669 Sonntagsblatt der New-Yorker Staats-Zeitung,
2535 702 3302 764 Reichthum bemühen. Vorläufig ist mir der
1808 705 2518 772 Eduard: Das hab' ich für meinen Theil
258 726 1766 781 nen. (L ieht ver sich hin. Dann): will ich ganz ehrlich gestehen: Ich bin im
2532 758 3289 802 Unterschied zwischen Armuth und Reich¬
1769 754 2102 809 immer behauptet.
1007 753 1763 811 Arbeitsrock, darum will ich dieses Ueber¬
255 761 476 821 Eduard
2536 790 3289 853 thum, zwischen Dunkelheit und Ruhm zu
1808 785 2533 861 Anna: Es war vielleicht mehr eine Art
1011 799 1761 850 kleid nicht ablegen. Ich hatte ja keine Ah¬
277 788 592 855 Eduard: Nun?
1770 829 3297 881 Sehnsuchi, Dich auf den rechten Weg zu gering, als daß es sich mir lohnte, einen Fin¬
1010 843 1765 909 nung, daß ich heute plötzlich als Besucher
288 822 994 896 Georg: Es war wohl der erste berauschte,
1777 883 1940 938 bringen.
2521 877 3288 930 ger darum zu rühren. Lass' mich spazieren
1014 879 1766 951 aufzutreten hätte. — Nein, Anna, wie Sie
249 881 1008 955 sozusagen glühende Abend, den Du erlebt
1806 904 2340 982 Georg: Auf den rechten Weg?
2535 924 3284 975 geh'n, Freund, und mit Menschen spielen.
1020 921 1391 978 jung geblieben sind!
258 929 381 993 hast?
2535 962 3294 1017 Das ist das Einzige, was eines Menschen
1811 939 2530 1016 Anna: Den ich eben für den rechten
1036 942 1772 1029 Eduard: So sagt Euch doch. Du, wie
285 950 1004 1039 Eduard: Es war ein seltsamer Abend,
2530 1011 3291 1056 meiner Art würdig ist. Lebt wohl, meine
1778 1002 2516 1077 hielt. Und dazu hielt ich es für nothwendig,
1009 1001 1755 1065 damals; es ist doch wahrhaftig kein
251 1012 495 1077 ganz gewiß.
2527 1050 3284 1095 Lieben; ich freue mich, Euch wiedergesehen
1776 1046 2267 1115 Dich von Irene zu befreien.
1020 1050 1196 1110 Grund —
296 1047 998 1113 Georg: Es waren wohl auch die ersten
1804 1090 2070 1145 Georg: Wie?
2532 1092 3259 1149 zu haben. (Zu dem Kleinen): Abieu —
1042 1067 1767 1139 Georg: Es ist wahrhaftig kein Grund.
253 1096 1008 1164 zärtlichen Worte, die Du zu hören bekamst
2543 1125 3289 1178 Georg — Adieu! (Zu den Anderen): Wer
1814 1110 2520 1203 Anna: Ja, von Irene, die Dich — nun,
1020 1131 1747 1180 Ei, was bist Du jung geblieben, Anna!
251 1136 574 1196 an jenem Abend?
2541 1171 3279 1233 weiß, wozu dieser kleine Junge einmal be¬
1769 1174 2256 1221 die Dich so wenig verstand.
1067 1164 1760 1252 Eduard (betrachtet seine Frau mit
286 1172 753 1243 Eduard: Du glaubst —
2544 1209 3284 1275 rufen ist. Und wenn man zugleich bedenkt
1810 1200 2524 1272 Georg: Inwiefern? Was bringt Dich auf
1016 1210 1246 1274 Liebe): Ja.
292 1199 1011 1278 Georg: Ich weiß es ja. Wie oft hab'
2530 1257 3285 1315 daß er nie geboren wäre, wenn ich nicht ar
1773 1244 2301 1317 die Vermuthung, daß Irene —
1050 1239 1770 1324 Anna (etwas verlegen): Aber wie kommt
250 1251 1011 1321 ich Dich seufzen gehört, daß Du zum Glück
2540 1296 3287 1345 jenem Abend den Einfall gehabt hätte...
1814 1277 2533 1351 Eduard: Soll ich's mit einem kräftigen
1020 1296 1767 1352 es denn nur, wie habt Ihr Euch denn ...
252 1304 996 1361 nicht geschaffen, daß Du bestimmst seist,
2538 1338 3285 1395 Ihr müßt es ihm erzählen, wenn er einmal
1783 1342 2521 1415 Worte bezeichnen? Sie hielt Dich zum Nar¬
1059 1343 1767 1396 Eduard: Denke nur den Zufall, Anna!
255 1350 1006 1404 Deine Jugend einsam und ungeliebt zu ver¬
1784 1384 1850 1433 ren
2533 1373 3141 1442 groß genug ist, um es zu verstehen.
1008 1386 1756 1439 Hier vor dem Hause! Nachdem man einen
256 1387 994 1450 bringen, weil Du ein so verschüchterter und
2572 1416 3284 1492 Eduard: Das werden wir uns doch über¬
1803 1395 2430 1484 Georg: Mich? — Irene — mich?
1016 1420 1765 1485 Menschen durch Jahre wie mit Lichtern ge¬
256 1428 730 1492 ängstlicher Bursch' warst.
2529 1441 2665 1524 legen.
1820 1451 2532 1525 Anna: Nun, sie war doch eigentlich schuld
1021 1466 1762 1523 sucht hat! Ich gehe spazieren — oder viel¬
293 1443 1011 1532 Eduard: Nun ja, meine Jugend war frei¬
2573 1481 3281 1564 Georg: Ein Kind meiner Laune — wahr¬
1776 1504 2531 1553 daran, daß Du damals, nach Deinem ersten
1009 1504 1764 1561 mehr, ich komme aus der Probe, da erblick'
248 1513 947 1580 lich recht armselig in mancher Hinsicht.
2546 1536 3295 1618 haftig. (Das Dienstmädchen bringt die
1783 1545 2529 1600 Erfolg, Alles aufgabst; daß Du aus dem
1022 1552 1760 1611 ich ihn zehn Schritte vor mir — am Gang
289 1550 1005 1610 Georg: Bis zu jenem Frühlingsabend,
2535 1587 2860 1647 Suppe.) Adien.
1774 1592 2537 1652 Amt austratest, wo Du doch wenigstens
1016 1594 1760 1642 hab' ich ihn erkannt — und ruf' ihn an.
243 1599 998 1670 da man Dir zum erstenmale glühende
2566 1603 3284 1687 Eduard: Und keinen Löffel Suppe? —
1783 1633 2349 1686 Dein sicheres Einkommen hattest:
1019 1639 1768 1709 Und er wendet sich um und will wieder sei¬
242 1633 593 1699 Worte zuflüsterte.
1809 1656 2532 1728 Geora: Sie hat an mich geglaubt. Sie
2541 1660 3296 1740 Es ist gerabezu kränkend! Du willst weg¬
1024 1682 1337 1742 nes Weges gehen.
293 1656 1015 1754 Eduard (mit listigen Augen): Daß Du
1782 1714 3094 1763 wollte nicht, daß ich meine freie Seele in die geh'n, ohne das Geringste....
1054 1703 1762 1775 Georg: Ich hab' Dich nicht erkannt, ich
257 1699 748 1786 Dich daran noch erinnerst!
2574 1732 3290 1813 Georg: Nun denn, wenn Ihr mir durch¬
1777 1762 2508 1813 Bande eines täglichen Brufes ketten sollte.
1014 1762 1481 1824 bin ein wenig kurzsichtig.
286 1736 1001 1826 Georg: Es hat seinen Grund, Eduard.
2539 1801 3288 1850 aus etwas anbieten wollt, so erlaubt mir,
1807 1794 2532 1852 Anna: Nun ja — aber sie wußte doch so
1051 1807 1769 1862 Eduard: Oder wolltest mir wieder da¬
252 1798 1007 1866 Und ich halte es für sehr wahrscheinlich, daß
2536 1848 3293 1900 meinem jugendlichen Namensvetter einen
1780 1844 2522 1915 gut wie wir, daß Du trotz Deiner freien
1020 1843 1764 1898 von, Aber nein, das wäre denn doch zu
255 1854 1006 1904 uns das Schicksal nur deshalb noch einmal
2533 1884 3290 1933 Kuß auf die Stirn zu geben. (Er hebt ihn
1776 1886 1905 1943 Seele
1024 1884 1779 1963 arg; wenn man Jemanden durch Jahre
253 1890 1005 1958 zusammengeführt hat, damit Du die Wahr¬
2539 1921 3299 1982 auf und küßt ihn. Nach einer Pause:) Viel¬
1819 1914 2261 1984 Georg: Was wußte sie?
1033 1932 1135 1989 sucht
257 1937 515 2009 heit erfährst.
1823 1964 3294 2022 Anna: Daß Du nicht von der Luft leben leicht bedarf dieser etwas rührsame Einfall
1051 1946 1677 2033 Georg (ernst): Wie mit Lichtern.
285 1954 1014 2045 Eduard (wie oben): Was willst Du mir
1778 1996 1948 2066 konntest.
2526 2019 3297 2065 der Erklärung. Nun, ich habe keinen An¬
1045 2001 1770 2082 Anna: Wo waren Sie denn eigentlich?
247 2017 550 2081 sagen, Georg?
2530 2049 3291 2113 laß, Euch zu verhehlen, daß ich auch einmal
1810 2030 2472 2107 Georg: Das ist noch eine itfrage.
1045 2051 1773 2113 Eduard: Wo warst Du? Ich bestehe
282 2038 1021 2125 Georg: Ich vermuthe, daß dieser Abend
2537 2089 2843 2149 eine Frau hatte.
2333 2083 2544 2160 dachte je¬
1816 2098 2263 2149 Anna: Nun, wie immer.
1027 2103 1771 2148 darauf, daß Ihr Euch Du sagt, wie früher.
257 2100 1003 2150 bedeutungsvoller für Dich war, als Du
2572 2115 3205 2201 Eduard: Du hattest eine — Frau?
1780 2121 2530 2185 denfalls, Irene wäre für Dich nicht ganz
1029 2143 1763 2216 Ich bin sonst nicht eigensinnig, aber darauf
253 2146 999 2200 ahnst. Ich glaube, daß Du an diesem
2567 2163 2839 2245 Anna: Irene!
1774 2174 2537 2244 die Rechte. Ich habe sie ja so gut gekannt.
1019 2190 1219 2247 besteh' ich.
261 2190 1012 2248 Abend den Lebensmuth in Dich getrunken
2563 2192 3167 2277 Georg: Ja. Und auch ein Kind.
1784 2218 2535 2269 Und Dich auch. Ich hätte Dich so gern in
1063 2208 1772 2295 Anna: Wo warst Du denn eigentlich in
245 2218 1019 2286 hast, von dem Du auch heute noch erfüllt
2573 2243 3179 2329 Anna (ergriffen): Einen Sohn?
1777 2253 2534 2321 Sicherheit und Ruhe gewußt; und ich fürch¬
1027 2265 1388 2332 dieser langen Zeit?
261 2271 1006 2321 bist. Denn damals, gesteh' es, hast Du
2573 2300 2797 2358 Georg: Ja.
1768 2286 2537 2370 tete, daß Du dergleichen bei Irene nicht fin¬
1059 2287 1752 2380 Georg: Ich war meistens auf Reisen.
248 2324 1015 2376 zum erstenmale empfunden, daß auch Du
2576 2326 3017 2395 Anna: Wo sind sie —?
1777 2347 2032 2400 den würdest.
1052 2347 1452 2410 Anna; Auf Reisen?
248 2355 1016 2425 im Stande bist, Glück zu geben, Glück zu
1815 2361 2533 2450 Georg: Sicherheit — Rühe.. sind das
2563 2359 3293 2434 Georg: Meine Frau ist von mir später
1069 2365 1709 2458 Georg: Ja. In der Welt herum.
252 2392 496 2450 empfangen.
2541 2419 3297 2478 fortgegangen, und der Bub, den sie mir
1773 2414 2540 2474 Dinge, die für mich jemals Werth hatten?
1064 2435 1410 2492 Anna: Und allein?
293 2411 980 2493 Eduard: Da hast Du nicht Unrecht.
2543 2461 3269 2516 zurückgelassen .... (Absichtlich kalt); ist ge¬
1812 2469 2533 2524 Anna: Ich glaubt' es eben. Und darum
1075 2451 1768 2545 Georg: Vorzugsweise allein. Anfangs
291 2477 1014 2537 Georg: Wäre jene Stunde nicht gewesen,
1789 2508 2529 2580 hab' ich auch nach jenem Abend nicht gleich
2536 2505 3306 2569 storben. Ja. Ersehet daraus, meine
1022 2517 1321 2574 allerdings nicht.
256 2520 1016 2573 Du wärst wohl Dein Lebtag der verschüch¬
1778 2551 2161 2615 aufgehört zu hoffen.
2540 2546 3297 2592 Freunde: — das Schicksal wünscht nicht,
1061 2538 1765 2630 Anna: Anfangs bist Du wohl mit Irene
258 2563 1021 2617 terte, ängstliche Bursch geblieben, als den
2544 2585 3333 2646 daß ich durch Alltagssorgen an den Boden
1814 2591 2183 2650 Georg: Inwiefern?
1061 2602 1237 2659 gereist?
259 2605 1020 2668 ich Dich kannte. Vielleicht hättest Du nicht
2534 2629 3291 2687 geschmiedet werde. Menschen meiner Art
1803 2612 2532 2687 Anna: Ich habe ein paar Tage lang auf
1054 2618 1516 2703 Georg: Ja, mit Irene.
253 2642 1014 2717 einmal den Muth gefunden, um ein Weib
2548 2662 3303 2736 müssen frei sein, wenn sie sich ausleben sol¬
1776 2677 2529 2740 Dich gewartei. Mir war, als müßtest Du
1060 2657 1770 2742 Eduard: Hm. Wo — ich meine —
249 2688 484 2746 zit werben.
2543 2713 2961 2779 len. Lebt wohl. (Ab.)
1781 2717 2529 2775 selbst. (Pause). Aber Du bist nicht ge¬
1027 2704 1761 2803 (Blick Anna's) wo sie jetzt wohl sein mag,
297 2715 1009 2802 Eduard (wie überzeugt): Du hast Recht,
2567 2752 3183 2813 Eduard: Georg! (Will ihm nach.)
1787 2759 2528 2813 kommen. Und dann — hab' ich engefan¬
259 2762 413 2831 Georg.
1027 2775 1169 2833 Irene.
2563 2786 3310 2874 Der Kleine (hat angefangen, seine Suppe
1788 2808 2539 2857 gen, mich zu schämen. Nicht nur für mich,
1048 2797 1770 2862 Georg (ruhig): Ich weiß nicht. Ich habe
285 2787 1006 2878 Georg: Und wie kam dies Alles? Wo¬
2536 2829 2756 2905 zu essen).
1780 2848 2530 2906 auch für ihn, für Eduard. Ja wirklich, bis
1022 2835 1775 2918 lange nichts mehr von ihr gehört. Ich war
258 2854 1010 2911 durch ward diese außerordentliche Verän¬
2581 2858 3295 2938 Anna: Lass' ihn! Lass' ihn! Wir wollen
1791 2887 2531 2946 in die tiefste Seele hab' ich mich für uns
1028 2892 1776 2951 weit herum. Ich bin soge in Californien
263 2901 1003 2957 derung Deines Wesens hervorgerufen? In¬
2534 2918 3306 2994 ihm nicht das Letzte nehmen, was ihm ge¬
1792 2927 2523 2979 Beide geschämt. Am allerliebsten wär' ich—
1017 2946 1467 3003 gewesen und in Indien.
247 2938 1011 2995 dem Du glaubtest, das schöne Mädchen, das
2538 2963 2744 3022 blieben ist.
1818 2964 2534 3040 Eduard: Nein, sprich das Wort nicht aus!
1054 2977 1333 3041 Eduard: Ahl
257 2981 1020 3032 Dich damals doch zum erstenmale sah, hätte
2568 2987 3247 3064 Eduard: Wieso denn? (Sieht sie an.)
1810 3014 2537 3072 Anna (still):... wär' ich gestorben....
254 3032 979 3094 sich auf den ersten Blick in Dich verliebt.
1055 3005 1784 3090 Georg: Dann hab'ch mich allmälig auf
2574 3057 3297 3117 Anna (bindet dem Kleinen die Serviette
1809 3054 2543 3119 Eduard: Ja, das hat sie mir auch damals
285 3069 968 3117 Eduard: Ich hatte doch alle Ursache.
1029 3059 1777 3125 Europa beschränkt, und später sind meine
2535 3083 2643 3141 um).
1776 3085 2528 3146 gesagt, Georg. Und auf den Knieen ist sie
295 3084 1009 3181 Georg: Du hattest Ursache, es zu glau¬
1025 3113 1780 3167 Reisen immer kleiner geworden. (Beschreidt
2581 3115 3267 3188 Eduard (kommt herbei, streicht ihr übe
1780 3129 2543 3210 vor mir gelegen. . .. Das heißt, ich hab' sie,
247 3150 832 3210 ben; aber Du hast Dich geirrt.
1020 3150 1774 3218 mit der Hand eine Spirale.) Der Kreis
2541 3177 3292 3252 die Haare. Sie blickt nicht auf. Er##
1781 3178 2531 3234 natürlich gleich aufgehoben .... und hat
295 3186 909 3252 Eduard: Wie? Ist es möglich?
1024 3192 1770 3248 immer enger. Jetzt mach' ich nur Wande¬
2542 3215 3090 3276 wie verstehend.) Nun ja ....
1788 3228 2534 3276 mir das Ganze gestanden, Alles. Ja, viel
296 3239 1013 3299 Georg: Das Ganze war ein tiefsinniger
1021 3248 1776 3290 rungen in der Umgebung Wiens. Aber das
2571 3258 3296 3338 (Sie setzen sich und essen.) — Vorhang.
1788 3270 2540 3328 mehr, als Du selber wußtest. Und in mei¬
264 3268 823 3343 Spaß, den ich ausgedacht hatte.
1028 3280 1768 3329 ändert nichts. Denn für mich bedeutet ein
1788 3313 2405 3370 nen Armen hat sie sich ausgeweint.
1027 3322 1773 3378 Spaziergang auf den Geländen da draußen
292 3322 1009 3394 Eduard (in verstellter Verwunderung):
1810 3334 2537 3403 Anna (lächelnd): Ja. Und so wurde es
257 3352 501 3428 Ein Spaß?
1033 3362 1777 3429 mehr, als für Andere eine Fahrt um die
2535 3361 3292 3439 (Für das „Sonntagsblatt der N. D. Staats=Zeitung“.)
1778 3389 2535 3451 auch wieder gut. Es dauerte gar nicht so
288 3385 1015 3457 Georg: Ja. Es war eine abgekartete
1028 3398 1776 3461 Welt. Denn überall giebt es Menschen
1790 3414 2545 3503 lang. Es war doch ganz gut, dacht' ich bald,
1031 3454 1771 3518 und Schicksale, wenn man sehen und höden
256 3443 1009 3513 Sache. Die Kleine, die so zärtlich mit Dir
2663 3423 3179 3521 Wahre Liebe
1784 3475 2254 3531 daß er nicht gekommen ist.
1021 3492 1136 3547 kann.
252 3498 1013 3552 war, that einfach, was ich wollte. Ihr
2691 3494 3148 3576 Skizse von Peter Ransen.
1818 3501 2530 3571 Eduard: Und sie schrieb mir Briese, als
1059 3514 1771 3599 Eduard: Im Ganzen lebst Du jetzt sehr
255 3532 1021 3578 war't die Puppen in meiner Hand; ich
1786 3556 2543 3611 ich drüben in Amerika war. Ah, und was
2584 3538 3290 3625 Er lag in einem niedrigen Schaukelstuhl
255 3569 1020 3626 lenkte die Drähte. Es war abgemacht, daß
1031 3571 1499 3638 zurückgezogen, nicht wahr?
1782 3593 2533 3655 für Briefe! Alle hab' ich aufbewahrt. Wir
2553 3596 3288 3654 und rauchte, neben einer Art von Rohr¬
255 3617 1027 3675 sie sich in Dich ve# ht stellen sollte. Denn
1058 3612 1770 3674 Georg: Wie man's nimmt. Ich finde
1781 3634 2540 3695 lesen sie auch zuweilen wieder. In dem
2553 3638 3287 3697 Chaiselongue, auf der das Fräulein zwi¬
259 3652 1005 3712 Du hast mir immer leid gethan, Eduard.
1030 3665 1763 3730 auch Gesellschaft, wenn mir's grave paßt.
1789 3687 3294 3739 Fach dort liegen sie. Und dann, nach eini=schen weichen Kissen ruhte. Ihr Rock verbarg
248 3694 1009 3756 Ich wollte in Dir die Illusion eines Glücks
1028 3708 1764 3762 Ich hab' auch Freunde und Freundinnen
1783 3729 3293 3778 ger Zeit, nahm sie ein Billet und ging zu nur halb die zierlichen Füße, die in gestick¬
253 3740 1014 3802 erwecken, damit Dich das wahre Glück be¬
1023 3755 1760 3808 für einen Tag. Und ein Tag ist lang,
1787 3756 2520 3812 Schiff und kam zu mir nach Boston. Ja,
2548 3769 3298 3836 ten Strümpfen und kleinen, koketten Halb¬
249 3785 1014 3840 reit fände, wenn es einmal erschiene. Und
1028 3789 1774 3850 venn man versteht, zu leben. Ich bin wie
1786 3809 2530 3860 Georg, hier steht ein Wesen, das mir nach
2535 3811 2828 3870 schuhen steckten.
259 3825 1014 3886 so hab' ich — wie es Leuten meiner Art
1018 3828 1764 3885 Harun=al=Raschid, der unerkannt im Volke
2573 3829 3294 3908 Ueber die Veranda hinaus sah man den
1780 3852 2533 3922 Amerika nachgereist ist, so sehr hat sie mich
263 3869 1008 3922 wohl gegeben sein mag — vielleicht noch
1032 3873 1765 3938 wandelt. Die Leut mit denen ich da
2538 3883 3299 3964 Sund, der in der Sonne glitzerte und fun¬
1824 3895 2165 3950 geliebt. (Pause.)
263 3914 1781 3967 tiefer gewirkt, als ich wollte. Ich habe draußen (große Geste) i de, ahnen nicht,
2540 3938 2656 3988 kelte.
1807 3907 2528 3997 Georg (nachdenklich): Und wenn ich da¬
258 3950 1013 4008 Dich zu einem andern Wenschen gemacht.
1012 3960 1775 4010 wer ich bin; und wer von mir Abschied
1779 3972 2536 4045 mals gekommen wäre, als Sie mich erwar¬
2583 3949 3287 4040 Mitten in einem Zug aus der Cigarre
257 3993 1769 4034 Wahrhaftig, es ist ein edleres Vergnügen, nimmt, weiß nicht, ob er mich jemals wie¬
2545 4004 2749 4087 gähnte er.
1781 4021 1904 4075 teten?
257 4035 1775 4116 mit Lebendigen zu spielen, als Luftgestal= derfindet. Es ist ein höchst interessantes
2578 4042 3075 4121 „Hans, — Du gähnst ja!“
1809 4038 2538 4130 Anna: Da wäre wuhrscheinlich Manches
252 4076 1021 4150 ten im poetischen Tanze herumwiebeln zu
2582 4082 3247 4152 „Ach ja, es ist so furchtbar warm!“
1790 4106 2105 4160 anders geworden.
265 4114 403 4178 lassen.
1063 4101 1771 4176 Eduard: Und wenn Di nicht spazieren
2615 4141 2851 4183 ie hielt soht
3048 4134 3280 4183 einen kleinen
