3436 4320
1530 225 2053 328 box 22/6
255 250 1505 340 17. 1. Der Punpenspieler
425 1268 3346 1341 spricht. neder gemeinsame Jahrplanfeftsegung wdurde z. B.#se. de Schifssräumte heran, die auf diese Wesscanteumihirten konnte, so wenig
1626 1314 2799 1371 deutscher Flagge zu vielseitiger Interessengemeinschaft Von
2837 1333 3362 1404 in allen Regierungsbezirke
528 1327 1419 1411 2) Verlag von E. S. Mittler u. Sohn in Berlin.
1629 1364 3359 1440 zentrirt ist. Von so starken Verbindungen, die eine gegeneselben zu errichten.“ Wei
1713 1475 3356 1546 Nur Edmond de Goncourt erkannte mit dem scharf aus=spaar Mal wird der Name
789 1465 1310 1562 Feuilleton.
1627 1493 2836 1593 gebildeten Spürsinn für das Originelle und Persönliche, der
2822 1530 3350 1591 giebt sich kein deutliches B
1631 1557 2827 1623 ihn auszeichnete, in Rodenbach den Dichter und Künstler.
2822 1573 3364 1642 bestimmte Anschauung ins
829 1572 1256 1660 Deutsches Theater.
1621 1600 2838 1675 Je weniger er der Welt galt, desto bedeutender erschien er
2816 1611 3362 1673 Thema des Stückes gen
518 1628 1638 1709 Um eine todte Stadt, einen todten Dichter und eine todte
1627 1629 3363 1743 dem Verfasser des „Journal“, in dessen literarischen Tage=Inscenirung nicht liebevol
424 1693 1641 1751 Frau handelt es sich im Deutschen Theater bei der Auf¬
1629 1687 2828 1755 buchaufzeichnungen Rodenbach wiederholt auftaucht wie ein
2830 1686 3225 1771 Stimmung betont.
421 1730 1634 1792 führung des vieraktigen Schauspiels „Trugbild“ von
1629 1730 2832 1806 still grüßender, vertrauter Freund, der voll Wehmuth über
2897 1734 3361 1826 Die Sehnsucht nach e
428 1768 1631 1823 Georges Rodenbach. Erinnerungen an unwieder¬
1630 1772 2486 1839 die Ungerechtigkeit des Lebens nachdenkt.
2491 1786 2821 1844 Er mußte ster¬
2822 1786 3350 1854 Frau erfüllt das Drama.
414 1803 2829 1882 bringlich verlorenes Glück verschmelzen sich mit den Schatten, ben, um verstanden und beachtet zu werden. Erst nach seinem
2827 1837 3365 1906 auch nach fünf Jahren ni
431 1864 1636 1919 die über enge, gewundene Straßen mit malerischen Giebeln,
1628 1860 2837 1927 Tode fand er Kritiker, die seine Vorzüge an das Tageslicht
2815 1865 3354 1941 immer tiefer in die Erinn
418 1895 1635 1960 stille Höfe und Weiher, jahrhundertalte Thürme und
1631 1909 2823 1974 zogen, die ihn liebten und Bühnen, die seine Stücke spielten.
2822 1925 3350 1978 Schmuck, Alles, was ihre
428 1950 1634 2004 Brücken huschen. Alles Leben wird dabei aufgezehrt von dem
1636 1946 2828 2019 Zu den Männern, die eine öffentliche Ehrung für ihn in
2823 1967 3354 2031 täglich und verlangt, daß
421 1991 1634 2050 Gedanken an eine entschwundene Blüthezeit, die der Kunst
1626 1975 2828 2060 Paris verlangten, gehörte sein Landsmann und Seelenver¬
2819 2008 3328 2076 Nichts verändert werde.
421 2035 1634 2093 neue Bahnen brach und den Handel des Westens an sich zog.
1635 2034 2827 2109 wandter Maeterlinck, der es besser verstanden hat, seine
2818 2055 3357 2114 sich ihre blonde Flechte, be
421 2086 1631 2137 Auf den menschenleeren Gassen wächst Gras und jeder dritte
1633 2081 2821 2164 künstlerischen Ideen zur Geltung zu bringen, so nahe sie sich
2815 2090 3360 2162 salie, eine Freundin des H#
425 2115 1627 2180 Bewohner ist außer Stande, selbst für sein tägliches Brod zu
1635 2126 2567 2187 auch mit den Träumen Rodenbachs berühren.
2814 2146 3360 2206 seltsam! Die Haare über
423 2156 1644 2214 sorgen. Während die Glocken zur Kirche läuten, sieht man
1705 2172 2822 2245 Brügge bildet den Stimmungskreis, in dem er sich wahr¬
2819 2176 3357 2248 Todes.. Er zerstört A
419 2211 1639 2275 Frauen, die, ohne mit einander zu sprechen, in Mantel und
1620 2219 2827 2286 haft heimisch fühlte und zu dem er immer wieder zurückkehrte.
2826 2216 3325 2289 Antlitz, nur die Haare
421 2258 1630 2312 Kapuze mit ernster Miene um die Ecke biegen. Alles ist
1621 2263 2823 2333 Sein bestes und eindrucksvollstes Buch heißt „Bruges, la
2815 2269 3360 2338 ihnen überlebt man sich.“
427 2305 2828 2373 traumhaft verloren in diesem stehengebliebenen Stück Mittel=morte!“ Das Drama, das er diesem Roman entnommen hat,
2820 2319 3356 2378 unverheiratheten Freunde,
425 2359 2826 2417 alter, in dem der Geist van Eycks und Memlings sich mäch= ist bei uns unter dem Titel „Trugbild“ — ursprünglich hieß
2822 2356 3342 2428 sam von seinem Schmerz
419 2377 1509 2436 tiger erweist, als die lebendig athmende Gegenwart.
1534 2391 1634 2448 In
1630 2392 2829 2460 es „Die stille Stadt“ — in der Uebersetzung von Siegfried
2824 2399 3341 2463 seiner dahingegangenen G
1610 2407 1675 2468 6
416 2427 1636 2486 solchen Dämmerzustand des Gemüths wird man versetzt,
1625 2446 2827 2504 Trebitsch in einer Weise gespielt worden, die alle Feinheiten
2813 2448 3359 2511 blasse. Da ereignet sich
424 2464 1634 2536 wenn man zwischen Brüssel, dem kleinen Paris, und Oftende,
1625 2483 2821 2550 und Stimmungen verwischte und es wie ein großes Geister¬
2824 2487 3356 2542 Spaziergang längs der K
417 2507 1641 2576 wo Alles leuchtet und lacht, in Brügge Aufenthalt nimmt.
1619 2519 2828 2595 und Spektakelstück behandelte. Rodenbach ist in vielen seiner
2822 2518 3354 2592 die der Verstorbenen bis a
510 2561 1637 2628 Diese Stadt bildete die Heimath für die Kunst des früh
1621 2562 2824 2637 Dichtungen und auch hier von den Schriften unseres E. Th.
2817 2577 3352 2629 blonde Haar und die Stin
417 2606 2829 2678 verstorbenen Georges Rodenbach, der, von deutscher Ab-A. Hoffmann, der auf die französischen Romantiker frühzeitig
2818 2609 3367 2689 zum Theater nach und erh
419 2648 1639 2713 stammung, auf belgischem Boden geboren und erzogen war,
1632 2655 2827 2716 einen tiefen Einfluß gewann, und des Amerikaners Edgar
2829 2657 3341 2718 Auftreten der Nonnen in
431 2683 1640 2755 sich in Paris zum französischen Schriftsteller entwickelte und
1626 2699 2821 2765 Poe sichtlich beeinflußt werden. Seine Phantasie schwebt auf
2818 2688 3356 2775 Tänzerin ist, was liegt da
421 2737 1634 2784 dort mit seinem blonden Nordlandsthum, seinem tief inner¬
1624 2745 2830 2813 dem schwer zu begrenzenden Gebiet einher, wo das Erkennen
2818 2736 3339 2810 Verstorbene wiedergiebt?
421 2766 1627 2835 lichen, verschlossenen Wesen allzeit ein Fremder blieb. Eine
1626 2784 2828 2847 zur Ahnung, die Wirklichkeit zum Traum, das Sinnliche zum
2889 2799 3344 2866 Die Leidenschaft, die
425 2811 1641 2888 feine Blutmischung rollte in seinen Adern. Sein Großvater
1623 2827 2825 2889 Uebersinnlichen hinüberstrebt. Aber in dem, was er will
2827 2820 3348 2904 seinem Wunsch, wieder mit
420 2868 1644 2933 gehörte zu den Männern, die den Belgiern im Jahre 1830
1622 2868 2821 2940 und kann sowie in den Mitteln, zu denen er greift, bewährt
2816 2885 3351 2948 richtet ihr von seinem Vern
904 2896 985 2945 gefen;
421 2916 2825 2979 die Unabhängigkeit erstritten und hatte eine Enkelins er sich als selbständig schaffender Kopf und berufener Dichter.
2819 2938 3361 2998 nicht, von seinen Landsle#
415 2956 2827 3027 Wielands, die ein hübsches Verstalent besaß, zur Frau. Sein Einem solchen auch auf seltsamen Wegen zu folgen bleibt
2825 2974 3341 3034 beurtheilt zu werden. Er
423 3008 2831 3067 Vater, der als Gesandter nach Athen kam, war ein namhafter immer ein Genuß und wir müssen uns Mühe geben, das zu
2820 3018 3359 3087 treiben und bittet die Täm
413 3046 1630 3096 Kenner Aegyptens. Alles, was Georges Rodenbach schrieb,
1630 3047 2825 3111 verstehen, was im ersten Augenblick befremdend wirkt. Leider
2820 3059 3337 3125 zu kommen, damit sie
410 3080 1624 3146 mußte gerade in Paris unverstanden bleiben, wo man die
1628 3090 2827 3155 ist dem Drama viel von dem verloren gegangen, was dem
2814 3103 3342 3166 zeige, angeblich, weil sie
424 3131 1637 3187 Klarheit höher schätzt als die Tiefe und dem schwer Verständ¬
1629 3134 3352 3204 Roman einen so eigenthümlichen Reiz verleiht, die duftige auf einem großen Bilde da
413 3171 1636 3236 lichen leicht mit Ironie begegnet. So erschien er den Meisten,
1618 3178 3344 3247 Schilderung des alten Brügge, wo man leichter als irgend wol in diesem Augenblick bric
428 3221 3349 3271 die ihn überhaupt kannten, als wunderlicher Träumer, mit anders in die Lage kommt, sich ans Vergangene anzuklam= Hugo findet, daß i#e Tänz
423 3266 1020 3328 dem nichts anzufangen war.
1613 3271 3353 3345 lmern und das Recht des Lebendigen zu unterschätzen. Ein nun garnicht mehr ähnlich
