3436 4320
1540 229 2025 335 box 22/6
256 240 1534 354 17. 1. Der Punnenspieler
873 905 1302 1005 lephon 12801.
450 992 1669 1081 Alex. Weigl’s Unternehmen für Zeitungs-Ausschnitte
1340 1052 1623 1144 #e Ausschnitt
2285 1069 2736 1153 Telephon 12801.
718 1097 1374 1221 „OBSERVEN
1454 1110 1741 1205 Nr. 63
1902 1144 3121 1236 Alex. Weigl’s Unternehmen für Zeitungs-Ausschnitte
351 1194 1757 1302 I. österr. behördEpono. Bureau für Zeitungsberichte u. Personalnachricht¬
2750 1221 3065 1314 #ee Ausschnitt
525 1268 1548 1341 Gien. I. Concordiaplatz 4.
1980 1244 2783 1369 187 „OBSERE!
2890 1272 3151 1370 Nr. 45
364 1307 1757 1401 Vertretungen in Berlin, Budapest, Chicago, Genf, London, Newyork, Paris, R.¬
1793 1357 3234 1412 :österr. behördl. conc. Bureau für Zeitungsberichte u. Personalnachrichten
724 1382 1431 1448 Stockholm, Kristiania, St. Petersburg.
2060 1416 2963 1502 Wien, I., Concondiaplatz 4.
1801 1481 3230 1553 Vertretangen in Berlin, Budapest, Chicago, Genf, London, Newyork, Paris, Rom,
2157 1535 2861 1607 Stockholm, Kristiania, St. Petersburg.
355 1504 864 1610 Ausschnitt aus:
927 1538 1680 1647 Deutsche Tageszeitung, Berlin
1794 1660 2293 1750 Ausschnitt aus:
364 1666 554 1738 vom:
2473 1687 3258 1806 Neue Züricher Zeitung
746 1717 1008 1822 J/9 190 2
1991 1762 2491 1884 (b14 14*)
1795 1802 1991 1890 vom:
507 1836 1592 1919 Deutsches Theater. Die gestrige erste Premiere in der
429 1904 1590 1961 Schumannstraße bedeutete ein glattes Fiasko, und die w#enigen
438 1953 1599 2010 Hände, welche am Schlusse wagten, den zahlreichen Zischern zu
435 2006 1599 2065 opponieren, gehörten wohl nicht ganz uninteressierten Besitzern.
431 2051 1583 2106 Das bessere Stück des Abends war das erste: „Der Puppen¬
2099 2061 2954 2135 Theaterchronik. „Savonarola“, ein fünf¬
434 2099 1593 2165 spieler“ eine einaktige Studie von Arthur Schnitzler. Der
1983 2104 2943 2162 aktiges Trauerspiel der Schriftstellerin Frau Willemons¬
1991 2150 2953 2217 Suhn, vermochte bei seiner Erstaufführung am Ver¬
433 2162 1585 2209 Verfasser persifliert darin mit feinem Verständnis das Ueber¬
1987 2199 2944 2259 liner Theater in Berlin keinen rechten Erfolg zu er¬
434 2203 1597 2262 menschentum und fand dabei in Bassermann den Künstler, der,
1974 2232 2957 2280 zielen. — „Das beste Mittel“, der neue dreiaktige
428 2240 1590 2306 sich fern von jeder Uebertreibung haltend, die Figur des Ueber¬
1990 2279 2953 2343 Schwank Alexander Bissons, brachte es letzten
436 2309 1599 2359 menschen lebenswahr und glaubwürdig erscheinen ließ. Ihm
1976 2315 2945 2386 Samstag bei seiner ersten deutschen Aufführung am
438 2345 1611 2414 accompagnierte sehr wirksam Herr Iwald, der namentlich den Ton
1980 2371 2949 2429 Berliner Residenztheater nur zu einem Achtungserfolg.
434 2390 1593 2457 des gewöhnlichen Durchschnittsmenschen, der es auf dieser Welt
2047 2415 2954 2462 Am Dagmar=Theater in Kopenhagen ging letzter
434 2450 1579 2520 bei Weib und Kind sehr schön findet, trefflich zum Ausdruck
1975 2452 2949 2503 Tage Theodor Wolffs japanischer Dreiakter „Nie¬
1591 2433 1757 2517 inelust
437 2465 1594 2565 brachte. So weit wäre alles ziemlich gut gewesen,
1615 2504 1754 2552 Portd,
1976 2506 2960 2558 mand weiß es!“ zum erstenmale in Szene; das Stück
430 2537 1587 2613 aber dann nahte das Verhängnis in Gestalt des
1589 2542 1755 2594 Zahlbs
1805 2543 2976 2632 Für 5 und die von Charles Kierulf komponierte melodiöse —
3019 2550 3212 2622 inclusive
427 2589 1744 2652 zweiten Stückes: „Trugbild“ Schauspiel in 4 Aufzügen von im Von
1910 2590 3007 2654 100 Musik fanden eine überaus beifällige Aufnahme; dem= —
3029 2612 3188 2655 Porto.
1861 2605 1905 2654 „
1901 2630 3201 2695 200 nächst gelangt das Werk auch am Hamburger Schau= 1 Zahlbar
437 2623 1740 2687 Georges Rodenbach, deutsch von Siegfried Trebilsch. Der reiche itte iste
1833 2643 1888 2704 „
1911 2678 1999 2723 500
1837 2681 1901 2733 „
1997 2683 3231 2756 spielhause zur Aufführung. — Georges Rodenbachs —] im Voraus.
430 2674 1742 2735 Hugo hat seine inniggeliebte Frau verloren und treibt nun schon steht es
1835 2718 2948 2777 „ 1000 breiaktiges Drama „Trugbild“ — eine grobe Dramati¬
437 2730 1701 2785 jahrelang mit seinem Schmerz gewissermaßen Kultus, bis ihm der adern.
1922 2761 1999 2818 I
2001 2731 3244 2827 sierung des bekannten seinen Romans Bruges Jn mort, ihnitte ist des
428 2783 1586 2835 Zufall in Gestalt einer ebenso reizenden wie verderbten Tänzerin
2938 2793 3253 2860 ch steht es den
1582 2804 1740 2864 thaltends
1807 2798 3128 2891 Abonnen — w###rde bei seiner Premiere am Deutschen Theater in; ändern.
443 2823 1745 2905 das Ebenbild seiner teuren Verstorbenen entgegenführt. Obgleich Morg
1827 2852 2946 2909 Abonnen Berlin abgelehnt; dagegen fund der diesem Stück sol¬
435 2889 1746 2942 ihm ein Freund die Schlechtigkeit dieser „Person“ entdeckt, besitzt er Zeita
1938 2900 3245 2971 D gende neue Einakter Arthur Schnitzlers, „Der enthaltend die
435 2929 1751 2993 er doch nicht die Kraft, sich den Reizen der Sirene zu entziehen, bis sie thschaft
1843 2946 3236 3012 Inkalts Pnopenspieler“ eine necht beifällige Aufnahme. — „Auf=er Morgen¬
434 2973 1741 3046 selbst ihre Verworfenheit brutal enthüllt, und Hugo in wahnsiunnige.. Diese
1925 2997 3233 3055 ###erstehung“, der von Henry Bataille dramatisierte siener Zeitung")
435 3020 1591 3100 Raserei versetzt, sie mit dem Haar seiner Frau, das er ihr im
1953 3043 3227 3088 d Tolstoi=Roman, den Frau Neumann=Hofer ins Deut= wirthschaftliche
1944 3084 3244 3148 d sche übersetzt hat, wurde setzten Samstag am Ber= ird. Diese Mit¬
436 3082 1592 3143 Sarge abgeschnitten, erdrosselt. Das Ganze ist eitel Schwulst und
1912 3124 2964 3199 ung liner Lessing=Theater aufgeführt; der Erfolg war ein
435 3124 1587 3187 mystische Stimmungsmache, das sich wohl für ein Melodrama
1989 3166 2252 3232 recht mäßiger.
2252 3174 2382 3234 —
440 3170 1596 3228 eignen mag, aber als Schauspiel hohl und wanchmal sogar ab¬
2169 3209 2643 3282 P 123pe
439 3211 1596 3286 stoßend wirkte, ja zum Schluß trotz der Rührseligkeit
435 3273 1603 3341 fast in eine Posse auszuarten schien. Herr Sauer
2269 3254 2809 3353 Quellenangabe ohne Gewähr.
443 3312 1590 3394 als Hugo, Frl. Triesch als leichtfertige Tänzerin und Frl.
444 3364 1600 3419 von Pöllnitz als Wirtschafterin gaben sich redlich Mühe, zu
436 3422 1597 3496 retten, was zu retten war, aber das Trugbild blieb Trugbild —
2783 3477 2819 3530 755
437 3464 838 3548 nomina sunt odiosa.
