3484 4320
-10 1318 111 1368 in ve
8 1709 101 1765 ischen
-4 1791 107 1853 fgabe
-1 1840 107 1897 intes
-1 1879 108 1942 nnich
-9 1924 104 1985 Muß
-3 1969 105 2025 uf an
-9 2015 105 2073 Vor
1628 248 2121 337 box 22/6
356 257 1619 368 17.1. Der Punpenspieler
2388 1041 2844 1132 Telephon 12801.
906 1075 1372 1162 reiepnol 12801.
1994 1129 3203 1217 Alex. Weigl's Unternehmen für Zeitungs-Ausschulte
527 1159 1739 1238 Alex. Weigl’s Unternehmen für Zeitungs-Ausschnitte
2875 1191 3169 1289 ce Ausschult
2249 1241 2931 1346 „OBLERVEN
3017 1249 3277 1347 Nr. 52
773 1223 1680 1369 „OBSERYEP“
1518 1280 1820 1378 Nr. 53
1896 1338 3317 1413 I. österr. behördl. conc. Bureau für Zeitungsberichte u. Personalnsehrichten
416 1364 1852 1429 I. österr. behördl. conc. Bureau für Zeitungsberichte u. Persenalnachrichten
2156 1395 3086 1488 Wiengl., Concondiaplatz 4.
684 1432 1600 1511 Wien, I., Concondiaplatz 4.
1905 1437 3338 1535 Vertretungen in Berlich-Büdapest, Chicago, Genf, London, Newyork, Paris, Ro#
434 1491 1849 1581 Vertretungen in Berlin, Budäpest, Chicago, Genf, London, Newyork, Paris, Rom,
2264 1509 2967 1585 Stockholm, Kristiania, St. Petersburg.
791 1544 1497 1609 Stockholm, Kristiania, St. Petersburg.
1891 1646 2399 1728 Ausschnitt aus:
408 1668 920 1757 Ausschnitt aus:
2448 1670 3279 1777 Neue Freie Presse, Wien
1039 1707 1739 1837 Mlastrirtes Wiener Eatrabten
1909 1787 2187 1870 vom:
419 1828 623 1903 vom:
2182 1803 2504 1915 15113
871 1904 1110 2009 14/4105
2173 1958 2993 2052 Theater= und Kunstnachrichten,
2676 2038 3137 2100 Wien, 14. September.
2141 2086 3161 2128 Frau Hansi Niese wird heuer ihre künstlerische Tätig¬
727 2093 1268 2172 Berliner Premièren.
1972 2121 3164 2190 hkeit zunächst im Theater in der Josefstadt beginnen.
615 2136 1510 2226 Berlin, 13. Sept. (Privat=Depesche.)
1999 2160 3170 2230 Am 25. September wird die Künstlerin in dem Schwank „Die
504 2195 1509 2275 Im Deutschen Theater wurde gestern
2002 2209 3170 2268 Arche Noah“, dessen Antor ihr Gatte Josef Jarno ist, auf¬
503 2242 1509 2312 Georges Rodenbach's (Maeterlinck's Landsmann
1984 2255 3154 2314 treten. Das Stück spielt in Ischl zur Zeit der Ueberschwem¬
506 2295 1519 2347 und Vorläufer) Schauspiel „Trugbild“ in Folge
1997 2305 3159 2360 mungen. Frau Niese stellt die Rolle einer Wirthin aus dem
515 2328 1500 2395 absurder Handlung und unbeholfener Technik ent¬
1990 2334 3159 2395 Salzkammergnt dar. Ab 1. Januar ist Frau Niese dem
1990 2384 2689 2439 Raimund=Theater verpflichtet.
515 2362 1508 2437 schieden abgelehnt. Freundlichere Aufnahme fand
519 2416 1516 2481 Schnitzler's dazu gegebener Einacter „Der
2148 2421 3172 2492 Aus Berlin wird uns berichtet: Im Deutschen
513 2449 1515 2536 Puppenspieler“ eine Art Narcißtragödie im Kleinen.
1989 2474 3172 2535 Theater erlebte George Rodenbachs „Tote Stadt“ (die von
522 2490 1520 2562 Für den durch Krankheit ferngehaltenen Dichter
2000 2522 3177 2565 Siegfried Trebitsch besorgte Uebersetzung gibt dem Drama¬
526 2541 1221 2630 konnte Regisseur Lessing danken.
2000 2553 3165 2622 den Titel „Das Trugbild“) einen kompletten Mißerfolg. Weder
640 2570 1521 2642 Im Residenztheater fand Alexander
1905 2602 3320 2643 Für die stimmungsvollen, nach Skizzen des Belgiers Khnopff ge¬ desaste
440 2629 1612 2678 Fül Bisson's dreiactiger Schwank „Das beste Mittel“ 15.—
1636 2629 1843 2685 inclusive
1990 2635 3286 2695 malten Dekorationen noch die geistreiche Darstellung der weib= Porte.
523 2666 1623 2732 sehr freundliche Aufnahme. Das Stück behandelt in 28.—
1987 2681 3308 2743 lichen Hauptfigur durch Irene Triesch konnten diese unselige jahlber
1636 2709 1812 2765 Zahlbar
519 2705 1617 2782 derb=humoristischer Form die Frage, ob die eheliche 50.—
1988 2719 3346 2783 Verirrung retten, die als Parodie auf ein mißverstandenes n Vorans.
1459 2733 1626 2790 —10.—
1941 2770 1989 2822 *
1986 2769 3343 2843 Aesthetentum gewirkt hätte, wenn man nicht wüßte, daß der ist das
526 2727 1860 2864 Treue der Gattin besser durch unbegrenztes Ver=200.—] im Voraus.
1994 2815 3349 2890 Vorläufer“ Macterlincks bitter ernst genommen sein wollte. bt es den
431 2811 1851 2916 Abg trauen des Gatten, oder durch seine brennende Eifer-Asschnitte ist das
1909 2843 3221 2921 Ab Oskar Sauer, mit dem das Stück zu stehen oder zu fallen rn.
1913 2881 2012 2941 Ab
436 2865 1861 2967 Abo sucht gewahrt werde. Der Autor entscheidet sich für auch steht es den
1991 2889 3165 2945 hat, ließ es gründlichst fallen. Das Publikum staunte, lächelte,
536 2897 1743 3000 Letzteres und argumentirt dies mit drastischen zu ändern.
1976 2942 3352 2987 lachte sodann und zischte schließlich energisch. Dem „Trugbild“ ltend die
534 2947 1530 3042 Situationen und Einfällen, die allzu oft an seine
1984 2989 3339 3047 voran ging Arthur Schnitzlers einaktige Studie „Der orgen¬
1916 2991 2026 3053 Inhi
428 2994 1870 3091 Inh früheren Arbeiten erinnern. Der dritte Act scheint g enthaltend die
1523 3023 1863 3072 ner Morgen¬
1922 3031 3341 3088 d1sHuppenspieler“ Hier war Leben, Tiese, Geist und Gestaltung. Zeitung")
440 3038 1862 3122 blä mehr vom Witz des Bearbeiters Benno Jacobson, Wiener Zeitung“)
1926 3074 3352 3125 wog Man wird Bassermann als überlegenen wahren Lebens= chaftliche
446 3075 1865 3164 wode als vom Geist des französischen Verfassers zu besitzen, wirtuschaftliche
1935 3120 3348 3172 Lehkünstler, nämlich als den völlig bedürfnislosen und deshalb äußer= diese Mit¬
432 3119 1865 3218 Lebe der übrigens in der Prosceniumsloge der Auf- wird. Diese Mit¬
1942 3157 3048 3213 theilich wie innerlich freien Menschen, nicht so bald vergessen.
434 3192 928 3262 theil führung beiwohnte.
2116 3196 3176 3270 Der Schriftsteller Kourad Pekelmann arbeitet gegen¬
1976 3252 3153 3302 wärtig an einem historischen Drama „Die Türken vor
769 3271 1539 3348 Pnospecte gratis und fnanco.
1981 3301 3107 3359 Wien“. Der Held der Trilogie ist der Polenkönig Sobieski.
2128 3341 3154 3401 Die Operettensängerin Thilda Ziehrer, eine Schülerin
1975 3389 3150 3449 des Gesangsmeisters Egmont Plowitz, hat als Saffi, süßes
1976 3431 3153 3499 Mädel, Landgräfin und Rosalinde mit Erfolg im Gmundener
1976 3475 3156 3544 Stadttheater gastiert. Fräulein Mizzi Mahlendorf, ebenfalls
1984 3501 3148 3574 eine Schülerin der genannten Opernschule, ist an die vereinigten
1980 3559 2886 3619 Theater in Bayreuth=Heilbronn engagiert worden.
2118 3602 3153 3666 Herr Anton Edthofer, Schüler des Herrn Regisseurs
1979 3656 3156 3704 Door vom Theater in der Josefstadt, wurde vom Direktor
1976 3695 3158 3758 Purschian auf fünf Jahre für das Stadttheater in Köln
1978 3731 2366 3803 am Rhein engagiert.
2123 3774 3158 3841 Der Baritonist Herr Rudolf Sulzer vom Salzburger
1972 3817 3164 3913 Stadttheater wurde an das Wilhelmtheater in Magdeburg
1980 3873 2185 3939 engagiert.
