3484 4320
263 153 2037 266 17.1. Der Punpenspieler box 22/6
1948 1066 2294 1160 Telepaon 12.801.
2046 1155 2104 1228 4
1404 1213 2048 1311 „UDSERTER
1187 1268 2289 1381 1. deterr. bebördl. Komz. Unternehmon für Zeitungs-Ausschaltte
1369 1333 2117 1432 Wien, I., Concordiaplats 4.
1582 1399 1912 1469 Vertretungen
1183 1429 2297 1532 in Berlin, Basel, Budapest, Chicago, Cleveland, Christiania,
1188 1484 2298 1567 Genf, Kopenhagen, London, Madrid, Mailand, Minneapolls,
1180 1525 2295 1614 New-Vork, Paris, Rom, San Francisco, Stockholm, St. Peters¬
1584 1571 1903 1629 burg, Toronto.
1505 1620 1980 1687 (Opellonangabe ohne Gowühr#.
1178 1658 1551 1739 Ausechntt aué:
1449 1722 2001 1827 Flauer Zeitung
1175 1782 1579 1854 vom:2 7.0KT. 1010
1200 1891 2106 1981 Kunst, Wissenschaft und Literatur.
1067 1956 2339 2020 * Lessing=Gesellschaft in Hamburg. Die seelischen
1010 2020 2330 2080 Strebungen dieser Gesellschaft, die sich kürzlich konstituiert hat, sind sehr
1011 2056 2318 2118 zu billigen. Sie erklärt, das Interesse für dramatische Kunst in Ham¬
2226 2094 2320 2145 Ihr
1019 2097 2199 2149 burg fördern zu wollen und nicht auf Gold angewiesen zu sein.
1021 2118 2332 2186 Vorsitzender heißt Emanuel Stockhausen und sie zählt gegen¬
1019 2177 2319 2226 wärtig 500 Mitglieder, größtenteils „aus der Hamburger Gesellschaft“
1013 2209 2334 2285 Am 25. Oktober wurden die Veranstaltungen eröffnet. Mit Wildes
1962 2244 2316 2310 Puppen:
1015 2254 1833 2309 „Florentinischer Tragödie"
2274 2300 2311 2353 7
1030 2298 2295 2344 spieler“ und Maeterlincks „Heiligem Antonius“. Wen
1022 2333 2314 2391 Dilettanten spielen, hat die Kritik zu schweigen. Aber an sich habe ich
1015 2369 2322 2421 nichts gegen Dilettanten. Man weiß: eine der über unsere Epoche am
1022 2414 2331 2469 besten Aufschluß gebenden Bühnen — Moskaus Künstlerisches Theater —
1015 2449 2322 2502 ist aus einer Vereinigung von Dilettanten entstanden. Nun, man spanne
1009 2492 2324 2542 die Erwartungen nicht zu hoch. Herr Stockhausen ist kein Stanislawski
1085 2529 2333 2573 so viel wissen wir schon heute. Aber ein befähigter Spielleiter kann
1010 2560 2335 2630 er trotzden in. Unter den „Schauspielern“ befindet sich recht viel inner¬
1022 2607 2335 2654 lich steifes Menschenmaterial. Das Beste an den drei Spielen waren:
1023 2654 2323 2706 unstreitig die Dichtungen. Vielleicht wird überhaupt der dramaturgische
2123 2690 2319 2738 Ein auf
1020 2694 2096 2738 Punkt in der Lessing=Gesellschaft am wesentlichsten sein.
1024 2723 2318 2775 Absolutes, Literarisches gerichtetes Unternehmen ist natürlich zu begrüßen.
2308 2758 2400 2820 +
1032 2770 2319 2823 Das profanum vulgus (das zahlende Publikum) kann am Ende doch
1034 2804 2328 2866 inaufgezüchtet werden. Unliebsame Szenen im Zuschauerraum sind bei
1026 2844 2399 2899 ins nicht zu befürchten, Und wieviel Dichter in Hamburg nicht auf= N
1025 2893 2407 2949 eführt werden! Di Lessing=Gesellschaft bringt es vielleicht mit ihrem 1T
1033 2968 2351 3019 Repertoire so weit, daß unsere berufsmäßigen Theaterdirektoren — die
1034 3015 2346 3069 offiziellen wie die nicht offiziellen — sich zu schämen anfangen. Der¬
1036 3050 2347 3094 gleichen wäre schon Etliches. Denn freilich: zur Bewältigung der
1027 3087 2358 3146 theatralischen Probleme Maeterlinck, Wilde, Hamsun uff. gehören große
1038 3130 2351 3186 Schauspieler, denen der Enthusiasmus von Dilettanten innewohnt. Das
1028 3167 2359 3232 Unvergleichliche an der Truppe Stanislawskis war: dort verbargen sich
1038 3209 2349 3260 unter der Maske von Dilettanten große Schauspieler. Die künstlerische
1039 3248 2363 3305 Handschrift Wildes findet auch Professor Czeschka, Reinhardts Mit¬
1036 3284 2375 3345 arbeiter, nicht völlig. Bei Maeterlinck kommt Czeschka im zweiten Bilde
1031 3321 2362 3362 der Lösung sehr nahe, bei Schnitzler wirkt er unnötig. Wie dieser
1022 3364 2342 3414 Künstler abstrahiert, Linien der Gesühlsverwirrung augenfällig festhält,
1096 3412 2348 3458 ist immerhin sehr interessant und vermittelt einen besonderen
1017 3454 2346 3500 Rhythmus. Die Spielleitung, die etwa für Statuarisches, Lineares und
1041 3483 2361 3545 Sprechkünstlerisches bei Wilde, für Schnörtelhaftes, Altenbergisches und
1046 3522 2372 3581 sonstiges Metaphorische bei Schnitzler, für Mischung aus Gottfried Keller
1048 3567 2353 3623 und zarterem Lyrismus bei Maeterlinck zu sorgen hatte, kämpfte zum
1732 3609 2329 3662 Dr. Arthur Sakheim.
1011 3588 1382 3678 mindesten wacker.
