3436 4320
1574 255 2026 342 box 22/6
261 266 1457 379 17.1. Der Puppenspieler
1644 997 1976 1094 12301
1131 1095 2353 1166 Alex. Weigl’s Unternehmen für Zeitungs-Ausschnitte
1944 1163 2290 1270 Dee Ausschnitt
1121 1192 2077 1314 N 10 E, OBSERYE!
2132 1206 2399 1320 Nr. 97
1006 1289 2476 1387 I. österr. behördl. conc. Bureau für Zeitungsberichte u. Personalnachrichtea
1267 1359 2209 1445 Wien, I., Concondiaplatz 4.
1015 1430 2449 1489 Vertretungen in Berlin, Budapest, Chicago, Genf, London, Newyork, Paris, Rom,
1376 1476 2100 1540 Stockholm, Kristiania, St. Petersburg.
1013 1588 1525 1687 Ausschnitt aus:
1556 1600 2271 1728 Illdenehns Zeltung, Mrrcien
992 1676 1498 1824 vomz 4
1160 1813 2246 1892 Mehr wortreich als empfindungstief, wie es dieses
1061 1857 2246 1934 Rodenbachsche Drama ist, muß auch Schnitzlers Einakter
1076 1920 2241 1968 „Der Puppenspieler“ genannt werden, der aber
1074 1948 2244 2012 besser gefiel als Rodenbachs „Trugbild“, Zwei Menschen¬
1061 1990 2234 2068 typen stellt Schnitzler einander gegenüber, den einen, der das
1065 2041 2239 2108 ruhige Glück eines harmonischen Daseins findet, und den
1062 2084 2233 2144 anderen, der sich nicht entschließen kann, im Drama des
2166 2145 2245 2205 1
1083 2152 2263 2264 Lebens selbst eine Rolle zu übernehmen, und ohne Zweck und
1084 2199 2256 2310 Ziel durchs Dasein geht. Diese beiden Menschen sind einst
1086 2240 2256 2357 Freunde gewesen, dann hat sie das Leben getrennt, und nun
1088 2283 2253 2400 führt es sie wieder zusammen: Eduard ist verheiratet, glück¬
1086 2325 2253 2446 licher Vater und lebt zufrieden. Georg hat es zu nichts ge¬
1083 2366 2252 2462 bracht, seine reichen Künstlergaben sind verdorrt, er ist ein
1071 2411 2242 2521 Untergehender. Aber er hat sich eine eigentümliche Philo¬
1069 2459 2240 2552 sophie zurecht gemacht, die ihn über die Misère seines Daseins
1065 2493 2412 2624 tröstet. Füc die wahren schöpferischen Geister, so philosophiert juelusive
1070 2544 2378 2660 er, ist es keine Befriedigung Schicksale zu dichten — sie Porto.
1068 2574 2392 2701 wollen selbst Schicksal spielen und mit lebendigen Men= Zahlbar
1067 2615 2443 2741 schen ihre künstlerischen Pläne verwirklichen. So glaubt er im Voraus.
1065 2676 2229 2766 auch, das Glück seines Freundes Eduard durch eine souveräne
1057 2722 2446 2852 Laune begründet zu haben, und so wird er sich weiter in Illu= seht es den
2220 2743 2433 2810 te ist das
1065 2753 2309 2888 sionen wiegen, wenn er sich auch, wie in diesem Fall, noch zern.
1061 2798 2214 2900 öfter überzeugen müßte, daß das Leben dem Menschen immer
1049 2832 2444 2967 die Drähte aus der Hand nimmt. Die Gestalt ist originell haltend d#
1052 2884 2447 3020 gesehen, streift aber zu nahe das Pathologische, um uns morgon¬
1045 2929 2422 3048 menschlich ganz zu interessieren. Doch war es ein Genuß, die r Zeitung")
1046 2967 2445 3095 scharfe aber unaufdringliche Charakteristik zu bewundern, mit #hschaftliche
1048 3011 2127 3123 der Herr Bassermann diese Gestalt verkörperte.)
2211 3077 2445 3148 Diese Mit¬
1013 3073 1255 3130 Leben des#
1021 3088 1546 3185 theilungen werden in Wien
1324 3194 2109 3288 Prospecte gratis und franco.
