3484 4320
1081 90 2350 139 schweren Mängel muß es Wunder nehmen, daß ihm mit der „Salome“
1085 119 2361 188 ein so großer Wurf gelingen konnte. Freilich, daß er mit diesem Stücke
1077 177 2369 233 „einmal die einsame Höhe der großen Dichter der Weltliteratur“ erklommen
1079 211 2371 274 habe, wird man schwerlich zugeben können. „Salome“ ist allerdings eine
1441 259 2021 323 (Fortsetzung im vierten Bogen.)
1179 315 2383 369 *) In deutscher Übersetzung von Paul Greve kürzlich bei Bruns in
1070 353 2369 403 Minden i. W. erschienen. Wilde geht darin von dem höchst anfechtbaren
1082 400 2374 450 Grundsatze aus: „Es gibt keine moralischen oder unmoralischen Bücher.
1078 433 2367 479 Bücher sind gut oder schlecht geschrieben — weiter nichts.“ In dem¬
1083 474 2375 511 selben Verlage sind auch Wildes „Fingerzeige“ herausgekommen, eine
1076 513 2375 560 des Verfassers dichterische Eigenart scharf kennzeichnende Philosophie der
1071 540 2380 603 künstlerischen Betätigung, deren extreme Forderungen wohl nur wenige
1077 585 1534 631 Anhänger fuhen merden.
1061 611 2349 660 bedeutende Schöpfung, doch nur wegen der in ihr sich offenbarenden Kunst
1050 641 2359 709 der Konzentration und Stimmung, sowie durch ihre Sprache voll alt¬
1067 684 2349 745 testamentarischen Pathos und farbenglühender Bilderfülle; in allem
1057 734 2354 780 übrigen ist sie die widerliche Ausgeburt eines reichen, aber durch und
1058 770 2354 835 durch kranken Geistes, in der die Ausmalung perverser Liebesbrunst
1057 818 2358 890 bis zum äußersten getrieben wird. Ehebruch, Sadismus usw. werden
1065 863 2354 919 hier von einem Dichter, den eigene sexuelle Verirrungen ins Zuchthaus
1058 906 2363 969 brachten, im Rahmen eines orientalischen Nachtbildes, dessen schwüle
1068 945 2348 1006 Stimmung dem Zuschauer den Atem beklemmt, auf die Bühne gebracht,
1066 997 2352 1051 wobei der biblische Johannesstoff nur ganz äußerlich als Vorwurf genommen,
1073 1034 2355 1085 sogar willkürlich verändert wird. Salome, diese lüsterne Wildkatze, in
1071 1077 2355 1126 deren erblich verderbter Seele sich Wollust mit Blutgier widernatürlich
1074 1109 2371 1172 mischt, steht ganzim Vordergrunde; der aus der Zisterne heraus seine messianischen
1060 1157 2362 1223 Weissagungen verkündende Jochanaan, der das Buhlen der fürstlichen Dirne
1058 1204 2360 1256 nach seinem „elfenbeinkühlen“ Fleische, nach seinem Munde, „der da röter
1073 1241 2367 1290 ist als die roten Fanfaren, die das Nahen der Könige künden“ in herber
1068 1279 2371 1350 Keuschheit streng abwehrt und mit furchtbarem Fluche straft, bleibt im
1071 1324 2365 1384 Hintergrunde. Die Steigerung im Ausmalen des alle Fibern des
1067 1362 2364 1423 schlanken Mädchenleibes erzittern machenden, überhitzten sinnlichen Be¬
1062 1410 2364 1476 gehrens ist von unerhörtem Raffinement und erreicht ihren Höhepunkt
1069 1466 2366 1519 und damit auch den Gipfel des Ekelhaften in dem Küssen des abge¬
1069 1507 2359 1565 schlagenen Hauptes des Propheten. Mit dieser Steigerung hielt die be¬
1079 1545 2371 1600 wundernswerte Leistung von Frl. Mayer gleichen Schritt, und daß sie in
1069 1593 2371 1653 jener Schlußszene sich mit feinem künstlerischen Takte von jeder Über¬
1079 1639 2358 1680 treibung fern hielt, sei mit besonderem Lobe hervorgehoben. Frl. Wendt,
1069 1675 2369 1723 die im Mai 1901 bei der ersten hiesigen Vorstellung der „Salome“ in einer
1066 1727 2376 1772 Matinee der „Freien Literarischen Vereinigung“ die Titelrolle gab, brachte:
1069 1746 2371 1816 die abgefeimte Koketterie und das Verführerische der schönen Bestie in
1064 1794 2368 1856 Tonfall und Mimik vielleicht noch wirksamer zum Ausdruck, sonst aber
1078 1850 2359 1912 stand Frl. Mayers Spiel zum mindesten auf gleicher künstlerischer Hohe;
1084 1886 2359 1939 befonders schön war die Tanzszene. Auch in der äußeren Erscheinung
1073 1934 2367 1987 entsprach Frl. Meyers Salome vollkommen dem Bilde, das man sich
1071 1970 2366 2030 nach des Dichters Worten von dieser zuchtlosen Prinzessin von Judäa
1072 2012 2369 2081 machen muß. Die gleiche Anerkennung gebührt Frl. Salta für ihre
1068 2062 2365 2120 in jeder Hinsicht ausgezeichnete Verkörperung der Herodias, dieses Un¬
1080 2107 2363 2161 geheuers im Purpurmantel, Den trunkenen Tetrarchen, in dessen schon
1067 2151 2374 2202 an paralytischen Anfällen krankendem Gehirn Verliebtheit und dumpfe
1073 2184 2367 2231 Angstgefühle sich um die Herrschaft streiten, gab wie früher Herr
1078 2220 2363 2289 Müller in befriedigender Weise. Der weltentrückte Jochanaan erfuhr
1073 2276 2374 2332 durch Herrn Wendt eine vorzügliche Darstellung. Herr Bernau spielte
1066 2314 2371 2366 den syrischen Hauptmann anfänglich zutreffend, verfiel aber dann gar
1069 2359 2367 2414 zu sehr ins Weichliche und Weinerliche. Von den Inhabern der kleineren,
1078 2398 2353 2461 zumeist angemessen besetzten Rollen seien Herr Scholz als Soldat, Herr
1072 2447 2369 2504 Barna als Jude und Herr Johow als Kappadozier mit Anerkennung
1074 2487 2368 2550 genannt. Für den römischen Legaten Tigellinus war Heer Illmer
1066 2541 2370 2594 nicht der geeignete Vertreter. Die der Stimmung des Ganzen im allge¬
1074 2577 2365 2631 meinen gerecht werdende Inszenierung war Herrn Regisseur Bonno zu
1062 2619 2369 2688 verdanken. Wie schon im Vorberichte erwähnt, spendete das sehr zahlreich
1065 2659 2082 2734 erschienene Publikum den Mitwirkenden lebhaften Beifall.
1133 2702 2357 2766 Die neue Studie Arthur Schnitzlers, „Der Puppenspieler“,
1075 2754 2372 2809 welche die Vorstellung eröffLapitel aus dem dickleibigen
1065 2797 2377 2848 Buche „Menschliche Illusionen“. Georg Merklin (Herr Bernau) ist ein
1065 2827 2377 2893 begabter Schriftsteller und hat auch einmal ein bedeutendes Werk ver¬
1075 2871 2376 2930 öffentlicht. Wenn er willenskräftig weitergearbeitet hätte, würde er es ebenso
1075 2930 2376 2980 wie sein Jugendfreund, der Obosspieler Eduard Jagisch (Hr. Burgarth),
1074 2966 2381 3022 mit dem er nach zehn Jahren wieder einmal zusammentrifft, zu etwas
1074 3009 2373 3062 Ordentlichem gebracht haben. Aber er bildet sich ein, eine Art von Über¬
1068 3038 2375 3110 mensch zu sein, der die anderen Menschen wie ein Puppenspieler seine
1075 3103 2366 3146 Marionetten nach Belieben zu lenken und zu leiten vermag. Von irgend
1076 3132 2365 3199 jemand abhängig zu sein dünkt ihm unwürdig. Diese törichte Illusion
1077 3178 2368 3230 raubt ihm das häusliche Glück und läßt ihn zum literarischen Zigeuner
1070 3224 2365 3270 herabsinken, aber trotzdem hält er hartnäckig an ihr fest, und mit lächelnder
1068 3257 2380 3323 Überlegenheit tritt er dem Freunde gegenüber, den er ja auch für eine
1073 3313 2377 3377 seiner Puppen hält. Doch er muß erfahren, daß er sich bitter getäuscht
1079 3344 2384 3404 hat, daß er selbst nur eine Puppe in der Hand des Schicksals war. Anna
1071 3380 2371 3448 (Frl. Santen), das junge Mädchen, das, wie er meint, einst durch seinen
1071 3433 2381 3487 Einfluß bewogen worden war, des Freundes Geliebte zu werden, und die
1081 3466 2375 3533 ihm nun zu seiner Überraschung als dessen Gattin und als Mutter eines
1077 3516 2378 3581 frischen Buben (kl. Wagner) entgegentritt, hatte damals ihn selbst geliebt,
1075 3570 2383 3619 ohne daß ihm eine Ahnung davon kam, und durch ihr Tändeln mit Jagisch
1079 3614 2384 3655 nur seine Eifersucht erwecken wollen. Aus dem Liebesspiel mit dem Musiker war
1076 3657 2374 3705 dann bald eine glückliche Ehe geworden. Der Heimatlose fühlt sich im Inner¬
1075 3700 2380 3757 sten geschlagen und durch den Anblick der wohlgeordneten Häuslichkeit und des
1069 3733 2377 3787 nach ihm benannten Knaben tief ergriffen, aber er will sich seine Illusion,
1067 3770 2382 3829 die ihn über sein verpfuschtes Dasein hinwegtäuscht, nicht rauben lassen
1073 3827 2372 3878 und geht auf Nimmerwiedersehen davon. Die dem Leben fein abge¬
1077 3859 2377 3909 lauschte Studie wurde befriedigend dargestellt, wenn auch bei Herrn
1076 3901 2369 3952 Bernau, der eine gute Maske gewählt hatte, und Herrn Burgarth hin
1072 3940 2364 3998 und wieder ein theatralischer Ton störend vernehmbar war. Fräulein#
1075 3987 2370 4053 Santen dagegen erfreute durch die schlichte Natürlichkeit ihres warn
1080 4037 1410 4103 beseelten Spieles.
2170 4044 2325 4142 v. E
