3484 4320
285 178 2044 308 17.1. Der Punpenspieler box 22/6
2958 404 3163 491 Telep.
2976 512 3121 601 P7
2228 538 2395 606 SEN
2420 524 2480 613 a
2465 555 3073 646 „OSSERTER
2232 627 3326 717 l österr. behördl. konz. Unternehmen für Zeitungs-Ausschnitte
2377 689 3206 785 Wien, I., Concordiaplatz 4.
2564 762 3001 832 Vertretungen
2254 803 3329 882 in Berlin, Budapest, Chicago, Christiania, Genf, Kopen¬
2238 884 3333 941 hagen, London, Madrid, Mailand, Minneapolis, New-Vork,
2289 902 3294 983 Paris, Rom, San Francisco, Stockholm, St. Petersburg.
2583 950 3003 1009 (Quellenengabe ohne Gewähr).
2245 995 2628 1086 Ausschnitt aus:
2588 1061 3346 1153 Mulschder Reuoste Nachrichten
2251 1102 2744 1195 vom: 53EE19og
2311 1130 3232 1218 = Schauspielhaus. Das Scheuspielhaus dürfte“
2271 1192 3234 1259 vohl eine der wenigen Bühnen sein, die Henrik
2276 1232 3223 1319 übsens „Mau##k Toten erwachen“ zur 25. Auf¬
2444 1271 3222 1343 brachten. Diese Jubiläumsvorstellung
2287 1310 2951 1373 Adet Mittwoch, 15. September, statt.
2307 1339 3210 1426 * Volkstheater. Zum ersten Male: Der Pup¬
2273 1409 3219 1471 venspieler. Studie in einem Aufzug von Ar¬
2273 1449 3224 1538 Ur Snißler. In dieser Vorzüge und Schwä¬
2488 1499 3219 1552 erschen Dialogführung en minia¬
2275 1510 2389 1556 chei
2263 1521 3227 1590 ture enthaltenden Szene spielte Bassermann
2267 1566 3218 1620 den Georg Merklin. Wieder einen, der müd' ge¬
2274 1599 3225 1669 worden und dem das Leben nichts gelassen als eine
2283 1641 3227 1696 Art Bettelstolz und den Glauben an die innere
2288 1675 3227 1747 schöpferische Kraft. Sie reicht zwar nicht hin, sein
2277 1721 3221 1788 eigenes Leben auszugestalten. Doch berauscht er
2275 1754 3224 1823 sich in Hjalmarscher Resignation an dem Gedanken,
2275 1808 3223 1859 durch die mystische Kraft seines Willens dem Pup¬
2272 1836 3220 1901 penspieler gleichend, der an den Fäden seine Fi¬
2265 1870 3225 1939 guren hält und tanzen läßt, das Schicksal seiner
2272 1911 3229 1984 Freunde zu lenken. Bassermann gab die Gestalt
2280 1954 3231 2011 mit einem Realismus, der sich bis zu den verstaub¬
2270 1992 3214 2059 ten Stiefeln hinab erstreckte, und weckte bei dem
2272 2033 3230 2081 kurzen Besuch im Hause eines verheirateten Freun¬
2274 2069 3220 2141 des manchen Kontrast auf zwischen innerem Reich¬
2275 2116 2849 2179 tum und spießerhaftem Gluck.
2306 2137 3215 2224 Den Abend beschloß eine andere Erstaufführung
2284 2190 3223 2250 die notwendigerweise einen viel lauteren Widerhall
1322 2186 2280 2260 ler, die Rinekers adelsstolze, altjungferliche;
2280 2228 3224 2284 finden mußte. M. E. Schleich, der einst so po¬
1334 2242 2275 2317 Schwester in köstlicher, nur vielleicht um eine Nuance
2282 2274 3221 2340 puläre Verfasser der „Letzten Hexe“ und anderer
1314 2285 2272 2364 Zzu grotesker Maske höchst belustigend gab. Herrn
2286 2323 3236 2378 warmblütiger Harmlosigkeiten, kam mit seiner Alt¬
1305 2319 2283 2385 [Kopps bewährte, volkstümliche Komik ist dem
2281 2351 3209 2416 münchner Lokalposse „Bürger und Junker“
390 2348 526 2423 ta
1337 2357 2288 2426 Strumpfwirker sehr zu gute gekommen. In Frl. An¬
783 2348 965 2426 A 124
2274 2375 3227 2450 zu Worte. Mit einem jener sogenannten Chacak¬
431 2380 2285 2470 R. B. (Voltstheater.] Herr Bassermanusinger hatte er eine gar anmutige Töchter, und in
2282 2420 3226 2481 sterbilder, die ohne Frivolität und mit einer erträg¬
383 2448 2272 2512 wollte uns im Verlaufe seines Gastspiels auch ein= Herrn Kustermann bekam er einen strammen,
2288 2466 3232 2513 llichen Dosis sentimentalen Ueberschwangs ein Lied
1349 2487 2284 2551 gutgeratenen Schwiegersohn. Nicht zu vergessen:
380 2485 1343 2555 mal mannheimerisch, d. h. in der Mundart seiner
2295 2514 3227 2559 singen auf bürgerliche altväterische Tüchtigkeit und
1341 2525 2285 2583 die liebe Frau Strumpfwirkerin des Frl. Walden
389 2529 1330 2592 Vaterstadt, kommen, und da ist denn seine Wahl auf
2285 2551 3229 2602 sehrbar verliebte Jugend, Waldhornklang und
1339 2565 2281 2632 und der muntere Joseph des Herrn Kanzenel.
386 2564 1342 2620 den liebenswürdig=heiteren, gesprächigen, mesalliance¬
2289 2578 3232 2637 Mondenschein. Geschehen diese Ausgrabungen nit
1351 2609 2274 2668 Das selbstverständlich wieder ausverkaufte Haus
383 2612 1337 2686 lüsternen Freiherrn v. Nineker in dem altmünchener
2295 2620 3223 2673 so viel Verständnis, mit dem „Bürger und Junker“
1345 2654 2282 2717 unterhielt sich aufs beste und leistete wieder einiges
391 2653 1347 2711 Charakterbild „Bürger und Junker“ von M.
2280 2663 3226 2717 gestern unter Herrn Baers Regie inszeniert wurde
1353 2687 2278 2757 in Hervorrufen, wenn auch die Wogen der Begeiste¬
388 2696 1346 2758 E. Schleich gefallen, auf eine Rolle also, die eine
2284 2687 3223 2753 so kann man sich darüber herzlich freuen, daß auf
1344 2732 2283 2797 rung naturgemäß. diesu nicht so hoch gingen wie an
2292 2737 3236 2794 solche Weise der Geschmacksverpestung entgegenge¬
394 2732 1343 2803 der besten und populärsten des vielgerühmten #ang
2290 2778 3239 2842 arbeitet wird, die die stumpfsinnige Detektiv¬
396 2773 2288 2846 war. Von denen, die gestern gekommen waren, ums den ersten Abenden. — Dem ohnehin etwas läng¬
2288 2815 3235 2876 dramatik ins Land gebracht hat. Aus den wohlge¬
1343 2824 2282 2887 lichen Charakterbild in sechs Bildern ging über¬
389 2822 1352 2887 sich wieder einmal an den sanften Spässen des einst
1354 2853 3227 2921 flüssigerweise die eingktige Studie „Der Puppen= lungenen Altmünchner Typen, die die Herren
392 2867 1349 2924 sehr beliebten „Punsch"=Kredenzers Schleich harmlos
1344 2885 3222 2969 sspieler“ von Arthur uifter voraus “ ein Kopp (Achleitner) und Kustermann (Max)
399 2902 1349 2976 zu ergötzen, werden nun freilich nicht allzu viele den
1352 2932 3232 3000 ziemlick, künstlicher, ironischer Dialog, in dessen Ver=Jund die Damen Aulinger (Margarete), Wer¬
392 2947 1348 2999 Rineker Langs noch gesehen haben. Und ich möchte
1348 2971 3235 3045 lauf es sich herausstellt, daß einer, der gewähnt hat, mer (Kreszenz) und Walden (Elisabeth) auf die
396 2987 1345 3056 fa## sagen: goltlob. Denn beim Vergleichen von
2295 3007 3227 3049 Bretter stellten, ragte Frau Bard:u=Mül¬
1353 3028 2294 3083 mit den Menschen wie mit Puppen spielen zu können,
400 3035 1339 3089 Schauspielern der Vergangenheit und Gegenwart
2284 3045 3237 3107 sers mit ungemeinster Komik charnkterisiertes
1360 3063 2293 3124 selbst eine Puppe und am Ende der Verspielte ist.
404 3072 1344 3132 kommt für die lebenden fast nie etwas Gescheites
2294 3080 3229 3141 Freifräulein v. Rineker. Den Bruder der adels¬
1359 3103 2294 3173 Die Tragikomödie dieser Gestalt hat Bassermann so
397 3112 1343 3172 heraus. Fehli aber die Vergleichsmöglichkeit — wie
2291 3127 3239 3183 sstolzen alten Jungser spielte Herr Basser¬
1348 3141 2294 3225 vollkommen in Maske, Wort und Gebärde eingefan¬
392 3153 1349 3210 in diesem Falle für die meisten einschließlich meiner
2464 3163 3242 3217 Offenbar um uns einmal mannheimisch
1357 3170 2471 3257 gen, daß ein ganzes Leben in einer kurzen Szene mann.
401 3202 1349 3258 Wenigkeit — dann nimmt man die Leistung ganz
1357 3242 3235 3298 offenbar ward. In der Rolle eines glünlichen Eberstzu kommen. Es versteht sich von selbst, daß er die¬
3200 3237 3251 3310 W
403 3240 1344 3316 einfach so, wie sie ist, und freut sich ihrer, wenn es
1353 3263 2297 3326 manns ist Herr Kustermann zu loben, und al
390 3277 1353 3343 erwas an ihr zu bewundern gibt. Nun: und zu
2310 3295 3246 3341 ser loyalen Figur alles gab, was sie liebenswürdig
1361 3310 2291 3372 seine Frau führte sich eine hübsche Debutantin, Raj
401 3320 1359 3382 letzterem ist immer Gelegenheit genug vorhanden,
2302 3336 3243 3390 machen kann. Wenn man auch bekennen muß, daß
1345 3352 2269 3417 [Klaus=Meinhard, recht vorteilhaft ein. 2—
401 3367 1349 3425 wenn ein Bassermann in so einen Charakter hinein¬
2311 3381 3250 3432 in den früheren Gestaltungen Bassermanns uns
404 3403 1355 3461 schlüpft und ihn bis in das letzte Fältchen und Win¬
2306 3411 3245 3462 mancher einzelne unwillkürlich mannheimisch ge¬
406 3442 1362 3512 kelchen hinein ausfüllt. Allevdings: ganz so unüber¬
2312 3452 3250 3501 färbte Tonmehr ergriff als dieses zwar lustige,
2300 3493 3265 3551 aber doch etwas billige Privatissimum über „Man¬
400 3491 1361 3544 trefflich fein in allen Details wie seine andern, bis¬
2294 3511 2494 3592 neusch“.
405 3524 1377 3583 her gespielten Gestalten, war dieser Rineker nicht.
393 3563 1367 3628 Oder bildete man sich's vielleicht nur ein, weil man
400 3605 1356 3670 wußte, daß er ihn zum ersten Mal spielte? Aber
408 3630 1369 3724 was liegt an ein pace Drückern und Lichtern? Im
393 3691 1356 3751 ganzen war's doch wieder eine prächtige, liebenswerte
415 3732 1373 3813 Figur, und wie dem Gast der drollig=beh ige breite
411 3781 1375 3842 „Mannemer“ Dialekt von den Lippen floß, das war
400 3817 1367 3870 nun zum Entzücken gar. Bassermann hatte übrigens,
395 3854 1385 3920 leider nur für eine kurze Szene, eine durchaus eben¬
378 3914 1382 3968 bürtige Partnerin in Frau Ida Bardou=Mül¬
