3484 4320
680 241 1477 332 Dr. Max Goldschmidt
841 321 1271 408 „  Bureau für
816 391 1335 472 Zeitungsausschnitte
580 469 1566 533 verbunden mit direktem Nachrichtendienst durch
819 511 1333 585 eigene Korrespondenten.
1104 566 1503 643 Telephon: III, 3051
641 566 981 642 Berlin N. 24.
567 633 1603 684 —
865 679 1304 761 Ausschnitt aus
1243 1028 1458 1117 etung
720 1032 1053 1121 Fresiauer
1106 1134 1427 1237 -6. 12.03
842 1232 1180 1329 Theater.
1017 1304 1668 1382 Dezember. „Der Puppen¬
423 1302 1012 1375 Lobetheater. Sonnabend, 5.
346 1360 521 1411 sviele
597 1357 1677 1402 Studie von Arthur Schnitzler. „Salome".s
358 1396 1663 1445 Tragödie von Bikar Wilde. Ein gut disponierter Abend! Keine
1336 1434 1380 1468 f“
357 1433 1658 1487 Uraufführung, dennoch aber geeignet, die jüngste Urauffuhrung vergessen
348 1474 1658 1525 zu machen. Arthur Schnitzler eröffnete mit einem Akt, der sich be¬
346 1514 1660 1560 scheiden eine Studie nennt und auch wirklich nur eine Studie ist, jedoch
358 1548 1647 1611 mehr melancholische Lebensweisheit und künstlerischen Inhalt umschließt,
357 1585 1661 1639 als manches breit ausgeführte, anspruchsvoll sich geberdende Werk.
357 1624 1668 1669 Nur der Titel behagt mir nicht, weil er mit der psychologischen These
355 1667 1663 1721 des kleinen Stückes, das er deckt, kokettiert. Ein entgleistes Genie, ein
354 1709 1660 1756 Bohémien, der sich einbildet, daß seine Laune die Menschen spielen
347 1749 1658 1798 lassen kann, wie Puppen, und der bei Gelegenheit erfahren muß, daß
1399 1775 1660 1828 das ist der
349 1775 1323 1819 er die willenlose Puppe des Schicksals gewesen ist
347 1812 1660 1864 Titelheld. Sein Lebensgang wird nur ganz knapp, in leichten Umrissen,
355 1855 1661 1903 angedeutet bei dem Wiedersehen, das der unruhige, scheue Geselle i
351 1882 1659 1935 bürgerlich rangierten Jugendfreunden hat. Aber sein Charakter, die
357 1920 1660 1974 Tragik seines Lebens, steht dennoch so klar vor uns, daß es der Er¬
361 1957 1662 2009 klärung durch den Titel kaum bedurft hätte. In diesem kurzen Akt ist¬
359 2006 1658 2049 Schnitzter so ernst, so abgawendet von allem Spielerischen, wie er kaum
356 2035 1660 2094 je in einem seiner anderen Werke gewesen ist. Nur die kleinen Senti¬
358 2072 1660 2147 mentalitäten am Schluß bringen eine an diesem feinen, lieben Dichter
361 2120 653 2180 bekanne Note.
435 2146 1665 2215 Vöt dem „Puppenspieler“ machte Herr Vernau seinen ersten
1311 2185 1656 2241 Die Gestalt des
350 2197 1281 2244 Schrit ins Charakterfach und nicht ohne Glück.
354 2225 1652 2277 Sonderlings hatte feste, sichere Linien, ohne daß Versuche zur Schau¬
364 2262 1661 2313 spielerei, zu denen der wunderliche Querkopf wohl verleiten könnte, mit
364 2302 1659 2354 unterliefen. Eine leichte, unberechtigte und wohl auch unbeabsichtigte
368 2352 1659 2394 Jargon=Färbung sollte Herr Bernau noch zu unterdrücken suchen.
358 2393 1666 2425 Weniger kompliziert sind die Aufgaben, die an Fräulein Santen
368 2408 1655 2463 und Herrn Burgarth fielen und die von beiden Künstlern ohne
358 2452 788 2516 Mühe geläst wurden.
441 2470 1672 2555 Es te „Salome“, dieselbe „Salome“, die hier in Breslau durch
351 2526 1665 2580 die „Fr## litterarische Vereinigung" vor einigen Jahren ihre erste
353 2558 1669 2627 deutsche Aufführung hatte, und die seitdem unter freundlicher Beihilfe
356 2599 1665 2663 der Zensur so mannigfache Schicksale erlebte. „Salome“ ist damals
363 2636 1660 2697 ausführlich besprochen worden und bedarf einer nochmaligen Würdi¬
354 2682 1659 2729 gung also nicht. Nur haben wir seitdem Wildes „Lady Windermeres
368 2727 1663 2776 Fächer“ gesehen, andere Dramen des unglücklichen Engländers gelesen
364 2756 1661 2813 und diese alltäglichen, allenfalls durch ein gewisses Raffinement der
365 2796 1667 2849 Gesellschafts=Schilderung sich auszeichnenden Schöpfungen mußten die
367 2834 1665 2882 Bewunderung vor der kühnen, einzig=artigen „Salome“, diesem aus
364 2866 1669 2931 brennenden Farben mit strenger Kunst komponierten Gemälde, noch
365 2916 637 2983 höher steigern.
914 2951 952 2986 5
452 2932 1659 2991 Aus der damaligen Aufführung war nur der Herodes des Herrn
1046 2991 1084 3023 ##
946 2994 981 3020 1—
365 2978 1668 3040 Müller geblieben, der die sich formlich befehdenden Charakterzüge
370 3025 1663 3079 des feigen, wolllüstigen und doch vor den letzten Untaten zurückschaudern¬
364 3061 1669 3111 den Tyrannen sehr sicher und wirksam zusammenfaßt. Die Salome
362 3111 1672 3156 gehört zu den Aufgaben, die Fräulein Mayer ihrer Individualität
363 3139 1667 3190 abringen muß. Sie tut das mit feinster Intelligenz und schmiegsamster
368 3174 1669 3221 Kunst. Fräulein Mayer brachte insbesondere die Perversität des kind¬
363 3212 1668 3262 lichen Weibes sehr scharf und mit eigenartigen, jede heroische Geste ver¬
362 3250 1667 3306 schmähenden Mitteln heraus. Königliche Gestalt und ungezügeltes Tem¬
1313 3291 1662 3342 Herrn Wendts
373 3289 1274 3342 perament gab Fräulein Salta der Herodias.
370 3324 1664 3378 kräftiges Organ kam den eifernden Flüchen des Jochanaan zu Gute¬
371 3363 1671 3413 Die Herren Bernas, Wahl, Strial, Barna vennochten
365 3412 1185 3461 ihren kleinen Rollen Beachtung zu schaffen.
455 3422 1661 3489 Die Regie (Herr Bonno) hatte die Schwierigkeiten, die die
361 3475 1666 3544 schmale Bühne des Lobetheaters der Entfaltung der Vorgänge bietet
371 3512 1653 3577 so gut überwunden, wie es gehen wollte. Nicht ganz waren die Ueber¬
356 3556 1649 3621 gänge der alltäglichen zur lyrisch oder tragisch gesteigerten Prosa ge¬
364 3585 1654 3650 glättet. Bei der Musik zu Salomes Tanz hätte ich sehr gern das da
362 3628 1660 3674 mals wohl noch nicht in allen besseren Familien eingebürgerte Klavie
366 3666 1651 3713 vermißt. Gegen den Schluß hin kam die wichtige Verdunkelung de
369 3704 1666 3764 Bühne zu früh. Und endlich hätte der Regisseur für die Blutgestal
370 3740 1652 3801 des Henkers, der den ganzen Akt über den Hintergrund in Anspruc
374 3782 1651 3838 nimmt, eine besser geeignete Persönlichkeit ausfindig machen sollen, al
362 3818 1654 3866 den behäbigen Herrn, der im roten Kittel steckte. Von dem künstlerische
368 3863 1653 3910 Glanz, der in Berlin für den Rahmen der „Salome“ aufgeboten wird
366 3894 1657 3949 leuchtete hier nichts, aber immerhin ist die Sorgfalt, mit der die vor
362 3939 1313 3989 handenen Mittel verwendet wurden, anzuerkennen.
450 3982 1651 4030 Die Aufnahme des Werkes war dieselbe, wie bei der Matinee vo
367 4011 1656 4062 drei Jahren. Begeisterter Beifall und hartes Zischen kämpften mit ein
365 4044 1652 4109 ander. Es gibt eben Leute, die große Kunst nicht ertragen können, zven
363 4090 1120 4145 sie „unerquicklich“ oder gar grausig ist.
2120 233 2920 337 Dr. Max Goldschmidt
2271 328 2790 411 Bureau für
2251 406 2780 489 Zeitungsausschnitte
2001 468 3016 537 verbunden mit direktem Nachrichtendienst durch
2251 526 2777 591 eisene Korrespondenten.
2553 576 2952 657 Telephon: III, 3051.
2056 578 2417 649 Berlin N. 24.
2062 643 3020 690 —
2289 695 2740 775 Ausschnitt aus
2209 865 2966 964 Schlssteshe Zeitung, Bresian
2424 1119 2669 1215 DEZ. 903
2316 1167 2436 1215 .
2308 1378 2740 1465 — Lohetheater.
1940 1453 3170 1501 Der heutige Novitätenabend der Lobebühne wurde mit einer eigen¬
1859 1478 3169 1552 artig feinen, von tiefeindringender Beobachtung zeugenden Studie nach dem
1867 1529 3169 1582 Leben aus der Feder Arthur Schnitzlers, „Der Puppenspieler“ be¬
1866 1565 3164 1636 titelt, eröffnet. Das kleine, geistvolle Werk, um dessen gute Wiedergabe sich
1872 1602 3167 1665 die Herren Bernau und Burgarth sowie Frl. Santen verdient machten,
1869 1647 3156 1715 fand bei dem sehr zahlreich erschienenen Publikum warmes Interesse und leb¬
1866 1689 3149 1759 haften Beifall. Darauf folgte Oskar Wildes einaktiges Drama „Salo me“, das
1864 1732 3157 1798 hier zwar schon einmal, aber in nichtöffentlicher Matinée vor den
1867 1759 3185 1854 Mitgliedern der Freien Literarischen Vereinigung aufgeführt worden
1873 1819 3168 1889 war. Das aus psychopathischem Motive herausgeborene, von perverser
1871 1860 3161 1917 Sinnenlust bis zum Ekelerregen erfüllte, aber durch starke
1874 1904 3171 1985 Stimmungskunst ausgezeichnete graufig=phantastische orientalische Nachtbild
1872 1948 3161 1998 erfuhr unter Herrn Bonnos umsichtiger Regie eine durchaus lobenswerte
1865 1980 3172 2051 Darstellung, der wohl auch der anhaltende kräftige Applaus am Schlusse
1874 2035 3165 2114 galt. Frl. Mayer bot als Salome eine Leistung von hohem künstlerischen
1870 2077 3163 2139 Werte. Frl. Salta verkörperte die Herodias in jeder Hinsicht vortrefflich
1877 2119 3156 2179 Herr Wendt charakterisierte den verzückten Propheten in Maske, Haltung
1873 2171 3150 2215 und Redeweise sehr wirkungsvoll. Hervorzuheben sind ferner Herr
1877 2202 3154 2279 Müller, der wie schon früher den Tetrarchen gab, und Herr Berna##
1880 2266 2452 2324 als junger syrischer Hauptmann.
2959 2261 3172 2347 v. R.
2089 2598 2932 2700 Dr. Max Goldschmidt
2204 2722 2251 2773 *
2246 2698 2846 2786 *  Bureau für .
2240 2766 2764 2851 Zeitungsausschnitte
2004 2830 2995 2911 verbunden mit direktem Nachrichtendienst durch
2246 2886 2764 2958 eisene Korrespondenten.
2548 2949 2947 3019 Telephon: III, 3051.
2060 2953 2414 3017 Berlin N. 24.
2048 3005 3029 3060 —
2280 3056 2736 3144 Ausschnitt aus
2309 3237 2939 3328 Neues Wiener Tagblan
2615 3528 2967 3632 3 4JEZ 1903
2087 3669 3022 3735 * Aus Breslau wird uns telegraphiert: Oskar
1993 3713 3021 3794 Wildes biblische#kome“, welche bisher
1988 3776 3024 3846 Von der Zensur verboten war, hatte hier bei ausgezeichneter
1991 3827 3020 3882 Darstellung ungemeinen Erfolg. Dieser Erstaufführung vor
1997 3877 3019 3940 der Oefsentlichkeit war vor mehreren Jahren eine vor einem
1985 3915 3023 3985 geschlossenen Kreise in einer literarischen Gesellschaft voraus¬
1987 3966 3015 4027 gegaugen. Auch Schnitzlers Einakter „Der Puppen¬
1987 4005 3020 4066 spieler“, eine seinftlmge Stüdse in der Art der
1987 4052 2719 4128 „Lebendigen Stunden“, sprach lebhaft an.
