<?xml version="1.0" encoding="UTF-8" standalone="yes"?>
<PcGts xmlns="http://schema.primaresearch.org/PAGE/gts/pagecontent/2013-07-15" xmlns:xsi="http://www.w3.org/2001/XMLSchema-instance" xsi:schemaLocation="http://schema.primaresearch.org/PAGE/gts/pagecontent/2013-07-15 http://schema.primaresearch.org/PAGE/gts/pagecontent/2013-07-15/pagecontent.xsd">
    <Metadata>
        <Creator>prov=University of Rostock/Institute of Mathematics/CITlab/Gundram Leifert/gundram.leifert@uni-rostock.de:name=ONB_Newseye_GT_M1+(htr_id=10810)::::v=2.4.2
prov=University of Rostock/Institute of Mathematics/CITlab/Tobias Gruening/tobias.gruening@uni-rostock.de:name=de.uros.citlab.module.baseline2polygon.B2PSeamMultiOriented:v=2.4.2
prov=University of Rostock/Institute of Mathematics/CITlab/Tobias Gruening/tobias.gruening@uni-rostock.de:name=/mnt/transkribus/LA/DEA/URO/LA_news_onb_att.pb:de.uros.citlab.segmentation.CITlab_LA_ML:v=2.4.2
Transkribus</Creator>
        <Created>2019-10-07T11:33:32.379+02:00</Created>
        <LastChange>2019-10-08T09:03:40.520+02:00</LastChange>
        <TranskribusMetadata docId="223974" pageId="9499784" pageNr="85" tsid="16508996" status="IN_PROGRESS" userId="40391" imgUrl="https://files.transkribus.eu/Get?id=RJUEXEIUXBZSPYTAJQHTEJCD&amp;fileType=view" xmlUrl="https://files.transkribus.eu/Get?id=CZYVCZLTXMQAVSYWYUGZZNGX" imageId="6190006"/>
    </Metadata>
    <Page imageFilename="223974_0085.jpeg" imageWidth="3436" imageHeight="4320">
        <ReadingOrder>
            <OrderedGroup id="ro_1711450162481" caption="Regions reading order">
                <RegionRefIndexed index="0" regionRef="r1"/>
                <RegionRefIndexed index="1" regionRef="r2"/>
            </OrderedGroup>
        </ReadingOrder>
        <TextRegion orientation="0.0" id="r1" custom="readingOrder {index:0;}">
            <Coords points="327,302 327,4158 1739,4158 1739,302"/>
            <TextLine id="r1l1" custom="readingOrder {index:0;}">
                <Coords points="730,358 1004,329 1107,357 1256,340 1356,354 1357,264 1284,243 1247,268 1184,241 973,274 730,246"/>
                <Baseline points="738,333 768,331 798,329 829,328 859,327 890,326 920,326 951,325 981,325 1012,325 1042,326 1072,326 1103,327 1133,327 1164,327 1194,328 1225,329 1255,329 1286,330 1316,330 1347,330"/>
                <TextEquiv>
                    <Unicode>Theater und Bunst.</Unicode>
                </TextEquiv>
            </TextLine>
            <TextLine id="r1l2" custom="readingOrder {index:1;}">
                <Coords points="443,399 473,408 507,382 521,387 532,378 566,388 604,373 672,370 649,247 627,253 602,243 570,251 539,240 522,256 413,236"/>
                <Baseline points="449,382 475,378 501,372 527,367 554,362 580,357 606,353 632,349 659,345"/>
                <TextEquiv>
                    <Unicode></Unicode>
                </TextEquiv>
            </TextLine>
            <TextLine id="r1l3" custom="readingOrder {index:2;}">
                <Coords points="724,452 779,482 906,471 957,443 985,461 1157,447 1279,481 1353,470 1353,426 1244,389 1105,413 1066,396 857,413 804,390 725,399"/>
                <Baseline points="734,447 764,448 795,448 825,449 856,449 886,450 917,450 947,451 978,451 1008,451 1039,451 1069,451 1100,451 1130,451 1161,451 1191,451 1222,450 1252,450 1283,449 1313,448 1344,447"/>
                <TextEquiv>
                    <Unicode>Theater an der Wien.</Unicode>
                </TextEquiv>
            </TextLine>
            <TextLine id="r1l4" custom="readingOrder {index:3;}">
                <Coords points="319,511 1727,531 1727,476 1574,458 319,469"/>
                <Baseline points="328,511 397,511 467,512 536,512 606,512 675,512 745,512 814,512 884,512 953,512 1023,512 1093,512 1162,512 1232,512 1301,512 1371,512 1440,513 1510,514 1579,515 1649,516 1719,518"/>
                <TextEquiv>
                    <Unicode>(Gastspiel des Berliner Lessing=Theaters: „Ela“ von Gerhart Haupt¬</Unicode>
                </TextEquiv>
            </TextLine>
            <TextLine id="r1l5" custom="readingOrder {index:4;}">
                <Coords points="494,546 994,578 1081,546 1565,558 1533,511 494,519"/>
                <Baseline points="503,549 555,551 608,553 660,554 713,555 766,555 818,555 871,555 924,555 976,555 1029,554 1082,554 1134,553 1187,553 1240,553 1292,552 1345,553 1398,553 1450,553 1503,554 1556,556"/>
                <TextEquiv>
                    <Unicode>mann. — „Der Puppenspieler“ von Artur Schnitzler.)</Unicode>
                </TextEquiv>
            </TextLine>
            <TextLine id="r1l6" custom="readingOrder {index:5;}">
                <Coords points="433,615 1636,632 1725,616 1725,556 434,587"/>
                <Baseline points="442,607 505,609 569,611 633,612 696,613 760,614 824,614 887,615 951,615 1015,615 1079,614 1142,614 1206,614 1270,614 1333,613 1397,613 1461,613 1524,613 1588,613 1652,614 1716,614"/>
                <TextEquiv>
                    <Unicode>Direktor Brahm hat gestern an der Wien ein Gefantgastspiel</Unicode>
                </TextEquiv>
            </TextLine>
            <TextLine id="r1l7" custom="readingOrder {index:6;}">
                <Coords points="328,661 1722,672 1694,618 328,612"/>
                <Baseline points="337,654 405,656 474,658 543,660 612,661 681,662 749,662 818,663 887,663 956,663 1025,664 1093,663 1162,663 1231,663 1300,663 1369,663 1437,663 1506,663 1575,663 1644,663 1713,663"/>
                <TextEquiv>
                    <Unicode>begonnen, das ohne Zweifel Erfolg haben wird. Er bringt uns</Unicode>
                </TextEquiv>
            </TextLine>
            <TextLine id="r1l8" custom="readingOrder {index:7;}">
                <Coords points="331,700 1716,721 1716,677 1630,661 331,663"/>
                <Baseline points="339,702 407,703 475,704 544,705 612,705 681,706 749,707 818,707 886,708 955,709 1023,709 1091,709 1160,710 1228,710 1297,710 1365,710 1434,710 1502,709 1571,709 1639,709 1708,708"/>
                <TextEquiv>
                    <Unicode>einige neuere Stücke, die wir sonst in Wien schwerlich sehen würden;</Unicode>
                </TextEquiv>
            </TextLine>
            <TextLine id="r1l9" custom="readingOrder {index:8;}">
                <Coords points="325,763 1719,775 1689,711 325,714"/>
                <Baseline points="333,748 401,749 470,750 539,751 608,752 677,753 746,753 814,754 883,754 952,754 1021,754 1090,754 1159,754 1228,754 1296,754 1365,754 1434,754 1503,754 1572,754 1641,754 1710,754"/>
                <TextEquiv>
                    <Unicode>sogar Wiener Stücke, da nun einmal der Weg von Wien nach</Unicode>
                </TextEquiv>
            </TextLine>
            <TextLine id="r1l10" custom="readingOrder {index:9;}">
                <Coords points="327,810 1724,808 1724,771 1610,753 327,761"/>
                <Baseline points="335,792 404,794 473,795 542,796 611,797 680,798 749,799 818,800 887,800 956,801 1025,801 1094,802 1163,802 1232,802 1301,803 1370,803 1439,803 1508,803 1577,803 1646,803 1715,803"/>
                <TextEquiv>
                    <Unicode>Wien über Berlin führt. Das ist selbstverständlich eine Verkehrt¬</Unicode>
                </TextEquiv>
            </TextLine>
            <TextLine id="r1l11" custom="readingOrder {index:10;}">
                <Coords points="331,853 1727,868 1727,811 331,812"/>
                <Baseline points="339,841 411,843 484,844 556,846 629,847 701,847 774,847 847,848 919,847 992,847 1064,847 1137,847 1209,846 1282,846 1355,846 1427,846 1500,846 1572,847 1645,848 1718,849"/>
                <TextEquiv>
                    <Unicode>heit, aber wer ist stark genug, alle verkehrten Dinge in unserem</Unicode>
                </TextEquiv>
            </TextLine>
            <TextLine id="r1l12" custom="readingOrder {index:11;}">
                <Coords points="323,888 416,910 958,903 993,898 994,854 323,857"/>
                <Baseline points="332,888 364,889 397,889 429,889 462,889 495,889 527,890 560,890 592,890 625,891 658,891 690,892 723,892 755,892 788,893 821,893 853,893 886,893 918,893 951,894 984,894"/>
                <TextEquiv>
                    <Unicode>Theaterleben gerade zu biegen?</Unicode>
                </TextEquiv>
            </TextLine>
            <TextLine id="r1l13" custom="readingOrder {index:12;}">
                <Coords points="438,944 1718,947 1699,902 1431,882 439,916"/>
                <Baseline points="448,936 511,937 574,938 637,938 700,939 763,939 826,940 889,940 952,941 1015,941 1079,941 1142,942 1205,942 1268,942 1331,943 1394,943 1457,943 1520,943 1583,943 1646,943 1710,943"/>
                <TextEquiv>
                    <Unicode>„Elga“ gehört nach Wien, schon weil Hauptmann darin eine</Unicode>
                </TextEquiv>
            </TextLine>
            <TextLine id="r1l14" custom="readingOrder {index:13;}">
                <Coords points="329,985 1504,1010 1691,1000 1723,949 329,959"/>
                <Baseline points="337,979 405,980 474,981 543,982 612,983 681,984 750,985 818,986 887,987 956,988 1025,989 1094,989 1163,990 1232,991 1300,991 1369,991 1438,991 1507,991 1576,991 1645,991 1714,990"/>
                <TextEquiv>
                    <Unicode>Novelle Grillparzers dramatisiert hat. Es ist das „Kloster bei</Unicode>
                </TextEquiv>
            </TextLine>
            <TextLine id="r1l15" custom="readingOrder {index:14;}">
                <Coords points="324,1023 1618,1054 1720,1035 1721,990 325,988"/>
                <Baseline points="333,1024 401,1025 470,1027 539,1028 608,1030 677,1031 746,1033 815,1034 884,1035 953,1036 1022,1037 1090,1038 1159,1039 1228,1039 1297,1040 1366,1040 1435,1040 1504,1040 1573,1039 1642,1039 1711,1038"/>
                <TextEquiv>
                    <Unicode>Sendomir“, diese schaurige Profaballade, in der noch Ahnfrau¬</Unicode>
                </TextEquiv>
            </TextLine>
            <TextLine id="r1l16" custom="readingOrder {index:15;}">
                <Coords points="324,1065 1726,1096 1707,1036 324,1039"/>
                <Baseline points="332,1077 401,1077 470,1078 539,1079 609,1079 678,1080 747,1080 817,1081 886,1081 955,1081 1025,1082 1094,1082 1163,1083 1232,1083 1302,1084 1371,1084 1440,1085 1510,1085 1579,1086 1648,1086 1718,1087"/>
                <TextEquiv>
                    <Unicode>stimmungen spuken. Zwei Reiter übernachten im Kloster zur Zeit</Unicode>
                </TextEquiv>
            </TextLine>
            <TextLine id="r1l17" custom="readingOrder {index:16;}">
                <Coords points="327,1138 1691,1143 1714,1107 327,1094"/>
                <Baseline points="335,1125 403,1126 471,1126 540,1127 608,1127 677,1128 745,1128 814,1129 882,1129 951,1129 1019,1130 1087,1130 1156,1130 1224,1130 1293,1130 1361,1131 1430,1131 1498,1131 1567,1130 1635,1130 1704,1130"/>
                <TextEquiv>
                    <Unicode>König Johann Sobieskis und ein düsterer Mönch erzählt ihnen,</Unicode>
                </TextEquiv>
            </TextLine>
            <TextLine id="r1l18" custom="readingOrder {index:17;}">
                <Coords points="333,1178 1662,1195 1718,1134 333,1136"/>
                <Baseline points="341,1171 409,1171 477,1171 546,1171 614,1172 683,1172 751,1173 819,1174 888,1174 956,1175 1025,1176 1093,1176 1161,1177 1230,1178 1298,1178 1367,1178 1435,1179 1503,1179 1572,1179 1640,1178 1709,1178"/>
                <TextEquiv>
                    <Unicode>welcher Mord durch die Erbauung dieses heiligen Hauses gesühnt</Unicode>
                </TextEquiv>
            </TextLine>
            <TextLine id="r1l19" custom="readingOrder {index:18;}">
                <Coords points="320,1224 1714,1239 1692,1182 320,1196"/>
                <Baseline points="329,1218 397,1219 466,1220 535,1221 604,1221 673,1222 742,1222 810,1223 879,1223 948,1223 1017,1223 1086,1224 1155,1224 1224,1224 1292,1224 1361,1223 1430,1223 1499,1223 1568,1223 1637,1223 1706,1223"/>
                <TextEquiv>
                    <Unicode>werden soll. Der Graf Starschenski hat die schöne Tochter eines</Unicode>
                </TextEquiv>
            </TextLine>
            <TextLine id="r1l20" custom="readingOrder {index:19;}">
                <Coords points="332,1268 1698,1283 1723,1236 332,1226"/>
                <Baseline points="341,1264 409,1265 478,1266 546,1268 615,1268 684,1269 752,1269 821,1270 890,1270 958,1270 1027,1270 1096,1270 1164,1270 1233,1270 1302,1270 1370,1270 1439,1270 1508,1270 1576,1270 1645,1270 1714,1271"/>
                <TextEquiv>
                    <Unicode>vervehmten Edelmannes geheiratet, das Bettelkind Elga. Sie wird</Unicode>
                </TextEquiv>
            </TextLine>
            <TextLine id="r1l21" custom="readingOrder {index:20;}">
                <Coords points="318,1320 1608,1328 1726,1317 1726,1279 318,1289"/>
                <Baseline points="327,1312 396,1312 466,1313 535,1313 605,1314 674,1314 744,1315 813,1315 883,1315 952,1316 1022,1316 1092,1316 1161,1316 1231,1316 1300,1316 1370,1316 1439,1315 1509,1315 1578,1314 1648,1314 1718,1313"/>
                <TextEquiv>
                    <Unicode>untreu, ihr Töchterchen stammt von Vetter Oginski, der ihr Kindheits¬</Unicode>
                </TextEquiv>
            </TextLine>
            <TextLine id="r1l22" custom="readingOrder {index:21;}">
                <Coords points="325,1365 1689,1380 1728,1325 325,1339"/>
                <Baseline points="333,1363 402,1362 471,1362 540,1362 610,1361 679,1361 748,1361 817,1362 887,1362 956,1362 1025,1362 1094,1363 1164,1363 1233,1364 1302,1364 1371,1364 1441,1365 1510,1365 1579,1365 1648,1365 1718,1365"/>
                <TextEquiv>
                    <Unicode>gespiele gewesen. Starschenski kommt dahinter und setzt Oginski im</Unicode>
                </TextEquiv>
            </TextLine>
            <TextLine id="r1l23" custom="readingOrder {index:22;}">
                <Coords points="327,1413 1720,1418 1720,1372 1644,1363 328,1371"/>
                <Baseline points="337,1407 405,1407 474,1407 542,1407 611,1407 680,1407 748,1408 817,1408 886,1408 954,1409 1023,1409 1092,1409 1160,1409 1229,1410 1298,1410 1366,1410 1435,1411 1504,1411 1572,1411 1641,1411 1710,1411"/>
                <TextEquiv>
                    <Unicode>Verließturm gefangen. Er schleppt Weib und Kind zum heimlichen</Unicode>
                </TextEquiv>
            </TextLine>
            <TextLine id="r1l24" custom="readingOrder {index:23;}">
                <Coords points="332,1461 1722,1482 1723,1431 332,1426"/>
                <Baseline points="341,1452 409,1452 478,1453 546,1453 615,1454 684,1454 752,1455 821,1455 889,1456 958,1456 1027,1457 1095,1457 1164,1458 1232,1458 1301,1458 1370,1459 1438,1459 1507,1459 1575,1460 1644,1460 1713,1461"/>
                <TextEquiv>
                    <Unicode>Gautengericht dahin. Oginski entspringt durch das Fenster, Elga</Unicode>
                </TextEquiv>
            </TextLine>
            <TextLine id="r1l25" custom="readingOrder {index:24;}">
                <Coords points="331,1501 1691,1518 1720,1476 331,1484"/>
                <Baseline points="340,1499 408,1499 477,1500 545,1500 614,1501 682,1501 751,1501 819,1502 888,1502 956,1502 1025,1503 1093,1503 1162,1503 1230,1504 1299,1504 1367,1504 1436,1505 1504,1505 1573,1505 1641,1505 1710,1505"/>
                <TextEquiv>
                    <Unicode>aber soll Gnade erlangen, wenn sie das Kind des Ehebruches töte.</Unicode>
                </TextEquiv>
            </TextLine>
            <TextLine id="r1l26" custom="readingOrder {index:25;}">
                <Coords points="328,1554 1728,1554 1728,1517 1615,1506 328,1517"/>
                <Baseline points="338,1550 407,1549 476,1549 545,1549 614,1549 683,1549 752,1549 821,1549 890,1549 959,1549 1028,1549 1097,1550 1166,1550 1235,1551 1304,1551 1373,1552 1442,1552 1511,1553 1580,1553 1649,1554 1718,1555"/>
                <TextEquiv>
                    <Unicode>In ihrer Feigheit greift sie bereits nach der mörderischen Nadel, da</Unicode>
                </TextEquiv>
            </TextLine>
            <TextLine id="r1l27" custom="readingOrder {index:26;}">
                <Coords points="320,1600 1717,1610 1717,1562 1570,1555 320,1568"/>
                <Baseline points="329,1598 398,1596 467,1595 536,1595 605,1594 674,1594 743,1594 812,1594 881,1595 950,1595 1019,1596 1088,1597 1157,1597 1226,1598 1295,1599 1364,1599 1433,1600 1502,1600 1571,1600 1640,1600 1709,1600"/>
                <TextEquiv>
                    <Unicode>macht der empörte Graf sie nieder. Nun büßt er, als geringster der</Unicode>
                </TextEquiv>
            </TextLine>
            <TextLine id="r1l28" custom="readingOrder {index:27;}">
                <Coords points="321,1640 1725,1652 1706,1608 1595,1604 321,1603"/>
                <Baseline points="330,1643 399,1643 468,1643 537,1642 607,1642 676,1642 745,1643 815,1643 884,1643 953,1644 1023,1644 1092,1645 1161,1645 1230,1645 1300,1645 1369,1646 1438,1646 1508,1646 1577,1645 1646,1645 1716,1645"/>
                <TextEquiv>
                    <Unicode>Laienbrüder, in dem von ihm gegründeten Sühnhause. Grillparzer</Unicode>
                </TextEquiv>
            </TextLine>
            <TextLine id="r1l29" custom="readingOrder {index:28;}">
                <Coords points="327,1707 1698,1709 1722,1662 328,1649"/>
                <Baseline points="336,1691 404,1690 473,1689 542,1689 611,1689 680,1688 748,1689 817,1689 886,1689 955,1690 1024,1690 1092,1691 1161,1691 1230,1692 1299,1693 1368,1694 1436,1694 1505,1694 1574,1695 1643,1695 1712,1695"/>
                <TextEquiv>
                    <Unicode>erzählt das mit der knappen Sachlichkeit einer Zeit, die noch</Unicode>
                </TextEquiv>
            </TextLine>
            <TextLine id="r1l30" custom="readingOrder {index:29;}">
                <Coords points="326,1759 1718,1756 1718,1705 326,1719"/>
                <Baseline points="335,1739 403,1738 472,1737 541,1736 609,1735 678,1735 747,1735 815,1735 884,1736 953,1736 1022,1737 1090,1737 1159,1738 1228,1739 1296,1739 1365,1739 1434,1740 1502,1740 1571,1740 1640,1739 1709,1738"/>
                <TextEquiv>
                    <Unicode>„objeitiv“ zu sein vermeinte; in kurzen, dicht gedrängten Strichen</Unicode>
                </TextEquiv>
            </TextLine>
            <TextLine id="r1l31" custom="readingOrder {index:30;}">
                <Coords points="324,1792 1725,1814 1725,1754 1521,1739 324,1758"/>
                <Baseline points="332,1783 401,1783 470,1783 539,1783 608,1783 678,1783 747,1783 816,1783 885,1783 954,1784 1024,1784 1093,1784 1162,1784 1231,1784 1300,1785 1370,1786 1439,1786 1508,1787 1577,1789 1646,1790 1716,1791"/>
                <TextEquiv>
                    <Unicode>deren jeder sitzt, wo er sitzen soll. Eine Ausmalung der Stimmung</Unicode>
                </TextEquiv>
            </TextLine>
            <TextLine id="r1l32" custom="readingOrder {index:31;}">
                <Coords points="332,1838 1712,1855 1712,1805 1656,1789 333,1794"/>
                <Baseline points="341,1830 409,1830 477,1829 545,1829 613,1829 681,1829 749,1829 818,1830 886,1830 954,1831 1022,1832 1090,1832 1158,1833 1226,1834 1295,1834 1363,1835 1431,1836 1499,1836 1567,1836 1635,1837 1704,1837"/>
                <TextEquiv>
                    <Unicode>mit stilistischen, sprächlichen, melodischen Mitteln findet nicht stalt.</Unicode>
                </TextEquiv>
            </TextLine>
            <TextLine id="r1l33" custom="readingOrder {index:32;}">
                <Coords points="334,1884 1339,1894 1317,1855 1158,1834 335,1837"/>
                <Baseline points="344,1875 393,1875 442,1875 491,1875 541,1874 590,1874 639,1874 689,1874 738,1874 787,1874 837,1874 886,1874 935,1874 984,1874 1034,1875 1083,1875 1132,1876 1182,1876 1231,1877 1280,1878 1330,1879"/>
                <TextEquiv>
                    <Unicode>Auch keine chemische Analyse der Empfindungen.</Unicode>
                </TextEquiv>
            </TextLine>
            <TextLine id="r1l34" custom="readingOrder {index:33;}">
                <Coords points="445,1924 1570,1948 1716,1937 1717,1879 1621,1911 1539,1879 446,1880"/>
                <Baseline points="455,1920 517,1921 580,1921 642,1922 705,1923 768,1923 830,1924 893,1924 956,1925 1018,1926 1081,1927 1144,1927 1206,1928 1269,1929 1332,1930 1394,1931 1457,1932 1520,1932 1582,1933 1645,1934 1708,1935"/>
                <TextEquiv>
                    <Unicode>Der Dichter von heute schlägt jenes stimmungsmalerische und</Unicode>
                </TextEquiv>
            </TextLine>
            <TextLine id="r1l35" custom="readingOrder {index:34;}">
                <Coords points="331,1978 1722,1982 1722,1936 332,1924"/>
                <Baseline points="341,1974 409,1972 478,1970 546,1969 615,1969 684,1969 752,1969 821,1969 889,1970 958,1971 1027,1973 1095,1974 1164,1975 1232,1977 1301,1978 1370,1979 1438,1980 1507,1981 1575,1981 1644,1981 1713,1981"/>
                <TextEquiv>
                    <Unicode>dieses gefühlschemische Verfahren kin. Als theatralisches wie als</Unicode>
                </TextEquiv>
            </TextLine>
            <TextLine id="r1l36" custom="readingOrder {index:35;}">
                <Coords points="330,2021 1722,2035 1715,1982 330,1977"/>
                <Baseline points="338,2022 406,2021 475,2020 544,2019 613,2019 681,2019 750,2019 819,2019 888,2020 956,2020 1025,2021 1094,2022 1163,2023 1231,2024 1300,2025 1369,2026 1438,2027 1506,2027 1575,2028 1644,2028 1713,2029"/>
                <TextEquiv>
                    <Unicode>szenisches Gebilde ist sein Stück ein Aufbau von schauerlichen</Unicode>
                </TextEquiv>
            </TextLine>
            <TextLine id="r1l37" custom="readingOrder {index:36;}">
                <Coords points="329,2065 1717,2080 1717,2036 1644,2030 329,2021"/>
                <Baseline points="338,2066 406,2065 475,2065 543,2065 612,2065 680,2065 749,2065 817,2065 886,2066 954,2067 1023,2067 1092,2068 1160,2069 1229,2069 1297,2070 1366,2071 1434,2071 1503,2072 1571,2073 1640,2073 1709,2073"/>
                <TextEquiv>
                    <Unicode>Elementen. Die Liebe des hypochondrischen Grafen ist Ab¬</Unicode>
                </TextEquiv>
            </TextLine>
            <TextLine id="r1l38" custom="readingOrder {index:37;}">
                <Coords points="331,2125 1668,2139 1726,2123 1727,2071 331,2093"/>
                <Baseline points="340,2114 408,2113 477,2113 546,2112 615,2112 684,2112 753,2112 822,2112 891,2113 960,2113 1029,2114 1097,2115 1166,2115 1235,2116 1304,2117 1373,2118 1442,2119 1511,2120 1580,2121 1649,2122 1718,2122"/>
                <TextEquiv>
                    <Unicode>götterei, Fetischanbetung, die Erwiderung von Seite Elgas eine so</Unicode>
                </TextEquiv>
            </TextLine>
            <TextLine id="r1l39" custom="readingOrder {index:38;}">
                <Coords points="332,2165 1529,2183 1707,2175 1724,2122 332,2126"/>
                <Baseline points="340,2162 408,2162 477,2161 546,2161 615,2161 683,2161 752,2161 821,2161 890,2161 958,2162 1027,2162 1096,2163 1165,2164 1233,2164 1302,2165 1371,2166 1440,2166 1508,2167 1577,2168 1646,2168 1715,2169"/>
                <TextEquiv>
                    <Unicode>perfide, daß sic fast schon pervers zu nennen ist. Sie hat die moral</Unicode>
                </TextEquiv>
            </TextLine>
            <TextLine id="r1l40" custom="readingOrder {index:39;}">
                <Coords points="324,2206 1725,2223 1707,2172 324,2165"/>
                <Baseline points="332,2209 401,2208 470,2207 539,2207 608,2207 677,2207 746,2207 816,2207 885,2208 954,2209 1023,2209 1092,2210 1161,2211 1230,2212 1300,2213 1369,2213 1438,2214 1507,2215 1576,2215 1645,2215 1715,2216"/>
                <TextEquiv>
                    <Unicode>insanity der verführerischen Heren, der netten kleinen Blut¬</Unicode>
                </TextEquiv>
            </TextLine>
            <TextLine id="r1l41" custom="readingOrder {index:40;}">
                <Coords points="321,2263 1712,2277 1730,2233 322,2213"/>
                <Baseline points="330,2257 399,2256 469,2254 538,2254 608,2253 677,2253 747,2253 816,2253 886,2254 955,2255 1025,2256 1094,2257 1164,2257 1233,2258 1303,2260 1372,2260 1442,2262 1511,2262 1581,2263 1650,2264 1720,2264"/>
                <TextEquiv>
                    <Unicode>sangerinnen aus der Vampyrsphäre. Ihr fehlt der Sinn für ein</Unicode>
                </TextEquiv>
            </TextLine>
            <TextLine id="r1l42" custom="readingOrder {index:41;}">
                <Coords points="321,2310 1697,2324 1717,2275 321,2264"/>
                <Baseline points="330,2299 398,2298 467,2297 536,2297 605,2297 674,2297 743,2297 812,2298 881,2298 950,2299 1019,2300 1087,2301 1156,2303 1225,2304 1294,2305 1363,2307 1432,2308 1501,2310 1570,2311 1639,2313 1708,2314"/>
                <TextEquiv>
                    <Unicode>bestandiges Glück, sie ist zu sinnenwach dazu und zu hetzbedürftig,</Unicode>
                </TextEquiv>
            </TextLine>
            <TextLine id="r1l43" custom="readingOrder {index:42;}">
                <Coords points="321,2363 1690,2369 1728,2315 322,2305"/>
                <Baseline points="330,2346 399,2346 468,2345 538,2345 607,2345 677,2345 746,2346 815,2346 885,2347 954,2347 1024,2348 1093,2349 1162,2350 1232,2351 1301,2352 1371,2353 1440,2354 1509,2355 1579,2355 1648,2356 1718,2357"/>
                <TextEquiv>
                    <Unicode>zu samtpfötig und krallenscharf, bei all ihren Mätzchen und</Unicode>
                </TextEquiv>
            </TextLine>
            <TextLine id="r1l44" custom="readingOrder {index:43;}">
                <Coords points="337,2403 1729,2406 1713,2365 1594,2357 337,2364"/>
                <Baseline points="345,2397 413,2395 482,2394 551,2393 620,2392 688,2392 757,2392 826,2393 895,2393 963,2394 1032,2395 1101,2396 1170,2397 1238,2398 1307,2399 1376,2400 1445,2400 1513,2401 1582,2401 1651,2401 1720,2401"/>
                <TextEquiv>
                    <Unicode>Schmätzchen zu sehr Tigerkätzchen. Eigentlich hat sie es schon so von</Unicode>
                </TextEquiv>
            </TextLine>
            <TextLine id="r1l45" custom="readingOrder {index:44;}">
                <Coords points="322,2459 1714,2472 1727,2403 322,2398"/>
                <Baseline points="331,2444 400,2442 469,2441 538,2440 608,2439 677,2439 746,2439 816,2439 885,2440 954,2440 1024,2441 1093,2442 1162,2443 1231,2444 1301,2445 1370,2446 1439,2446 1509,2447 1578,2448 1647,2448 1717,2448"/>
                <TextEquiv>
                    <Unicode>ihrer Mutter — nicht bei Grillparzer, aber bei Hauptmann. Es ist</Unicode>
                </TextEquiv>
            </TextLine>
            <TextLine id="r1l46" custom="readingOrder {index:45;}">
                <Coords points="330,2493 1722,2499 1649,2453 330,2456"/>
                <Baseline points="339,2488 407,2487 476,2487 545,2486 614,2486 682,2487 751,2487 820,2487 889,2488 957,2489 1026,2489 1095,2490 1164,2491 1232,2492 1301,2493 1370,2493 1439,2494 1507,2495 1576,2495 1645,2496 1714,2496"/>
                <TextEquiv>
                    <Unicode>Vererbungstheorie in ihr; am Türpfosten der wunderschönen Mutter</Unicode>
                </TextEquiv>
            </TextLine>
            <TextLine id="r1l47" custom="readingOrder {index:46;}">
                <Coords points="331,2537 1698,2563 1722,2505 331,2498"/>
                <Baseline points="340,2535 408,2535 477,2534 545,2534 614,2533 683,2533 751,2533 820,2534 888,2534 957,2534 1026,2535 1094,2536 1163,2536 1231,2537 1300,2538 1369,2539 1437,2540 1506,2541 1574,2542 1643,2544 1712,2545"/>
                <TextEquiv>
                    <Unicode>hat sich seinerzeit sogar ein liebestoller Knecht erhängt. Und ein hysterischer</Unicode>
                </TextEquiv>
            </TextLine>
            <TextLine id="r1l48" custom="readingOrder {index:47;}">
                <Coords points="323,2603 1667,2610 1719,2605 1719,2554 323,2557"/>
                <Baseline points="332,2584 400,2582 469,2581 538,2580 607,2580 676,2580 745,2580 814,2580 883,2580 952,2581 1021,2582 1089,2583 1158,2584 1227,2585 1296,2586 1365,2587 1434,2589 1503,2590 1572,2591 1641,2592 1710,2593"/>
                <TextEquiv>
                    <Unicode>Zug muß auch in ihren Nerven sein, denn sie schreit im Schlaf mit einer</Unicode>
                </TextEquiv>
            </TextLine>
            <TextLine id="r1l49" custom="readingOrder {index:48;}">
                <Coords points="325,2633 1587,2657 1721,2649 1722,2598 326,2597"/>
                <Baseline points="335,2630 403,2629 472,2629 541,2628 610,2628 679,2628 748,2628 816,2628 885,2628 954,2629 1023,2629 1092,2630 1161,2631 1230,2632 1298,2633 1367,2635 1436,2636 1505,2637 1574,2639 1643,2641 1712,2642"/>
                <TextEquiv>
                    <Unicode>Stimme, die gar nicht die ihrige ist, und hat Träume, die sich wach</Unicode>
                </TextEquiv>
            </TextLine>
            <TextLine id="r1l50" custom="readingOrder {index:49;}">
                <Coords points="325,2681 1724,2707 1725,2649 326,2646"/>
                <Baseline points="334,2672 403,2672 472,2673 541,2673 610,2674 679,2675 748,2675 817,2676 886,2677 955,2678 1025,2678 1094,2679 1163,2680 1232,2681 1301,2682 1370,2683 1439,2684 1508,2684 1577,2685 1646,2686 1716,2687"/>
                <TextEquiv>
                    <Unicode>wieder melden und schließlich gar eintreffen. Und der Mond, wenn</Unicode>
                </TextEquiv>
            </TextLine>
            <TextLine id="r1l51" custom="readingOrder {index:50;}">
                <Coords points="321,2738 1721,2742 1684,2691 322,2684"/>
                <Baseline points="331,2722 400,2722 469,2722 538,2722 607,2722 676,2722 745,2722 814,2723 883,2723 952,2724 1021,2725 1090,2725 1159,2726 1228,2727 1297,2728 1366,2729 1435,2730 1504,2731 1573,2732 1642,2733 1711,2734"/>
                <TextEquiv>
                    <Unicode>er „furchtbar hell“ ist, scheint ihr weh zu tun. Sie kennt die fliegende</Unicode>
                </TextEquiv>
            </TextLine>
            <TextLine id="r1l52" custom="readingOrder {index:51;}">
                <Coords points="320,2788 1691,2797 1724,2740 321,2735"/>
                <Baseline points="330,2772 399,2771 468,2769 537,2769 607,2768 676,2768 745,2768 814,2769 884,2769 953,2770 1022,2771 1091,2772 1161,2773 1230,2774 1299,2776 1368,2777 1438,2779 1507,2780 1576,2781 1645,2782 1715,2783"/>
                <TextEquiv>
                    <Unicode>Angst und das ahnungsvolle Grauen ... und dabei lacht sie „fast</Unicode>
                </TextEquiv>
            </TextLine>
            <TextLine id="r1l53" custom="readingOrder {index:52;}">
                <Coords points="333,2823 1717,2836 1717,2788 334,2783"/>
                <Baseline points="342,2817 410,2816 478,2816 546,2815 615,2815 683,2815 751,2815 820,2816 888,2816 956,2817 1025,2818 1093,2819 1161,2820 1229,2821 1298,2822 1366,2823 1434,2825 1503,2825 1571,2827 1639,2828 1708,2828"/>
                <TextEquiv>
                    <Unicode>zu viel“. Sie hat das gewisse Lachen, das die von Hause aus Ver¬</Unicode>
                </TextEquiv>
            </TextLine>
            <TextLine id="r1l54" custom="readingOrder {index:53;}">
                <Coords points="321,2866 1710,2892 1710,2844 1656,2831 322,2838"/>
                <Baseline points="330,2866 398,2865 467,2865 535,2864 604,2864 673,2864 741,2864 810,2864 878,2864 947,2865 1016,2865 1084,2866 1153,2867 1221,2867 1290,2868 1359,2870 1427,2871 1496,2872 1564,2874 1633,2875 1702,2877"/>
                <TextEquiv>
                    <Unicode>dammten haben. Sie kann hell lachen, wenn sie allen Grund hätte,</Unicode>
                </TextEquiv>
            </TextLine>
            <TextLine id="r1l55" custom="readingOrder {index:54;}">
                <Coords points="322,2916 1727,2933 1713,2881 323,2889"/>
                <Baseline points="331,2912 400,2912 469,2911 539,2911 608,2910 677,2910 747,2910 816,2911 885,2911 955,2911 1024,2912 1093,2913 1163,2913 1232,2914 1301,2915 1371,2916 1440,2918 1509,2919 1579,2920 1648,2922 1718,2923"/>
                <TextEquiv>
                    <Unicode>krampfhaft zu weinen. Als sie noch das Bettelkind war und ihren</Unicode>
                </TextEquiv>
            </TextLine>
            <TextLine id="r1l56" custom="readingOrder {index:55;}">
                <Coords points="331,2961 1642,2986 1723,2981 1724,2934 332,2929"/>
                <Baseline points="341,2958 409,2958 478,2958 547,2958 615,2958 684,2958 753,2958 821,2959 890,2960 959,2960 1028,2961 1096,2962 1165,2963 1234,2964 1302,2965 1371,2966 1440,2967 1508,2969 1577,2970 1646,2971 1715,2973"/>
                <TextEquiv>
                    <Unicode>alten Vater in Lumpen verrecken sah, da sah sie sich den Tod genau</Unicode>
                </TextEquiv>
            </TextLine>
            <TextLine id="r1l57" custom="readingOrder {index:56;}">
                <Coords points="320,3012 1719,3028 1719,2983 1573,2967 320,2958"/>
                <Baseline points="329,3007 398,3006 467,3005 536,3004 605,3003 674,3003 743,3003 812,3003 881,3004 950,3004 1019,3005 1088,3006 1157,3007 1226,3008 1295,3009 1364,3010 1433,3011 1502,3012 1571,3013 1640,3014 1710,3015"/>
                <TextEquiv>
                    <Unicode>an, und der lehrte sie „auf ganz besondere Weise lachen über vielerlei</Unicode>
                </TextEquiv>
            </TextLine>
            <TextLine id="r1l58" custom="readingOrder {index:57;}">
                <Coords points="326,3049 1733,3065 1699,3022 327,3012"/>
                <Baseline points="336,3053 405,3053 474,3053 544,3053 613,3052 682,3052 752,3052 821,3052 890,3052 960,3052 1029,3053 1098,3053 1168,3054 1237,3055 1306,3056 1376,3057 1445,3058 1514,3060 1584,3062 1653,3065 1723,3067"/>
                <TextEquiv>
                    <Unicode>ernste Dinge des Lebens“. Ob sie den Grafen Starschenski je geliebt</Unicode>
                </TextEquiv>
            </TextLine>
            <TextLine id="r1l59" custom="readingOrder {index:58;}">
                <Coords points="333,3106 1727,3124 1727,3069 334,3052"/>
                <Baseline points="341,3102 409,3100 478,3099 547,3099 616,3098 685,3098 754,3099 822,3099 891,3100 960,3101 1029,3102 1098,3103 1167,3104 1236,3105 1304,3107 1373,3108 1442,3109 1511,3109 1580,3110 1649,3110 1718,3110"/>
                <TextEquiv>
                    <Unicode>hat, ob sie den Vetter Oginski wirklich so liebt, sie weiß weder das</Unicode>
                </TextEquiv>
            </TextLine>
            <TextLine id="r1l60" custom="readingOrder {index:59;}">
                <Coords points="333,3147 1686,3173 1722,3122 333,3107"/>
                <Baseline points="341,3148 409,3147 478,3146 546,3145 615,3145 684,3145 752,3145 821,3146 889,3146 958,3147 1027,3148 1095,3149 1164,3150 1232,3151 1301,3153 1370,3154 1438,3155 1507,3157 1575,3158 1644,3159 1713,3160"/>
                <TextEquiv>
                    <Unicode>eine noch das andere genau. Jedenfalls weigert sie sich, mit dem</Unicode>
                </TextEquiv>
            </TextLine>
            <TextLine id="r1l61" custom="readingOrder {index:60;}">
                <Coords points="331,3205 1728,3223 1729,3167 331,3155"/>
                <Baseline points="339,3195 408,3194 477,3194 546,3194 615,3194 684,3194 753,3194 822,3195 891,3196 960,3196 1029,3197 1098,3198 1167,3199 1236,3200 1305,3201 1374,3202 1443,3202 1512,3203 1581,3204 1650,3205 1720,3205"/>
                <TextEquiv>
                    <Unicode>Vetter zu fliehen; Armut, das ist nichts für sie. Sie braucht den</Unicode>
                </TextEquiv>
            </TextLine>
            <TextLine id="r1l62" custom="readingOrder {index:61;}">
                <Coords points="319,3249 1724,3257 1724,3209 320,3212"/>
                <Baseline points="328,3242 397,3242 466,3242 536,3242 605,3242 674,3242 744,3243 813,3243 882,3244 952,3244 1021,3245 1090,3246 1160,3247 1229,3247 1298,3248 1368,3249 1437,3250 1506,3251 1576,3252 1645,3254 1715,3255"/>
                <TextEquiv>
                    <Unicode>warmen Schoß der Ueppigkeit und eine Menge schöne Sachen zu</Unicode>
                </TextEquiv>
            </TextLine>
            <TextLine id="r1l63" custom="readingOrder {index:62;}">
                <Coords points="330,3311 1731,3317 1660,3257 330,3247"/>
                <Baseline points="338,3291 407,3291 476,3291 545,3290 614,3291 684,3291 753,3291 822,3291 891,3291 960,3292 1030,3292 1099,3293 1168,3293 1237,3294 1306,3294 1376,3295 1445,3296 1514,3296 1583,3297 1652,3298 1722,3298"/>
                <TextEquiv>
                    <Unicode>Putz und Genäschigkeit, und auch einen Gatten, um ihm allerlei</Unicode>
                </TextEquiv>
            </TextLine>
            <TextLine id="r1l64" custom="readingOrder {index:63;}">
                <Coords points="328,3346 1259,3356 1374,3347 1374,3301 328,3312"/>
                <Baseline points="337,3340 388,3339 439,3339 491,3339 542,3338 593,3338 645,3337 696,3337 747,3337 799,3336 850,3336 901,3336 953,3336 1004,3336 1055,3336 1107,3337 1158,3337 1209,3338 1261,3339 1312,3340 1364,3342"/>
                <TextEquiv>
                    <Unicode>niedliche Schändlichkeiten antun zu können.</Unicode>
                </TextEquiv>
            </TextLine>
            <TextLine id="r1l65" custom="readingOrder {index:64;}">
                <Coords points="1482,3344 1531,3349 1545,3359 1582,3346 1596,3359 1712,3359 1735,3349 1737,3302 1701,3311 1681,3305 1615,3322 1605,3311 1564,3301 1539,3313 1520,3303 1508,3312 1483,3307"/>
                <Baseline points="1490,3342 1516,3342 1542,3343 1568,3344 1594,3345 1621,3347 1647,3347 1673,3348 1699,3349 1726,3348"/>
                <TextEquiv>
                    <Unicode>und auch</Unicode>
                </TextEquiv>
            </TextLine>
            <TextLine id="r1l66" custom="readingOrder {index:65;}">
                <Coords points="323,3389 1734,3398 1734,3356 1478,3343 323,3365"/>
                <Baseline points="331,3387 400,3385 470,3383 540,3382 610,3381 679,3381 749,3381 819,3381 889,3382 958,3383 1028,3384 1098,3385 1168,3386 1237,3387 1307,3388 1377,3390 1447,3391 1516,3392 1586,3392 1656,3393 1726,3393"/>
                <TextEquiv>
                    <Unicode>einen Liebhaber, der unerlaubt ist und Gefahr bringt. Mit Verlaub</Unicode>
                </TextEquiv>
            </TextLine>
            <TextLine id="r1l67" custom="readingOrder {index:66;}">
                <Coords points="330,3433 1745,3445 1709,3401 1429,3390 331,3394"/>
                <Baseline points="339,3435 408,3434 478,3433 548,3432 618,3432 688,3432 758,3432 827,3432 897,3432 967,3433 1037,3433 1107,3434 1177,3435 1247,3436 1316,3437 1386,3438 1456,3439 1526,3440 1596,3441 1666,3442 1736,3443"/>
                <TextEquiv>
                    <Unicode>und ohne Gefahr, was wäre das für ein Leben? „Sie schüttelt mit</Unicode>
                </TextEquiv>
            </TextLine>
            <TextLine id="r1l68" custom="readingOrder {index:67;}">
                <Coords points="321,3493 1725,3498 1636,3442 321,3437"/>
                <Baseline points="329,3479 398,3478 467,3478 537,3477 606,3477 676,3477 745,3477 814,3477 884,3477 953,3478 1023,3478 1092,3479 1161,3480 1231,3481 1300,3481 1370,3483 1439,3484 1508,3485 1578,3487 1647,3489 1717,3491"/>
                <TextEquiv>
                    <Unicode>fatalem Lacheln den Kopf“, wenn man ihr so einen vernünftigen</Unicode>
                </TextEquiv>
            </TextLine>
            <TextLine id="r1l69" custom="readingOrder {index:68;}">
                <Coords points="318,3530 1740,3546 1676,3499 1468,3487 319,3493"/>
                <Baseline points="327,3528 397,3527 467,3525 537,3524 608,3524 678,3524 748,3524 818,3524 889,3524 959,3525 1029,3526 1099,3526 1170,3527 1240,3528 1310,3530 1380,3531 1451,3532 1521,3534 1591,3535 1661,3536 1732,3537"/>
                <TextEquiv>
                    <Unicode>Vorschlag macht, wie Durchgehen. Nein, sie muß Wagnisse wagen</Unicode>
                </TextEquiv>
            </TextLine>
            <TextLine id="r1l70" custom="readingOrder {index:69;}">
                <Coords points="327,3576 1747,3619 1748,3526 328,3532"/>
                <Baseline points="337,3572 407,3572 477,3571 547,3571 617,3571 687,3571 757,3571 827,3572 897,3572 967,3573 1038,3574 1108,3575 1178,3576 1248,3577 1318,3578 1388,3579 1458,3580 1528,3581 1598,3581 1668,3582 1739,3582"/>
                <TextEquiv>
                    <Unicode>können, hinterrücks, und Schleichwege schleichen und sich ins zier¬</Unicode>
                </TextEquiv>
            </TextLine>
            <TextLine id="r1l71" custom="readingOrder {index:70;}">
                <Coords points="318,3622 1740,3648 1740,3604 1594,3586 318,3583"/>
                <Baseline points="327,3621 397,3620 467,3619 537,3619 607,3619 678,3618 748,3618 818,3619 888,3619 958,3620 1029,3620 1099,3621 1169,3622 1239,3623 1309,3624 1380,3625 1450,3627 1520,3628 1590,3629 1660,3631 1731,3632"/>
                <TextEquiv>
                    <Unicode>lichste aller Fänstchen lachen, wenn der Mann so ganz „in Torheit</Unicode>
                </TextEquiv>
            </TextLine>
            <TextLine id="r1l72" custom="readingOrder {index:71;}">
                <Coords points="322,3666 1735,3703 1748,3659 322,3647"/>
                <Baseline points="331,3667 401,3666 471,3665 542,3665 612,3665 682,3665 753,3665 823,3665 893,3665 964,3666 1034,3667 1104,3668 1175,3669 1245,3670 1315,3671 1386,3672 1456,3674 1526,3675 1597,3677 1667,3678 1738,3680"/>
                <TextEquiv>
                    <Unicode>ertrunken“, sie erwürgen möchte und umarmen muß. Selbst eine leise</Unicode>
                </TextEquiv>
            </TextLine>
            <TextLine id="r1l73" custom="readingOrder {index:72;}">
                <Coords points="333,3720 1736,3732 1623,3678 333,3681"/>
                <Baseline points="342,3717 411,3716 480,3715 549,3714 618,3714 688,3713 757,3713 826,3713 895,3713 964,3713 1034,3714 1103,3714 1172,3715 1241,3716 1310,3717 1380,3719 1449,3720 1518,3722 1587,3725 1656,3727 1726,3729"/>
                <TextEquiv>
                    <Unicode>Zerknirschung gehört mit zu diesem leckeren Gemengsel von Gefühlen,</Unicode>
                </TextEquiv>
            </TextLine>
            <TextLine id="r1l74" custom="readingOrder {index:73;}">
                <Coords points="331,3774 1652,3788 1734,3739 331,3717"/>
                <Baseline points="339,3764 408,3764 477,3764 546,3764 616,3764 685,3763 754,3763 823,3763 893,3763 962,3763 1031,3763 1100,3764 1170,3764 1239,3765 1308,3765 1377,3766 1447,3768 1516,3769 1585,3770 1654,3772 1724,3774"/>
                <TextEquiv>
                    <Unicode>die sie sich zu Gemüte führt. „Ich werde noch schlechter werden,</Unicode>
                </TextEquiv>
            </TextLine>
            <TextLine id="r1l75" custom="readingOrder {index:74;}">
                <Coords points="323,3814 1694,3836 1742,3780 323,3785"/>
                <Baseline points="332,3809 402,3808 472,3808 542,3807 612,3807 682,3807 752,3807 822,3807 892,3808 962,3809 1032,3810 1102,3811 1172,3812 1242,3813 1312,3815 1382,3816 1452,3818 1522,3819 1592,3821 1662,3822 1732,3823"/>
                <TextEquiv>
                    <Unicode>wenn du kommst,“ befürchtet sie . . . und freut sich darauf. Sie ist</Unicode>
                </TextEquiv>
            </TextLine>
            <TextLine id="r1l76" custom="readingOrder {index:75;}">
                <Coords points="324,3860 1734,3868 1734,3831 1652,3821 324,3822"/>
                <Baseline points="332,3858 401,3857 471,3855 540,3855 610,3854 680,3855 749,3855 819,3856 888,3857 958,3858 1028,3859 1097,3861 1167,3862 1236,3863 1306,3865 1376,3866 1445,3867 1515,3868 1584,3868 1654,3868 1724,3868"/>
                <TextEquiv>
                    <Unicode>schließlich aus der Rasse, aus der zu Heines Zeit „des Henkers</Unicode>
                </TextEquiv>
            </TextLine>
            <TextLine id="r1l77" custom="readingOrder {index:76;}">
                <Coords points="323,3913 1737,3933 1737,3878 1686,3869 324,3869"/>
                <Baseline points="332,3905 401,3903 471,3902 541,3901 611,3901 681,3901 750,3901 820,3901 890,3902 960,3903 1030,3903 1099,3904 1169,3906 1239,3907 1309,3908 1379,3910 1448,3911 1518,3912 1588,3913 1658,3915 1728,3916"/>
                <TextEquiv>
                    <Unicode>Töchterlein“ und dergleichen grausame Weiberchen hervorgingen. Der</Unicode>
                </TextEquiv>
            </TextLine>
            <TextLine id="r1l78" custom="readingOrder {index:77;}">
                <Coords points="324,3962 972,3938 1718,3978 1745,3928 324,3911"/>
                <Baseline points="333,3952 403,3950 473,3949 543,3949 613,3948 683,3948 753,3949 823,3949 893,3950 963,3951 1034,3952 1104,3953 1174,3954 1244,3955 1314,3957 1384,3958 1454,3959 1524,3961 1594,3962 1664,3963 1735,3964"/>
                <TextEquiv>
                    <Unicode>moderne Dichter behandelt sie aber nach den Regeln der neuesten</Unicode>
                </TextEquiv>
            </TextLine>
            <TextLine id="r1l79" custom="readingOrder {index:78;}">
                <Coords points="322,4014 1741,4022 1741,3985 1620,3964 1105,3937 323,3967"/>
                <Baseline points="331,4003 401,4000 471,3999 541,3997 611,3996 681,3995 751,3995 821,3995 891,3995 961,3996 1032,3997 1102,3998 1172,3999 1242,4001 1312,4002 1382,4004 1452,4005 1522,4007 1592,4008 1662,4010 1733,4011"/>
                <TextEquiv>
                    <Unicode>Psychonathologie und strekt nach Illusion, die sich auf einer Frauen¬</Unicode>
                </TextEquiv>
            </TextLine>
            <TextLine id="r1l80" custom="readingOrder {index:79;}">
                <Coords points="329,4069 653,4044 690,4060 802,4045 867,4057 913,4050 913,4004 329,4006"/>
                <Baseline points="337,4044 365,4044 393,4044 422,4044 450,4044 479,4044 507,4044 535,4044 564,4044 592,4044 621,4044 649,4044 677,4043 706,4043 734,4043 763,4043 791,4042 819,4042 848,4041 876,4041 905,4041"/>
                <TextEquiv>
                    <Unicode>abteilung sehen lassen kann.</Unicode>
                </TextEquiv>
            </TextLine>
            <TextLine id="r1l81" custom="readingOrder {index:80;}">
                <Coords points="447,4094 1734,4115 1703,4049 448,4055"/>
                <Baseline points="457,4089 520,4089 583,4089 647,4090 710,4090 774,4091 837,4091 900,4092 964,4092 1027,4093 1091,4093 1154,4094 1217,4095 1281,4096 1344,4097 1408,4098 1471,4099 1534,4100 1598,4102 1661,4103 1725,4104"/>
                <TextEquiv>
                    <Unicode>Die Klinik freilich ist mit aller romantischen Szenenkunst</Unicode>
                </TextEquiv>
            </TextLine>
            <TextLine id="r1l82" custom="readingOrder {index:81;}">
                <Coords points="325,4145 1742,4161 1740,4109 325,4111"/>
                <Baseline points="333,4140 403,4138 473,4136 543,4135 613,4134 683,4134 753,4134 823,4134 893,4135 963,4136 1033,4137 1103,4138 1173,4139 1243,4141 1313,4142 1383,4144 1453,4145 1523,4146 1593,4147 1663,4147 1733,4148"/>
                <TextEquiv>
                    <Unicode>traktiert. Man denkt an das Vehmgericht im Götz. Nur ist der</Unicode>
                </TextEquiv>
            </TextLine>
            <TextEquiv>
                <Unicode>Theater und Bunst.

Theater an der Wien.
(Gastspiel des Berliner Lessing=Theaters: „Ela“ von Gerhart Haupt¬
mann. — „Der Puppenspieler“ von Artur Schnitzler.)
Direktor Brahm hat gestern an der Wien ein Gefantgastspiel
begonnen, das ohne Zweifel Erfolg haben wird. Er bringt uns
einige neuere Stücke, die wir sonst in Wien schwerlich sehen würden;
sogar Wiener Stücke, da nun einmal der Weg von Wien nach
Wien über Berlin führt. Das ist selbstverständlich eine Verkehrt¬
heit, aber wer ist stark genug, alle verkehrten Dinge in unserem
Theaterleben gerade zu biegen?
„Elga“ gehört nach Wien, schon weil Hauptmann darin eine
Novelle Grillparzers dramatisiert hat. Es ist das „Kloster bei
Sendomir“, diese schaurige Profaballade, in der noch Ahnfrau¬
stimmungen spuken. Zwei Reiter übernachten im Kloster zur Zeit
König Johann Sobieskis und ein düsterer Mönch erzählt ihnen,
welcher Mord durch die Erbauung dieses heiligen Hauses gesühnt
werden soll. Der Graf Starschenski hat die schöne Tochter eines
vervehmten Edelmannes geheiratet, das Bettelkind Elga. Sie wird
untreu, ihr Töchterchen stammt von Vetter Oginski, der ihr Kindheits¬
gespiele gewesen. Starschenski kommt dahinter und setzt Oginski im
Verließturm gefangen. Er schleppt Weib und Kind zum heimlichen
Gautengericht dahin. Oginski entspringt durch das Fenster, Elga
aber soll Gnade erlangen, wenn sie das Kind des Ehebruches töte.
In ihrer Feigheit greift sie bereits nach der mörderischen Nadel, da
macht der empörte Graf sie nieder. Nun büßt er, als geringster der
Laienbrüder, in dem von ihm gegründeten Sühnhause. Grillparzer
erzählt das mit der knappen Sachlichkeit einer Zeit, die noch
„objeitiv“ zu sein vermeinte; in kurzen, dicht gedrängten Strichen
deren jeder sitzt, wo er sitzen soll. Eine Ausmalung der Stimmung
mit stilistischen, sprächlichen, melodischen Mitteln findet nicht stalt.
Auch keine chemische Analyse der Empfindungen.
Der Dichter von heute schlägt jenes stimmungsmalerische und
dieses gefühlschemische Verfahren kin. Als theatralisches wie als
szenisches Gebilde ist sein Stück ein Aufbau von schauerlichen
Elementen. Die Liebe des hypochondrischen Grafen ist Ab¬
götterei, Fetischanbetung, die Erwiderung von Seite Elgas eine so
perfide, daß sic fast schon pervers zu nennen ist. Sie hat die moral
insanity der verführerischen Heren, der netten kleinen Blut¬
sangerinnen aus der Vampyrsphäre. Ihr fehlt der Sinn für ein
bestandiges Glück, sie ist zu sinnenwach dazu und zu hetzbedürftig,
zu samtpfötig und krallenscharf, bei all ihren Mätzchen und
Schmätzchen zu sehr Tigerkätzchen. Eigentlich hat sie es schon so von
ihrer Mutter — nicht bei Grillparzer, aber bei Hauptmann. Es ist
Vererbungstheorie in ihr; am Türpfosten der wunderschönen Mutter
hat sich seinerzeit sogar ein liebestoller Knecht erhängt. Und ein hysterischer
Zug muß auch in ihren Nerven sein, denn sie schreit im Schlaf mit einer
Stimme, die gar nicht die ihrige ist, und hat Träume, die sich wach
wieder melden und schließlich gar eintreffen. Und der Mond, wenn
er „furchtbar hell“ ist, scheint ihr weh zu tun. Sie kennt die fliegende
Angst und das ahnungsvolle Grauen ... und dabei lacht sie „fast
zu viel“. Sie hat das gewisse Lachen, das die von Hause aus Ver¬
dammten haben. Sie kann hell lachen, wenn sie allen Grund hätte,
krampfhaft zu weinen. Als sie noch das Bettelkind war und ihren
alten Vater in Lumpen verrecken sah, da sah sie sich den Tod genau
an, und der lehrte sie „auf ganz besondere Weise lachen über vielerlei
ernste Dinge des Lebens“. Ob sie den Grafen Starschenski je geliebt
hat, ob sie den Vetter Oginski wirklich so liebt, sie weiß weder das
eine noch das andere genau. Jedenfalls weigert sie sich, mit dem
Vetter zu fliehen; Armut, das ist nichts für sie. Sie braucht den
warmen Schoß der Ueppigkeit und eine Menge schöne Sachen zu
Putz und Genäschigkeit, und auch einen Gatten, um ihm allerlei
niedliche Schändlichkeiten antun zu können.
und auch
einen Liebhaber, der unerlaubt ist und Gefahr bringt. Mit Verlaub
und ohne Gefahr, was wäre das für ein Leben? „Sie schüttelt mit
fatalem Lacheln den Kopf“, wenn man ihr so einen vernünftigen
Vorschlag macht, wie Durchgehen. Nein, sie muß Wagnisse wagen
können, hinterrücks, und Schleichwege schleichen und sich ins zier¬
lichste aller Fänstchen lachen, wenn der Mann so ganz „in Torheit
ertrunken“, sie erwürgen möchte und umarmen muß. Selbst eine leise
Zerknirschung gehört mit zu diesem leckeren Gemengsel von Gefühlen,
die sie sich zu Gemüte führt. „Ich werde noch schlechter werden,
wenn du kommst,“ befürchtet sie . . . und freut sich darauf. Sie ist
schließlich aus der Rasse, aus der zu Heines Zeit „des Henkers
Töchterlein“ und dergleichen grausame Weiberchen hervorgingen. Der
moderne Dichter behandelt sie aber nach den Regeln der neuesten
Psychonathologie und strekt nach Illusion, die sich auf einer Frauen¬
abteilung sehen lassen kann.
Die Klinik freilich ist mit aller romantischen Szenenkunst
traktiert. Man denkt an das Vehmgericht im Götz. Nur ist der</Unicode>
            </TextEquiv>
        </TextRegion>
        <TextRegion orientation="0.0" id="r2" custom="readingOrder {index:1;}">
            <Coords points="1740,247 1740,3005 3152,3005 3152,247"/>
            <TextLine id="r2l1" custom="readingOrder {index:0;}">
                <Coords points="1734,293 3124,276 3124,241 3010,221 1734,231"/>
                <Baseline points="1743,268 1811,269 1880,270 1948,270 2017,271 2086,271 2154,271 2223,271 2291,272 2360,272 2429,271 2497,271 2566,271 2634,271 2703,270 2772,270 2840,270 2909,269 2977,269 3046,269 3115,268"/>
                <TextEquiv>
                    <Unicode>Vehmrichter hier der Gatte und der Schauplatz jener gewisse Turm.</Unicode>
                </TextEquiv>
            </TextLine>
            <TextLine id="r2l2" custom="readingOrder {index:1;}">
                <Coords points="1745,321 2956,333 3133,322 3133,278 1745,287"/>
                <Baseline points="1754,318 1822,318 1891,318 1959,318 2028,317 2096,317 2165,317 2233,317 2302,317 2370,317 2439,317 2507,317 2576,317 2644,317 2713,317 2781,317 2850,316 2918,316 2987,316 3055,315 3124,314"/>
                <TextEquiv>
                    <Unicode>Hohe Kerzen brennen, ein blankes Schwert ragt. Ein schwarzer Vor¬</Unicode>
                </TextEquiv>
            </TextLine>
            <TextLine id="r2l3" custom="readingOrder {index:2;}">
                <Coords points="1745,363 2743,389 3130,369 3130,324 1745,331"/>
                <Baseline points="1754,365 1822,365 1890,366 1959,366 2027,367 2095,367 2164,368 2232,368 2300,369 2369,369 2437,369 2505,369 2574,369 2642,369 2710,368 2779,368 2847,367 2915,365 2984,363 3052,362 3121,359"/>
                <TextEquiv>
                    <Unicode>hang geht auseinander und auf dem Bette liegt die Leiche des</Unicode>
                </TextEquiv>
            </TextLine>
            <TextLine id="r2l4" custom="readingOrder {index:3;}">
                <Coords points="1755,416 3080,424 3140,412 3140,369 1755,372"/>
                <Baseline points="1763,410 1831,410 1899,411 1968,412 2036,412 2105,413 2173,413 2241,413 2310,413 2378,413 2447,413 2515,413 2583,412 2652,412 2720,412 2789,412 2857,412 2925,412 2994,412 3062,412 3131,412"/>
                <TextEquiv>
                    <Unicode>Gerichteten. Elga wird mit ihr konfrontiert. Sie hat die Wahl zwischen</Unicode>
                </TextEquiv>
            </TextLine>
            <TextLine id="r2l5" custom="readingOrder {index:4;}">
                <Coords points="1749,466 3047,472 3136,463 3136,419 1749,422"/>
                <Baseline points="1758,457 1826,458 1895,458 1963,459 2032,459 2100,460 2169,460 2237,461 2306,461 2374,461 2443,461 2511,461 2580,461 2648,461 2717,461 2785,461 2854,460 2922,459 2991,458 3059,457 3128,456"/>
                <TextEquiv>
                    <Unicode>dem Toten und dem Lebenden und wirft sich in wahnwitzigem</Unicode>
                </TextEquiv>
            </TextLine>
            <TextLine id="r2l6" custom="readingOrder {index:5;}">
                <Coords points="1740,507 3109,517 3131,468 1740,479"/>
                <Baseline points="1749,502 1817,503 1886,504 1954,505 2023,505 2092,506 2160,506 2229,506 2297,506 2366,506 2435,506 2503,506 2572,506 2640,506 2709,506 2778,506 2846,506 2915,505 2983,505 3052,505 3121,505"/>
                <TextEquiv>
                    <Unicode>Schmerz über die Leiche und speit dem Gatten, den sie doch wieder</Unicode>
                </TextEquiv>
            </TextLine>
            <TextLine id="r2l7" custom="readingOrder {index:6;}">
                <Coords points="1740,550 3136,554 3120,510 3018,504 1740,506"/>
                <Baseline points="1750,549 1818,550 1887,551 1956,552 2025,553 2094,554 2163,554 2231,554 2300,554 2369,554 2438,554 2507,554 2576,553 2645,553 2713,553 2782,552 2851,552 2920,552 2989,552 3058,552 3127,552"/>
                <TextEquiv>
                    <Unicode>nehmen möchte, ihren Fluch ins Gesicht. Also der hat sie geliebt.</Unicode>
                </TextEquiv>
            </TextLine>
            <TextLine id="r2l8" custom="readingOrder {index:7;}">
                <Coords points="1749,601 3094,612 3127,557 1749,564"/>
                <Baseline points="1758,593 1826,594 1894,596 1962,597 2030,598 2098,598 2166,599 2234,600 2302,600 2370,600 2438,600 2506,600 2574,600 2642,600 2710,600 2778,600 2846,600 2914,600 2982,600 3050,600 3118,600"/>
                <TextEquiv>
                    <Unicode>Es ist experimentell festgestellt und unn weiß sie es wenigstens auch</Unicode>
                </TextEquiv>
            </TextLine>
            <TextLine id="r2l9" custom="readingOrder {index:8;}">
                <Coords points="1742,644 3143,647 3051,603 1742,604"/>
                <Baseline points="1751,640 1820,642 1889,644 1958,645 2027,646 2096,646 2165,647 2235,647 2304,647 2373,647 2442,647 2511,647 2580,646 2649,646 2719,646 2788,645 2857,645 2926,645 2995,645 3064,645 3134,646"/>
                <TextEquiv>
                    <Unicode>selbst ... Was mit ihr weiter geschieht, erfährt man nicht, denn der</Unicode>
                </TextEquiv>
            </TextLine>
            <TextLine id="r2l10" custom="readingOrder {index:9;}">
                <Coords points="1740,697 3130,693 3046,647 1740,658"/>
                <Baseline points="1749,686 1817,688 1886,689 1954,690 2023,692 2092,692 2160,693 2229,693 2298,694 2366,694 2435,694 2504,693 2572,693 2641,693 2710,692 2778,692 2847,691 2916,691 2984,691 3053,690 3122,690"/>
                <TextEquiv>
                    <Unicode>Traum ist aus. Nämlich, es war blos ein Traum, den</Unicode>
                </TextEquiv>
            </TextLine>
            <TextLine id="r2l11" custom="readingOrder {index:10;}">
                <Coords points="1744,736 3124,747 3096,694 1745,697"/>
                <Baseline points="1754,735 1822,736 1890,737 1958,737 2026,738 2094,738 2162,738 2230,739 2298,739 2366,739 2435,739 2503,739 2571,739 2639,739 2707,739 2775,739 2843,739 2911,739 2979,739 3047,739 3116,739"/>
                <TextEquiv>
                    <Unicode>der Ritter der ersten Szene im schauerlichen Turmgemach</Unicode>
                </TextEquiv>
            </TextLine>
            <TextLine id="r2l12" custom="readingOrder {index:11;}">
                <Coords points="1731,788 3138,784 3037,743 1731,736"/>
                <Baseline points="1740,782 1809,783 1878,784 1948,784 2017,785 2087,785 2156,786 2225,786 2295,786 2364,787 2434,787 2503,787 2572,787 2642,787 2711,787 2781,787 2850,787 2919,787 2989,787 3058,787 3128,787"/>
                <TextEquiv>
                    <Unicode>des Klosters hatte, das ihm zum Uebernachten angewiesen worden.</Unicode>
                </TextEquiv>
            </TextLine>
            <TextLine id="r2l13" custom="readingOrder {index:12;}">
                <Coords points="1742,831 3132,826 3088,791 1742,794"/>
                <Baseline points="1750,826 1818,828 1887,829 1955,830 2024,831 2093,832 2161,832 2230,833 2299,834 2367,834 2436,834 2505,835 2573,835 2642,835 2711,835 2779,835 2848,835 2917,835 2985,835 3054,835 3123,834"/>
                <TextEquiv>
                    <Unicode>Was bei Grillvarzer der gräfliche Mönch dem Ritter erzählt, träumt</Unicode>
                </TextEquiv>
            </TextLine>
            <TextLine id="r2l14" custom="readingOrder {index:13;}">
                <Coords points="1733,881 3134,882 3097,839 1733,830"/>
                <Baseline points="1742,874 1811,876 1880,876 1949,877 2018,878 2087,878 2156,879 2226,880 2295,880 2364,880 2433,880 2502,880 2571,880 2640,880 2710,880 2779,880 2848,880 2917,880 2986,880 3055,879 3125,879"/>
                <TextEquiv>
                    <Unicode>dieser in der Hauptmannschen Einkleidung. Schaudernd erwacht er</Unicode>
                </TextEquiv>
            </TextLine>
            <TextLine id="r2l15" custom="readingOrder {index:14;}">
                <Coords points="1743,920 2956,946 3128,927 3129,894 1743,883"/>
                <Baseline points="1753,923 1821,924 1889,924 1957,924 2026,925 2094,925 2162,925 2231,926 2299,926 2367,926 2436,926 2504,927 2572,927 2640,927 2709,927 2777,927 2845,927 2914,927 2982,927 3050,927 3119,927"/>
                <TextEquiv>
                    <Unicode>im Morgengrauen und sucht ohne Abschied das Weite. Für szenische</Unicode>
                </TextEquiv>
            </TextLine>
            <TextLine id="r2l16" custom="readingOrder {index:15;}">
                <Coords points="1739,976 3073,988 3138,935 1739,936"/>
                <Baseline points="1748,969 1817,970 1886,970 1955,971 2024,971 2093,971 2162,971 2231,972 2300,972 2369,972 2439,972 2508,972 2577,973 2646,973 2715,973 2784,973 2853,974 2922,974 2991,974 3060,975 3130,975"/>
                <TextEquiv>
                    <Unicode>Wirkung ist durch diese Veranstaltungen und Wandlungen einiger</Unicode>
                </TextEquiv>
            </TextLine>
            <TextLine id="r2l17" custom="readingOrder {index:16;}">
                <Coords points="1747,1020 3141,1023 3034,977 1747,971"/>
                <Baseline points="1755,1016 1823,1017 1892,1018 1961,1018 2030,1018 2099,1019 2168,1019 2236,1018 2305,1018 2374,1018 2443,1018 2512,1018 2581,1018 2650,1018 2718,1018 2787,1018 2856,1019 2925,1020 2994,1021 3063,1022 3132,1023"/>
                <TextEquiv>
                    <Unicode>Raum geschaffen. Sie ist übrigens von der Regie wenig herausgearbeitet,</Unicode>
                </TextEquiv>
            </TextLine>
            <TextLine id="r2l18" custom="readingOrder {index:17;}">
                <Coords points="1739,1080 3082,1077 3136,1071 3137,1026 1739,1029"/>
                <Baseline points="1747,1064 1816,1064 1885,1064 1954,1065 2023,1065 2092,1065 2161,1065 2230,1065 2299,1065 2368,1065 2437,1065 2506,1065 2575,1065 2644,1065 2713,1065 2782,1065 2851,1065 2920,1066 2989,1066 3058,1067 3128,1068"/>
                <TextEquiv>
                    <Unicode>der Schauerapparat spielt mit Maß. Der Fall Elga an sich kann nicht</Unicode>
                </TextEquiv>
            </TextLine>
            <TextLine id="r2l19" custom="readingOrder {index:18;}">
                <Coords points="1746,1117 3140,1109 3061,1068 1747,1077"/>
                <Baseline points="1756,1111 1824,1111 1893,1112 1962,1112 2031,1112 2100,1112 2168,1112 2237,1112 2306,1112 2375,1112 2444,1112 2512,1112 2581,1113 2650,1113 2719,1113 2788,1113 2856,1114 2925,1114 2994,1115 3063,1115 3132,1116"/>
                <TextEquiv>
                    <Unicode>sonderlich aufregen, weil die Gestalten doch, wie schon in der Novelle,</Unicode>
                </TextEquiv>
            </TextLine>
            <TextLine id="r2l20" custom="readingOrder {index:19;}">
                <Coords points="1737,1169 3135,1156 3084,1117 1737,1120"/>
                <Baseline points="1747,1161 1819,1161 1892,1161 1964,1161 2037,1161 2109,1160 2182,1160 2255,1160 2327,1159 2400,1159 2472,1159 2545,1159 2617,1158 2690,1158 2763,1158 2835,1158 2908,1159 2980,1159 3053,1160 3126,1161"/>
                <TextEquiv>
                    <Unicode>für den jetzigen Geschmack zuviel Unpersönliches an sich haben. Sie</Unicode>
                </TextEquiv>
            </TextLine>
            <TextLine id="r2l21" custom="readingOrder {index:20;}">
                <Coords points="1737,1210 2886,1221 3073,1213 3129,1169 1737,1184"/>
                <Baseline points="1746,1210 1814,1208 1883,1208 1952,1207 2020,1206 2089,1206 2158,1206 2226,1206 2295,1206 2364,1206 2433,1206 2501,1207 2570,1207 2639,1207 2707,1206 2776,1206 2845,1205 2913,1204 2982,1202 3051,1200 3120,1198"/>
                <TextEquiv>
                    <Unicode>zeigen ein allgemeines Wesen, von mehr tyoischen Zügen; „der“</Unicode>
                </TextEquiv>
            </TextLine>
            <TextLine id="r2l22" custom="readingOrder {index:21;}">
                <Coords points="1741,1252 3067,1267 3137,1212 1741,1222"/>
                <Baseline points="1750,1250 1818,1252 1887,1253 1956,1254 2025,1254 2094,1255 2163,1255 2232,1255 2301,1255 2370,1254 2439,1254 2507,1254 2576,1253 2645,1253 2714,1252 2783,1252 2852,1252 2921,1251 2990,1251 3059,1251 3128,1252"/>
                <TextEquiv>
                    <Unicode>Gatte, „der“ Geliebte und so fort, woraus schließlich „die" Situation</Unicode>
                </TextEquiv>
            </TextLine>
            <TextLine id="r2l23" custom="readingOrder {index:22;}">
                <Coords points="1750,1312 3100,1320 3133,1252 1750,1258"/>
                <Baseline points="1758,1297 1826,1298 1894,1299 1962,1299 2031,1299 2099,1299 2167,1299 2236,1299 2304,1299 2372,1298 2441,1298 2509,1298 2577,1298 2645,1298 2714,1297 2782,1297 2850,1298 2919,1298 2987,1298 3055,1299 3124,1300"/>
                <TextEquiv>
                    <Unicode>sich zusammenstellt. Das fordert natürlich zu stilistischer Darstellung</Unicode>
                </TextEquiv>
            </TextLine>
            <TextLine id="r2l24" custom="readingOrder {index:23;}">
                <Coords points="1737,1349 3138,1351 3039,1303 1737,1315"/>
                <Baseline points="1745,1346 1814,1345 1883,1345 1952,1345 2021,1345 2091,1345 2160,1345 2229,1345 2298,1345 2367,1346 2437,1346 2506,1346 2575,1346 2644,1347 2713,1347 2783,1347 2852,1347 2921,1347 2990,1346 3059,1346 3129,1345"/>
                <TextEquiv>
                    <Unicode>auf, wie ja auch bei Maeterlinck; es wäre der Balladenstil festzu¬</Unicode>
                </TextEquiv>
            </TextLine>
            <TextLine id="r2l25" custom="readingOrder {index:24;}">
                <Coords points="1735,1405 3133,1423 3105,1345 1736,1349"/>
                <Baseline points="1745,1393 1817,1393 1890,1393 1962,1393 2035,1393 2107,1393 2180,1392 2253,1392 2325,1392 2398,1391 2470,1391 2543,1391 2615,1391 2688,1392 2761,1392 2833,1393 2906,1394 2978,1396 3051,1398 3124,1401"/>
                <TextEquiv>
                    <Unicode>halten, worauf sogar manches Sprachliche hinweist, förmliche</Unicode>
                </TextEquiv>
            </TextLine>
            <TextLine id="r2l26" custom="readingOrder {index:25;}">
                <Coords points="1736,1440 1817,1458 2315,1443 2315,1408 2249,1391 2169,1408 2092,1393 1736,1405"/>
                <Baseline points="1744,1437 1772,1437 1800,1436 1828,1436 1856,1436 1884,1436 1912,1436 1940,1436 1968,1436 1996,1437 2025,1437 2053,1437 2081,1438 2109,1438 2137,1438 2165,1439 2193,1439 2221,1440 2249,1440 2277,1440 2306,1440"/>
                <TextEquiv>
                    <Unicode>Refrainstellen zum Beispiel.</Unicode>
                </TextEquiv>
            </TextLine>
            <TextLine id="r2l27" custom="readingOrder {index:26;}">
                <Coords points="1847,1481 3139,1503 3109,1427 1847,1451"/>
                <Baseline points="1856,1483 1919,1484 1983,1485 2047,1486 2110,1487 2174,1487 2238,1487 2301,1487 2365,1487 2429,1487 2493,1487 2556,1487 2620,1487 2684,1487 2747,1487 2811,1487 2875,1487 2938,1487 3002,1487 3066,1487 3130,1487"/>
                <TextEquiv>
                    <Unicode>Auf solche Erwägungen läßt man sich jedoch nicht ein, es ist</Unicode>
                </TextEquiv>
            </TextLine>
            <TextLine id="r2l28" custom="readingOrder {index:27;}">
                <Coords points="1741,1542 3131,1550 3131,1499 3050,1480 1741,1499"/>
                <Baseline points="1749,1536 1817,1536 1886,1536 1955,1535 2023,1535 2092,1535 2161,1535 2229,1535 2298,1535 2367,1535 2436,1536 2504,1536 2573,1536 2642,1536 2710,1536 2779,1536 2848,1536 2916,1535 2985,1535 3054,1535 3123,1534"/>
                <TextEquiv>
                    <Unicode>gar kein Versuch gemacht, den Stil dieses Stückes zu suchen. Der</Unicode>
                </TextEquiv>
            </TextLine>
            <TextLine id="r2l29" custom="readingOrder {index:28;}">
                <Coords points="1742,1582 3134,1577 3009,1530 1742,1545"/>
                <Baseline points="1751,1587 1819,1584 1888,1583 1957,1582 2025,1581 2094,1581 2163,1581 2231,1581 2300,1582 2369,1582 2438,1583 2506,1583 2575,1584 2644,1584 2712,1584 2781,1584 2850,1584 2918,1583 2987,1581 3056,1579 3125,1577"/>
                <TextEquiv>
                    <Unicode>gangbare Realismus ist sicherer und er tut ja auch seine Schul¬</Unicode>
                </TextEquiv>
            </TextLine>
            <TextLine id="r2l30" custom="readingOrder {index:29;}">
                <Coords points="1737,1632 3131,1623 3110,1582 1737,1579"/>
                <Baseline points="1745,1626 1813,1626 1882,1626 1951,1626 2020,1626 2089,1627 2158,1627 2226,1627 2295,1627 2364,1627 2433,1627 2502,1627 2571,1628 2640,1628 2708,1628 2777,1628 2846,1628 2915,1628 2984,1629 3053,1629 3122,1629"/>
                <TextEquiv>
                    <Unicode>digkeit. Herr Rittner spielt den Grafen mit bekannter Kraft und</Unicode>
                </TextEquiv>
            </TextLine>
            <TextLine id="r2l31" custom="readingOrder {index:30;}">
                <Coords points="1742,1673 3137,1687 3137,1645 3060,1632 1742,1648"/>
                <Baseline points="1751,1673 1819,1673 1888,1674 1957,1675 2026,1675 2095,1676 2164,1676 2232,1676 2301,1676 2370,1676 2439,1676 2508,1676 2577,1676 2646,1676 2714,1675 2783,1675 2852,1676 2921,1676 2990,1676 3059,1676 3128,1677"/>
                <TextEquiv>
                    <Unicode>einer Fähigkeit zur Selbsthilfe, die ihn an etlichen schwierigen Stellen</Unicode>
                </TextEquiv>
            </TextLine>
            <TextLine id="r2l32" custom="readingOrder {index:31;}">
                <Coords points="1736,1727 3135,1732 3135,1686 3079,1677 1736,1683"/>
                <Baseline points="1745,1722 1814,1722 1883,1722 1952,1723 2021,1723 2090,1723 2159,1723 2228,1723 2297,1723 2366,1723 2436,1723 2505,1723 2574,1723 2643,1722 2712,1722 2781,1722 2850,1722 2919,1722 2988,1722 3057,1722 3127,1722"/>
                <TextEquiv>
                    <Unicode>interessant macht. An die gewisse brillante Eintönigkeit hat</Unicode>
                </TextEquiv>
            </TextLine>
            <TextLine id="r2l33" custom="readingOrder {index:32;}">
                <Coords points="1739,1770 3078,1784 3136,1779 3137,1731 1739,1730"/>
                <Baseline points="1747,1770 1816,1770 1885,1770 1954,1770 2023,1770 2092,1770 2161,1770 2230,1770 2299,1770 2368,1770 2437,1770 2506,1770 2575,1770 2644,1771 2713,1771 2782,1771 2851,1771 2920,1771 2989,1771 3058,1771 3128,1770"/>
                <TextEquiv>
                    <Unicode>man sich auch hier schon gewohnt. Ireue Triesch als Elga</Unicode>
                </TextEquiv>
            </TextLine>
            <TextLine id="r2l34" custom="readingOrder {index:33;}">
                <Coords points="1736,1825 3144,1819 3144,1779 2991,1768 1736,1779"/>
                <Baseline points="1745,1813 1814,1814 1884,1815 1953,1816 2023,1816 2092,1817 2162,1817 2231,1817 2301,1816 2370,1816 2440,1816 2509,1815 2579,1815 2648,1815 2718,1814 2787,1814 2857,1814 2926,1814 2996,1814 3065,1814 3135,1815"/>
                <TextEquiv>
                    <Unicode>ist weniger nach hiesigem Geschmack. In einem modernen Repertoire</Unicode>
                </TextEquiv>
            </TextLine>
            <TextLine id="r2l35" custom="readingOrder {index:34;}">
                <Coords points="1746,1877 3136,1862 3060,1818 1746,1824"/>
                <Baseline points="1755,1865 1823,1865 1892,1865 1960,1865 2029,1865 2098,1865 2166,1865 2235,1864 2304,1864 2372,1864 2441,1864 2510,1864 2578,1863 2647,1863 2716,1863 2784,1863 2853,1863 2922,1863 2990,1863 3059,1864 3128,1864"/>
                <TextEquiv>
                    <Unicode>gewiß vielfach schätzbar, wirkt sie auf Reisen nur durch den ein¬</Unicode>
                </TextEquiv>
            </TextLine>
            <TextLine id="r2l36" custom="readingOrder {index:35;}">
                <Coords points="1749,1922 3088,1925 3139,1864 1749,1878"/>
                <Baseline points="1757,1911 1825,1909 1894,1908 1962,1907 2031,1906 2100,1906 2168,1906 2237,1906 2306,1906 2374,1906 2443,1906 2512,1907 2580,1907 2649,1908 2718,1908 2786,1909 2855,1909 2924,1910 2992,1910 3061,1911 3130,1911"/>
                <TextEquiv>
                    <Unicode>zelnen Augenblick und kommt dabei schlechter weg. Sie macht sich die</Unicode>
                </TextEquiv>
            </TextLine>
            <TextLine id="r2l37" custom="readingOrder {index:36;}">
                <Coords points="1747,1971 3092,1967 3133,1912 1747,1922"/>
                <Baseline points="1756,1958 1824,1957 1892,1957 1961,1957 2029,1956 2098,1956 2166,1956 2234,1956 2303,1956 2371,1957 2440,1957 2508,1957 2576,1957 2645,1958 2713,1958 2782,1958 2850,1958 2918,1959 2987,1959 3055,1959 3124,1959"/>
                <TextEquiv>
                    <Unicode>Elga gar zu einfach und svielte eine Art Zigeunerin, mit einer</Unicode>
                </TextEquiv>
            </TextLine>
            <TextLine id="r2l38" custom="readingOrder {index:37;}">
                <Coords points="1739,2019 3140,2004 3120,1948 1739,1981"/>
                <Baseline points="1747,2005 1816,2004 1885,2004 1954,2003 2023,2003 2092,2002 2161,2002 2231,2002 2300,2002 2369,2002 2438,2002 2507,2002 2576,2002 2645,2002 2715,2002 2784,2002 2853,2002 2922,2003 2991,2003 3060,2003 3130,2003"/>
                <TextEquiv>
                    <Unicode>gewissen Operettenwildheit. Es fehlt der Zauber einer urwüchsigen</Unicode>
                </TextEquiv>
            </TextLine>
            <TextLine id="r2l39" custom="readingOrder {index:38;}">
                <Coords points="1740,2051 3027,2069 3137,2046 3137,2004 1740,2019"/>
                <Baseline points="1748,2050 1817,2050 1886,2050 1955,2049 2024,2049 2093,2049 2162,2049 2231,2049 2300,2049 2369,2049 2438,2050 2507,2050 2576,2050 2645,2050 2714,2050 2783,2050 2852,2050 2921,2050 2990,2050 3059,2049 3128,2049"/>
                <TextEquiv>
                    <Unicode>Liebenswürdigkeit, eines überrumpelnden und finulich einschmeicheln¬</Unicode>
                </TextEquiv>
            </TextLine>
            <TextLine id="r2l40" custom="readingOrder {index:39;}">
                <Coords points="1739,2105 2897,2119 3098,2104 3129,2049 1739,2064"/>
                <Baseline points="1747,2097 1815,2097 1884,2097 1952,2097 2021,2097 2090,2098 2158,2098 2227,2098 2296,2098 2364,2098 2433,2098 2502,2098 2570,2098 2639,2098 2708,2098 2776,2098 2845,2098 2914,2098 2982,2098 3051,2098 3120,2098"/>
                <TextEquiv>
                    <Unicode>den Temperaments. Und auch ihre spezifischeu Eigenschaften sind</Unicode>
                </TextEquiv>
            </TextLine>
            <TextLine id="r2l41" custom="readingOrder {index:40;}">
                <Coords points="1744,2164 3018,2160 3138,2141 3138,2106 1744,2111"/>
                <Baseline points="1753,2148 1821,2147 1890,2146 1959,2145 2028,2144 2096,2144 2165,2143 2234,2143 2303,2143 2371,2143 2440,2143 2509,2143 2578,2143 2646,2143 2715,2144 2784,2144 2853,2144 2921,2144 2990,2144 3059,2144 3128,2144"/>
                <TextEquiv>
                    <Unicode>zum Teil gerade solche, die in Wien keinen Kurs haben. Dabei soll</Unicode>
                </TextEquiv>
            </TextLine>
            <TextLine id="r2l42" custom="readingOrder {index:41;}">
                <Coords points="1748,2194 3062,2204 3133,2195 3133,2141 1748,2162"/>
                <Baseline points="1756,2192 1824,2192 1892,2193 1961,2193 2029,2193 2098,2193 2166,2193 2234,2193 2303,2193 2371,2193 2440,2193 2508,2192 2576,2192 2645,2192 2713,2192 2782,2192 2850,2191 2918,2191 2987,2191 3055,2191 3124,2191"/>
                <TextEquiv>
                    <Unicode>teineswegs übersehen werden, daß sie den letzten Akt mit aus¬</Unicode>
                </TextEquiv>
            </TextLine>
            <TextLine id="r2l43" custom="readingOrder {index:42;}">
                <Coords points="1741,2243 3133,2253 3123,2190 1741,2201"/>
                <Baseline points="1749,2239 1817,2238 1886,2238 1955,2238 2024,2238 2093,2238 2161,2238 2230,2238 2299,2238 2368,2238 2437,2238 2505,2238 2574,2238 2643,2238 2712,2238 2781,2238 2849,2238 2918,2239 2987,2239 3056,2239 3125,2240"/>
                <TextEquiv>
                    <Unicode>reichender Wirkung spielte. Den Oginski gab Herr Neuß ziemlich</Unicode>
                </TextEquiv>
            </TextLine>
            <TextLine id="r2l44" custom="readingOrder {index:43;}">
                <Coords points="1744,2289 3145,2279 3073,2241 1744,2248"/>
                <Baseline points="1753,2288 1822,2287 1891,2286 1960,2286 2029,2286 2098,2285 2167,2285 2237,2285 2306,2285 2375,2285 2444,2285 2513,2285 2582,2285 2651,2285 2721,2285 2790,2285 2859,2285 2928,2285 2997,2284 3066,2284 3136,2284"/>
                <TextEquiv>
                    <Unicode>ungelenk, er ist aber nicht ohne symvathisches Element. Herr</Unicode>
                </TextEquiv>
            </TextLine>
            <TextLine id="r2l45" custom="readingOrder {index:44;}">
                <Coords points="1745,2338 3140,2321 3114,2284 1745,2289"/>
                <Baseline points="1753,2332 1825,2331 1898,2330 1970,2329 2043,2329 2115,2329 2188,2329 2261,2329 2333,2329 2406,2330 2478,2330 2551,2330 2623,2330 2696,2331 2769,2331 2841,2331 2914,2331 2986,2330 3059,2330 3132,2329"/>
                <TextEquiv>
                    <Unicode>Reicher als knorriger Hausverwalter war ganz vortrefflich. Von</Unicode>
                </TextEquiv>
            </TextLine>
            <TextLine id="r2l46" custom="readingOrder {index:45;}">
                <Coords points="1747,2389 3141,2376 2992,2330 1747,2338"/>
                <Baseline points="1756,2378 1824,2377 1893,2376 1962,2376 2031,2376 2100,2376 2168,2376 2237,2376 2306,2376 2375,2377 2444,2377 2512,2377 2581,2378 2650,2378 2719,2379 2788,2379 2856,2379 2925,2379 2994,2379 3063,2378 3132,2378"/>
                <TextEquiv>
                    <Unicode>den Uebrigen ist nichts Besonderes zu sagen. Das Publikum war</Unicode>
                </TextEquiv>
            </TextLine>
            <TextLine id="r2l47" custom="readingOrder {index:46;}">
                <Coords points="1748,2434 2988,2441 3106,2432 3140,2378 1748,2390"/>
                <Baseline points="1757,2426 1825,2425 1894,2424 1963,2424 2031,2424 2100,2424 2169,2424 2237,2424 2306,2424 2375,2424 2444,2425 2512,2425 2581,2425 2650,2426 2718,2426 2787,2426 2856,2425 2924,2425 2993,2424 3062,2423 3131,2422"/>
                <TextEquiv>
                    <Unicode>sehr dankbar, besonders gegen Herrn Rittner, der levhaft gerufen</Unicode>
                </TextEquiv>
            </TextLine>
            <TextLine id="r2l48" custom="readingOrder {index:47;}">
                <Coords points="1748,2483 3138,2480 3138,2434 2957,2421 1748,2432"/>
                <Baseline points="1756,2468 1824,2469 1893,2471 1962,2471 2030,2472 2099,2472 2168,2472 2236,2472 2305,2472 2374,2472 2443,2472 2511,2471 2580,2471 2649,2471 2717,2471 2786,2472 2855,2472 2923,2473 2992,2474 3061,2475 3130,2477"/>
                <TextEquiv>
                    <Unicode>wurde. Das Stück, dessen scheinbar starke Sachen eigentlich doch</Unicode>
                </TextEquiv>
            </TextLine>
            <TextLine id="r2l49" custom="readingOrder {index:48;}">
                <Coords points="1749,2538 3000,2528 2923,2477 1749,2484"/>
                <Baseline points="1758,2513 1819,2514 1881,2516 1943,2517 2004,2517 2066,2518 2128,2519 2189,2519 2251,2519 2313,2519 2375,2519 2436,2519 2498,2519 2560,2519 2621,2519 2683,2519 2745,2519 2806,2519 2868,2519 2930,2519 2992,2519"/>
                <TextEquiv>
                    <Unicode>unberührt lassen, wurde mit Achtung zur Kenntnis genommen.</Unicode>
                </TextEquiv>
            </TextLine>
            <TextLine id="r2l50" custom="readingOrder {index:49;}">
                <Coords points="1828,2574 2987,2584 3134,2566 3134,2527 1828,2535"/>
                <Baseline points="1837,2567 1901,2566 1965,2566 2030,2565 2094,2565 2159,2565 2223,2565 2288,2565 2352,2565 2417,2565 2481,2565 2545,2565 2610,2565 2674,2565 2739,2565 2803,2565 2868,2565 2932,2565 2997,2565 3061,2565 3126,2565"/>
                <TextEquiv>
                    <Unicode>Als Einleitung des Abends diente Artur Schnitzlers ergreisen¬</Unicode>
                </TextEquiv>
            </TextLine>
            <TextLine id="r2l51" custom="readingOrder {index:50;}">
                <Coords points="1745,2619 3134,2617 3124,2564 1746,2566"/>
                <Baseline points="1754,2610 1822,2611 1891,2612 1959,2612 2028,2613 2097,2613 2165,2614 2234,2614 2302,2614 2371,2614 2440,2614 2508,2614 2577,2614 2645,2614 2714,2614 2783,2614 2851,2614 2920,2614 2988,2614 3057,2615 3126,2615"/>
                <TextEquiv>
                    <Unicode>der Einakter: „Der Puppenspieler“. Herr Bassermann spielte</Unicode>
                </TextEquiv>
            </TextLine>
            <TextLine id="r2l52" custom="readingOrder {index:51;}">
                <Coords points="1745,2658 3133,2670 3133,2619 3029,2615 1745,2619"/>
                <Baseline points="1753,2660 1821,2660 1890,2660 1958,2660 2027,2660 2096,2660 2164,2660 2233,2660 2301,2660 2370,2660 2439,2660 2507,2660 2576,2660 2644,2660 2713,2660 2782,2661 2850,2661 2919,2661 2987,2661 3056,2662 3125,2662"/>
                <TextEquiv>
                    <Unicode>darin mit jener besonderen berlinischen Rührungsnote, die auch Herrn</Unicode>
                </TextEquiv>
            </TextLine>
            <TextLine id="r2l53" custom="readingOrder {index:52;}">
                <Coords points="1735,2713 3145,2711 3071,2665 1735,2669"/>
                <Baseline points="1744,2707 1813,2707 1883,2707 1952,2707 2022,2707 2091,2707 2161,2708 2230,2708 2300,2708 2369,2709 2439,2709 2509,2710 2578,2710 2648,2711 2717,2711 2787,2711 2856,2712 2926,2712 2995,2712 3065,2712 3135,2712"/>
                <TextEquiv>
                    <Unicode>Waßmann im „Nachtasyl“ so genützt hat, den Georg Merklin.</Unicode>
                </TextEquiv>
            </TextLine>
            <TextLine id="r2l54" custom="readingOrder {index:53;}">
                <Coords points="1740,2765 3093,2767 3132,2714 1740,2719"/>
                <Baseline points="1748,2752 1816,2753 1885,2754 1954,2754 2023,2755 2092,2756 2160,2756 2229,2756 2298,2757 2367,2757 2436,2757 2504,2757 2573,2757 2642,2757 2711,2757 2780,2757 2848,2757 2917,2757 2986,2757 3055,2757 3124,2757"/>
                <TextEquiv>
                    <Unicode>Dieser verbummelte Schriftsteller, der sich allerlei Genialitäten ein¬</Unicode>
                </TextEquiv>
            </TextLine>
            <TextLine id="r2l55" custom="readingOrder {index:54;}">
                <Coords points="1745,2806 3152,2803 3109,2762 1745,2766"/>
                <Baseline points="1754,2798 1823,2800 1892,2801 1962,2802 2031,2803 2101,2804 2170,2804 2239,2804 2309,2805 2378,2805 2448,2804 2517,2804 2586,2804 2656,2804 2725,2804 2795,2803 2864,2803 2933,2803 3003,2803 3072,2803 3142,2803"/>
                <TextEquiv>
                    <Unicode>redet und unter anderem die Menschen wie Puppen an seinen Drähten</Unicode>
                </TextEquiv>
            </TextLine>
            <TextLine id="r2l56" custom="readingOrder {index:55;}">
                <Coords points="1746,2855 3148,2870 3148,2805 1746,2823"/>
                <Baseline points="1755,2849 1824,2849 1893,2848 1962,2848 2031,2848 2101,2849 2170,2849 2239,2849 2308,2849 2377,2850 2447,2850 2516,2850 2585,2851 2654,2851 2723,2851 2793,2851 2862,2851 2931,2851 3000,2850 3069,2850 3139,2849"/>
                <TextEquiv>
                    <Unicode>zu haben glaubt, ist an sich eine kostbare Figur. Eine tragische,</Unicode>
                </TextEquiv>
            </TextLine>
            <TextLine id="r2l57" custom="readingOrder {index:56;}">
                <Coords points="1741,2895 3151,2905 3117,2856 1741,2869"/>
                <Baseline points="1750,2895 1819,2895 1889,2894 1958,2894 2028,2894 2098,2894 2167,2894 2237,2894 2306,2895 2376,2895 2446,2896 2515,2897 2585,2897 2654,2898 2724,2899 2794,2899 2863,2900 2933,2900 3002,2901 3072,2901 3142,2901"/>
                <TextEquiv>
                    <Unicode>möchte man sagen, deren Tiefen eigentlich grundlicher ausgeschöpft</Unicode>
                </TextEquiv>
            </TextLine>
            <TextLine id="r2l58" custom="readingOrder {index:57;}">
                <Coords points="1745,2955 3089,2962 3161,2949 3162,2908 1745,2909"/>
                <Baseline points="1753,2946 1826,2946 1900,2945 1973,2945 2047,2945 2121,2945 2194,2945 2268,2945 2342,2945 2415,2945 2489,2945 2562,2946 2636,2946 2710,2947 2783,2947 2857,2948 2931,2949 3004,2950 3078,2951 3152,2952"/>
                <TextEquiv>
                    <Unicode>sein sollten. Von Herrn Bassermann meisterlich gespielt, gewahrte sie</Unicode>
                </TextEquiv>
            </TextLine>
            <TextLine id="r2l59" custom="readingOrder {index:58;}">
                <Coords points="1750,3009 3079,3018 3112,2962 1750,2963"/>
                <Baseline points="1758,2991 1825,2992 1892,2992 1959,2993 2027,2993 2094,2993 2161,2994 2229,2994 2296,2994 2363,2995 2431,2995 2498,2995 2565,2995 2632,2995 2700,2995 2767,2995 2834,2995 2902,2994 2969,2994 3036,2993 3104,2993"/>
                <TextEquiv>
                    <Unicode>einen Genuß, für den das Publikum dankbar war. L. H—1.</Unicode>
                </TextEquiv>
            </TextLine>
            <TextEquiv>
                <Unicode>Vehmrichter hier der Gatte und der Schauplatz jener gewisse Turm.
Hohe Kerzen brennen, ein blankes Schwert ragt. Ein schwarzer Vor¬
hang geht auseinander und auf dem Bette liegt die Leiche des
Gerichteten. Elga wird mit ihr konfrontiert. Sie hat die Wahl zwischen
dem Toten und dem Lebenden und wirft sich in wahnwitzigem
Schmerz über die Leiche und speit dem Gatten, den sie doch wieder
nehmen möchte, ihren Fluch ins Gesicht. Also der hat sie geliebt.
Es ist experimentell festgestellt und unn weiß sie es wenigstens auch
selbst ... Was mit ihr weiter geschieht, erfährt man nicht, denn der
Traum ist aus. Nämlich, es war blos ein Traum, den
der Ritter der ersten Szene im schauerlichen Turmgemach
des Klosters hatte, das ihm zum Uebernachten angewiesen worden.
Was bei Grillvarzer der gräfliche Mönch dem Ritter erzählt, träumt
dieser in der Hauptmannschen Einkleidung. Schaudernd erwacht er
im Morgengrauen und sucht ohne Abschied das Weite. Für szenische
Wirkung ist durch diese Veranstaltungen und Wandlungen einiger
Raum geschaffen. Sie ist übrigens von der Regie wenig herausgearbeitet,
der Schauerapparat spielt mit Maß. Der Fall Elga an sich kann nicht
sonderlich aufregen, weil die Gestalten doch, wie schon in der Novelle,
für den jetzigen Geschmack zuviel Unpersönliches an sich haben. Sie
zeigen ein allgemeines Wesen, von mehr tyoischen Zügen; „der“
Gatte, „der“ Geliebte und so fort, woraus schließlich „die" Situation
sich zusammenstellt. Das fordert natürlich zu stilistischer Darstellung
auf, wie ja auch bei Maeterlinck; es wäre der Balladenstil festzu¬
halten, worauf sogar manches Sprachliche hinweist, förmliche
Refrainstellen zum Beispiel.
Auf solche Erwägungen läßt man sich jedoch nicht ein, es ist
gar kein Versuch gemacht, den Stil dieses Stückes zu suchen. Der
gangbare Realismus ist sicherer und er tut ja auch seine Schul¬
digkeit. Herr Rittner spielt den Grafen mit bekannter Kraft und
einer Fähigkeit zur Selbsthilfe, die ihn an etlichen schwierigen Stellen
interessant macht. An die gewisse brillante Eintönigkeit hat
man sich auch hier schon gewohnt. Ireue Triesch als Elga
ist weniger nach hiesigem Geschmack. In einem modernen Repertoire
gewiß vielfach schätzbar, wirkt sie auf Reisen nur durch den ein¬
zelnen Augenblick und kommt dabei schlechter weg. Sie macht sich die
Elga gar zu einfach und svielte eine Art Zigeunerin, mit einer
gewissen Operettenwildheit. Es fehlt der Zauber einer urwüchsigen
Liebenswürdigkeit, eines überrumpelnden und finulich einschmeicheln¬
den Temperaments. Und auch ihre spezifischeu Eigenschaften sind
zum Teil gerade solche, die in Wien keinen Kurs haben. Dabei soll
teineswegs übersehen werden, daß sie den letzten Akt mit aus¬
reichender Wirkung spielte. Den Oginski gab Herr Neuß ziemlich
ungelenk, er ist aber nicht ohne symvathisches Element. Herr
Reicher als knorriger Hausverwalter war ganz vortrefflich. Von
den Uebrigen ist nichts Besonderes zu sagen. Das Publikum war
sehr dankbar, besonders gegen Herrn Rittner, der levhaft gerufen
wurde. Das Stück, dessen scheinbar starke Sachen eigentlich doch
unberührt lassen, wurde mit Achtung zur Kenntnis genommen.
Als Einleitung des Abends diente Artur Schnitzlers ergreisen¬
der Einakter: „Der Puppenspieler“. Herr Bassermann spielte
darin mit jener besonderen berlinischen Rührungsnote, die auch Herrn
Waßmann im „Nachtasyl“ so genützt hat, den Georg Merklin.
Dieser verbummelte Schriftsteller, der sich allerlei Genialitäten ein¬
redet und unter anderem die Menschen wie Puppen an seinen Drähten
zu haben glaubt, ist an sich eine kostbare Figur. Eine tragische,
möchte man sagen, deren Tiefen eigentlich grundlicher ausgeschöpft
sein sollten. Von Herrn Bassermann meisterlich gespielt, gewahrte sie
einen Genuß, für den das Publikum dankbar war. L. H—1.</Unicode>
            </TextEquiv>
        </TextRegion>
    </Page>
</PcGts>
