3436 4320
293 184 2065 294 17.1. Der Punnenspieler box 22/6
808 981 1268 1080 Telephon 12801.
420 1071 1646 1174 Alex. Weigl’s Unternehmen für Zeitungs-Ausschnitte
681 1133 1593 1299 „OBSERYEP“
1434 1202 1714 1289 Nr. 99
318 1297 1770 1359 I. österrrbehördl. conc. Bureau für Zeitungsberichte u. Personalnachrichten
593 1339 1509 1435 Wien, I., Concondiaplatz 4.
332 1395 1760 1479 Vertretungen in Berlin, Budapest, Chicago, Genf, London, Newyork, Paris, Ron,
686 1462 1409 1524 Stockholm, Kristiania, St. Petersburg.
324 1535 1659 1660 Ausschnitt aus: Hamburger Cerrespondent
532 1661 829 1793 44 0 1005
330 1740 556 1824 vom:
516 1861 1524 1953 Um so interessanter und dichterisch feiner ist dem Dichter
431 1897 1529 1971 Schnitzler in seinem „Puppenspieler“ der Tiielmensch gelungen.
444 1952 1526 2012 Georg Merklin ist ein seinen Freunden verschollener Schrift¬
439 1982 1528 2049 steller. Auch er ist ein Mensch mit einem Tic. Aber fast
429 2035 1527 2092 gewinnt man ihn lieb um seiner Verrücktheit willen; so echt
436 2065 1527 2126 und nuancenreich und diabolisch und dabei wieder schmerz¬
428 2097 1528 2156 durchzittert ist sie. Georg Merklin ist ein Gescheiterter und Ver¬
441 2143 1521 2213 bitlerter, der den Ueberlegenen spielen will. Er ist der sonveräne
437 2180 1523 2244 Beobachter, der mit den gemeinen Schicktalen der anderen nichts
424 2228 1524 2284 zu kun hat. Erist, so meint er, unter Umständen der Puppenspieler,
430 2255 1523 2305 der die anderen wie Marionetten an den Drähten zieht. So
435 2296 1528 2351 hat er vor Jahren einmal einem schüchternen jungen Musiter
440 2340 1519 2401 im Scherz ein „verliebies“ Mädchen zugeführt; daran wird
424 2376 1526 2424 er erinnert, weil er nun zu ällig grade in dieses Musikers¬
425 2413 1527 2480 Haus kommt. Und da — indem er sich daran erinnert, ent¬
430 2455 1528 2518 larvt er sich uns, ohne es zu wollen. Erst bleibt er ein
424 2496 1515 2558 Verächter des ehelichen Haushalts, den sich sein Hausfreund,
426 2536 1515 2583 der schüchterne Musiker, mit jenem damals im Scherz ver¬
1542 2544 1758 2609 inclusive
416 2560 1512 2632 liebten Mädchen als seiner Frau eingerichtet hat. Ein un¬
1568 2593 1726 2635 Porto.
419 2612 1521 2682 heimliches Abenteuer erzählt er, um seine Ungewöhnlichkeit
1547 2625 1743 2679 Zahlbar
428 2653 1521 2717 darzuiun. Seine großartigen Reisen, sein Bolémeleben,
1538 2661 1783 2730 im Voraus.
429 2682 1507 2755 seine Verachtung des Ruhms bieten ihm Schlagworte, mit
428 2730 1507 2799 denen er blendend um sich wirft. Zum Schluße und so
1531 2713 1783 2789 te ist das
427 2760 618 2813 nebenhin
804 2774 883 2818 er
635 2767 793 2816 gesteht
905 2767 1035 2836 aber,
1051 2771 1785 2835 daß er auch wie teht es den
421 2803 1032 2868 dieser bürgerlich beschränkte
1538 2816 1668 2876 dern.
1031 2817 1511 2871 Freund, dessen Gast
412 2838 506 2889 er
648 2854 1505 2907 ganz gewöhnlich verheiratet war und
416 2883 1513 2956 daß auch er ein Kind gehabt hat wie dieser. Nur hat ihn
1536 2872 1789 2947 haltend die
407 2911 1511 2977 die Frau verlassen und das Kind ist gestorben. Das verrät
1535 2928 1777 2991 Morgen¬
418 2951 1503 3031 er. Aber sofort richtet er sich wieder auf und mit demselben
1560 2972 1784 3027 rZeitung")
412 3001 1510 3060 sophistischen, erlogenen Gleichmut, mit dem er gekommen ist,
1541 3015 1785 3065 hschaftliche
411 3044 1504 3115 gehi er wieder. Damit schließt die Studie, die sonst außer
1549 3052 1778 3117 Diese Mit¬
405 3080 1505 3147 diesem einen Menschen nichts Belangvolles, sondern nur
407 3118 1502 3179 ein paar steif konstruierte Hilfsfiguren enthält. Dieser eine
417 3152 1511 3218 Mensch, den ein Dichter zwischen uns gestellt hat, wiegt ein
413 3183 1511 3263 Drama auf. Und Albert Bassermann, der ihn in der Er¬
410 3236 1504 3305 scheinung eines modernen und besser gezeichneten Nareiß
412 3266 1512 3339 Rameau spielte, der das Prahlerische und das wirtlich
415 3308 1506 3380 Ueberlegene und das Schmerzliche der Figur, wie nur ein
397 3339 1502 3422 ganz großer Schauspieler es kann, ausdrückte, er wird uns
399 3399 1427 3456 mi dem Georg Merklin zusammen übergeßlich bleiben.
2408 1043 2890 1130 Telephon 12801.
2040 1139 3267 1214 Alex. Weigl’s Unternehmen für Zeitungs-Ausschnitte
2148 1198 3209 1341 1%½OBSERWEP“
3043 1221 3351 1351 Nr. 100
1929 1358 3368 1413 I. österr. behördl. oono. Bureau für Zeitungsberichte u. Personalnachrichten
2190 1394 3117 1473 Wien, I., Concondiaplatz 4.
1933 1457 3367 1535 Vertretungen in Berlin, Budapest, Chicago, Genf, London, Newyork, Paris, Rom.
2300 1517 3010 1579 Stockholm, Kristiania, St. Petersburg.
2917 1658 2990 1717 #
1923 1664 3264 1789 Ausschnitt aus: amburger Womdenblatt
1938 1733 2426 1872 vomt 4590
2239 1856 2304 1916 *
2185 1885 3006 1961 Arthur Schnitzlers „Nup#enspieler“ ist
2998 1900 3094 1969 ein
2109 1930 3105 2000 bißchen zu feine Arbeit für die Bühne. Der
2124 1985 3099 2051 Puppenspieler soll ein Mensch sein, wie er uns
2124 2027 3102 2091 im Leben gewiß nicht oft begegnet: ein vielleicht
2123 2074 3092 2119 genial angelegter Künstler, der es aber bei der
2125 2100 3083 2171 Genialität der Anlage bewenden läßt und nichts
2138 2137 3084 2207 Greifbares leistet, dabei sich einbildet, er könne
2130 2188 3094 2241 viel höheres als Kunstgebilde hervorbringen:
2116 2221 3100 2271 nämlich er könne mit lebendigen Menschen spielen
2124 2251 3071 2319 und sie wie Puppen auf einem Kindertheater hin¬
2121 2286 3081 2359 und herschieben. Schnitzler beweist einem solchen
2136 2342 3089 2397 angeblichen Geniemenschen, daß das wirkliche
2122 2360 3090 2444 Leben solcher Künsteleien und Anmaßlichkeiten
2130 2414 3096 2487 spottet und daß die lebendigen Puppen sich durch¬
2120 2458 3091 2508 aus nicht nach den Launen eines solchen über¬
2111 2493 3091 2561 genialen Puppenspielers auf der Bühne des Lebens
2114 2534 3085 2594 hin= und herschieben lassen. Die Gestalt dieses
2115 2562 3082 2632 düsteren Puppenspielers ließ die Zuschauer teil¬
3149 2577 3361 2652 inclsive
2067 2600 2121 2652 5
1946 2597 2047 2664 Für
2115 2601 3090 2680 nahmlos, weil er in Wahrheit keine Gattung
2053 2644 3087 2709 10 lebendiger Menschen vertritt sondern nur der
3157 2673 3347 2725 Zahlber
2043 2681 3086 2743 20 grübelnden Laune eines Dichters ihr Scheindasein
3153 2697 3366 2779 im Vorans
2049 2738 3088 2793 50 verdankt. Herr Bassermann gab den Puppen¬
1979 2761 3377 2827 " 100 spieler so glaubhaft wie möglich, ohne uns das ishnitte ist d#
2066 2811 3365 2880 volle Bild des Lebens bieten zu können, dennich steht es der
1953 2860 3276 2926 Abonne das hängt nicht von dem Darsteller allein ab, a ändern.
1953 2877 3072 2946 Abonne der Dichter muß schon mithelsen. Irene Triesch
2121 2920 3081 2988 in einer ziemlich unbedeutenden Rolle tat ihre
3086 2922 3370 2999 enthaltend di#
2115 2954 3369 3038 Pflicht, dagegen war ein bisher unbekanntes Mit=er Morgen
2126 2993 2751 3063 glied des Deutschen Theaters,
1963 2998 2126 3066 Inhalts
2779 3013 3355 3077 Herr Leopold Iyjener Zeitung“
1962 3034 2285 3108 blät Iwald,
2279 3042 3366 3117 wirklich mehr eine Puppe als ein wirthschaftlich
1960 3071 2496 3155 vuure lebendiger Mensch.
2860 3089 3369 3165 E. E Vird. Diese Mit
1962 3128 2337 3185 Leben desnsune
1966 3134 2812 3233 Stheilungen werden in Wien un #öür
2292 3226 3079 3330 Prospecte sratis und fanco.
