3344 4320
279 3055 337 3116 agt
295 3108 364 3175 en
1216 143 1289 221 1
207 131 1974 254 17.1. Der Puppenspicer box 22/6
235 837 349 934 häno¬
890 862 2421 933 (sagt er freundlich mit der flüsternden Zartheit im Sprechen, welche die Nord¬
302 912 367 987 er,
898 926 2433 981 wesideutschen haben) — „und dann werf' ich des Tier nur mal eben so'n
885 980 2427 1047 beten um meine Hand herum, daß es die Wirbelsäule bricht". Und die
311 1027 367 1111 st,
894 1025 2423 1110 wilden Gänse. Man geht in der Dunkelheit mit Laternen auf den Sand.
309 1093 364 1152 t;
894 1080 2425 1152 Die Gänse sehn bloß den Lichtschein, aber der Mann selber steht im
890 1140 2421 1214 Finstern. Man schlägt die Tiere mit Knüppeln tot. Überhaupt ist die kalte
890 1213 2426 1267 Zeit köstlich auf den Inseln. Besonders eignen sich Radfahrlaternen. Er ist
896 1273 2436 1333 ein schmächtiger Schiffer, in dessen Schullehrergesicht ich jeden Muskel für
894 1321 2427 1383 sich arbeiten sehe. Er entschwindet mir. Eine größere graue Katze kommt
900 1374 1280 1448 durch den Garten.
936 1405 2417 1496 Ich denke gern an einen schönen Vers des jungen Elsassers René Schickele:
1282 1483 1537 1552 Irgendwo
1293 1532 1968 1609 Blühen die Gärten mon repos
888 1598 2428 1665 Ich drücke jedoch die Ranken, mit Arm und Kopf, mit dem Gewicht: sie
904 1658 2426 1717 schreien vor Schmerz. Sie wollen brüllen — und sind gelähmt. Die graue
902 1707 2300 1771 Katze springt zurück, Erregung, ein kleines Tier quietscht, Todeskampf.
928 1765 2428 1826 Ich sehe beim Lichtschein durch die Gartentür in meinem Arabergemach
898 1830 2432 1891 etwas, das einsi vor einer Sandbank auf mich zuschwamm. Es war neugierig
884 1872 1705 1953 wie ein Kind. Ich schoß es ins Auge.
1663 1995 1718 2045 .
992 2028 2423 2099 enn wir unsern Körper den Bazillen gäben, zum Essen, ohne Heil¬
893 2044 985 2140 9
910 2108 2430 2164 W mittel: dus wäre die letzte Konsequenz des Chrisientums. Ein Spaß.
905 2151 2434 2217 Ein andrer Spaß: Was wird sein, wenn eine Menschheit fittlich auch im
906 2218 2446 2269 Begehren ist, auch im Gedanken? Jetzt haben wir die Sittlichkei es Handelns.
899 2264 2443 2337 (Im Beginn.) Aber der Konsisiorialrat sieht den Busen der Köchin, er stürzt
904 2330 2402 2399 nicht über sie, doch er empfindet seine Schurkerei; sie tritt nicht ins Leben —
907 2385 1357 2455 wird nur unterdrückt.
943 2424 2437 2497 Wenn diese tägliche Arbeit des Überwindens wegfällt (tägliche? stündliche!);
911 2489 2438 2570 wenn auch das Denken sittlich ist: werden diese ersparten Arbeitskräfte benutzt
910 2553 1804 2615 werden zu einer Sittlichkeit gegen Pflanzen?
944 2575 2421 2663 Die Ranken meines Gartens sind ruhiger als die tastenden Finger der Sterbe¬
903 2667 2440 2723 gewinde halbtropischer Spaßbäume. Aber dazwischen bohren dieselben Zungen.
908 2704 2435 2766 Sommer hin, Winter her: soll man aufwärts streben? Es lassen sich allerhand
899 2765 2441 2836 Einwände hierwider machen. Mein Streben, beispielshalber, geht mit mir
908 2817 2437 2895 zugrunde. Ich kann nicht Alles schriftlich mitteilen, was ich bin; also nicht
907 2888 2440 2949 übertragen. Zweitens: ich habe keinen Sohn; also bleibt es unvererbt.
901 2929 2435 3002 Schlemme, so weit etwa dein Wohlgefühl nicht von Katerstimmung ver¬
908 2984 2455 3074 schlechtert wird. (Nur so weit.) Im Sommer durchschausi du die Torheit
903 3056 1303 3123 dich zu verströmen.
942 3062 2446 3176 Arbeit schändet. Warum Bücher durchblättern. Warum gar eine Kritik
911 3146 2438 3230 hinschreiben; dartun, daß man eingesetzt ist; und als ein Richtkünstler siegen.
2113 3255 2282 3337 Is31
3172 1508 3227 1546 9
