3392 4320
1208 186 2194 278 geben. Bassermann gab ihm Blut und
369 179 1131 312 Theater und Kunst.
257 133 359 321 00
1212 250 2186 322 Hirn. Keiner, der ihn sah, wird ihn vergessen
1214 291 2189 367 können. Da war ein stolzer, dreister Phantast,
339 292 1124 397 „Der Puppenspieler.“ — „Elga.“
1213 341 2198 402 der sich in Einbildungen und Träume rettet. Das
249 344 1207 455 (Gastspiel des Berliner Lessing=Theaters am Theater
1223 382 2185 454 Leben schlug ihn, und er vergilt es ihm durch
574 424 893 487 an der Wien.)
1222 423 2189 493 Verachtung. Er hat die Augen, die in sich sehen,
1221 466 2189 537 in die „innere Fülle“. Demütigungen und Ent¬
284 461 1204 543 b Es war ein Erfolg. Das will wenig be¬
1214 513 2187 581 täuschungen fließen an ihm ab. Vielleicht ist e¬
245 500 1200 609 deuten. Aber es war ein verdienter Erfolg.
1206 543 2183 620 ein Narr, vielleicht ein großer Künstler. Es
245 557 740 632 Und dies bedeutet viel.
1215 597 2199 666 gibt eine Höhe, von der aus sich solche klein¬
281 598 1197 681 Von Schui##lens reizvollem und be¬
1208 639 2192 706 Unterschiede verwischen... Durch die Schleier
242 632 1207 715 ziehungsreichem Akt habe ich hier erst kürzlich
1208 685 2185 746 einer grenzenlosen Vereinsamung ließ Basser
246 700 1204 763 gesprochen. Dies nachdenkliche Spiel gedämpfter
1212 720 2189 787 mann in eine wunde, tiefe Seele blicken. Er hatte
248 743 1206 804 Weisheit klingt von schwermütiger, geheimer
1209 772 2178 833 dabei Ausdrücke für eine spröde, schmerzhafte
233 785 1203 848 Musik. Vielleicht kann man es als die Schicksals¬
1202 808 2179 880 Schamhaftigkeit, die jede solche Enthüllung zu
242 829 1212 902 tragödie betrachten, wie sie die feineren Menschen
1205 855 2192 924 einem echten Drama machten. So stand der
232 871 1201 940 empfinden. Schon dadurch so unsäglich be¬
1207 899 2196 979 Schauspieler hier neben dem Poeten. Also auf
234 901 1201 982 deutungsschwer, weil hinter seiner Traurigkeit sich
1206 937 1507 1002 einem Gipfel.
239 959 1200 1029 ein blasses Lächeln verbirgt. Einer will das
1247 962 2190 1049 Dem ersten österreichischen Dichter, mit den
242 1007 1197 1059 Schicksal überlisten und es überlistet ihn. Er
1205 1006 2180 1092 die Berliner so liebenswürdig wie erfolgreich ihr
229 1048 1204 1108 glaubt mit Puppen zu spielen und ist selbst
1204 1071 2181 1134 Gastspiel begannen, folgte der erste deutschet
237 1087 1200 1158 bloß eine Puppe, mit der gespielt wird. Da hat
1201 1114 2177 1181 Hauptmann, den ja eifrige Bekenner all
227 1130 1204 1196 er, der geniale, große Mensch, sich einmal den
1213 1156 2187 1208 neuen Reichsklassiker immerzu ausschreien. Sein
242 1180 1199 1237 Spaß gemacht, einen unbedeutenden, kleinen
1202 1198 2181 1262 Nocturnns „Elga“ wurde von ihm vor einen
234 1218 1192 1286 Kerl mit irgendeinem süßen Mädel zusammen¬
1205 1245 2189 1315 Jahrzehnt während dreier Tage der Grill
220 1265 1188 1330 zubringen. Und am Abend seines Lebens muß
1197 1282 2179 1331 parzerschen Erzählung vom „Kloster von
224 1309 1195 1367 er erfahren, daß er aus Laune hier einem an¬
1203 1334 2177 1391 Sendomir“ nachgeschrieben. Solche Fixigkeit is
237 1353 1200 1416 deren das Glück schuf, das ihm selbst bestimmt
1198 1364 2180 1430 beachtenswert. Leider entstand dabei eher ein
231 1398 1190 1454 war. Denn jenes Mädel hatte ihn geliebt. Er
1196 1404 2171 1484 Kunststück als ein Kunstwerk. Bei der Nach¬
229 1437 1199 1491 kommt in das heimliche Haus des zufriedenen
1196 1464 2178 1527 dichtung ist Hauptmann dem Original ängst¬
229 1483 1187 1538 Pärchens als ein Zerbrochener, der die Trümmer
1197 1501 2193 1567 licher gefolgt als etwa Hofmannsthal
225 1527 1188 1594 seines Selbst ängstlich in den Mantel seines
1205 1550 2179 1609 und Beer=Hoffmann ihren Vordichtern,
229 1571 1187 1637 Hochmuts hüllt. Die Geliebte verriet ihn, sein
1195 1581 2160 1646 Jene hatten eigene Visionen, er dichtete sozusagen
227 1623 1189 1672 Kind starb und sein Genie ist ausgeraucht. So
1201 1635 2159 1698 aus zweiter Hand... Seine Zutaten sind meis
225 1659 1186 1718 stolz er sich auch gebärdet in seiner Einsamkeit,
1190 1675 2153 1745 nur lyrische Flitter. Die einfache Sprache der
227 1699 1184 1763 in de ihn nur der Größenwahn besucht, und
1189 1719 2162 1782 Novelle wird aufgetrieben, schwulstig. Und doch
225 1736 1190 1811 im Bewußtsein seiner ungeheueren Werke, die er
1198 1761 2146 1836 hat er die Gewöhnlichkeit der Vorgänge nich
221 1793 1181 1846 zu schreiben verschmäht — ein Bruder des un¬
1194 1799 2162 1874 ins Ewige zu rücken gewußt. Fuhrmann Hensche
229 1830 1198 1897 heimlichen Gastes auf Rosmersholm, Ulrik
1196 1850 2170 1907 mit seiner Hanne Schäl hat sich einfach vorhet
227 1868 430 1927 Brendels
492 1879 2161 1954 der Finger des Fatums hat ihn im Grafenschloß der Starschenski aufgehalten
220 1916 2169 1992 berührt, und solche Berührung bedeutet Ver= Nur daß der Poet für kleinbürgerliche und proke
230 1956 434 2018 nichtung.
1189 1969 2161 2042 tarische schlesische Schicksale sich in diesen wilden
257 2004 2143 2086 An einem Schnitzler=Abend des Carl= adeligen Sarmatenseelen nicht auskennt und sic
226 2031 2138 2131 Theaters hat Jarno einmal in seiner be¬ deshalb mit überheizter Sinnlichkeit und erprobter
234 2087 2151 2181 stimmten Art die Umrisse dieses Menschen ge=Melodram=Baualitäten behilft. War es nötig
1167 2179 2124 2229 Richard Voß von der Bühne zu jagen, um nach¬
1167 2228 2132 2296 her diesen Nocturnus zu bejubeln, der seines
1165 2257 1529 2332 Geistes voll ist?
1210 2291 2131 2367 Elga, die schwarze Bestie, ist ein tückisches, ver¬
1166 2353 2138 2426 räterisches Geschöpf: „dämonisch“ heißt dies in
1174 2406 2138 2463 der Sprache der Theateragenten. Aus dem
1171 2444 2136 2504 äußersten Elend hat sie der Graf emporgehoben;
1173 2499 2135 2547 er überschüttet seine junge Frau mit seiner Liebe.
1175 2542 2142 2594 Zu ihr aber kommt durch ein Hinterpförtchen
1161 2583 2148 2639 nächtlich Vetter Oginski. Sein ist ihre Tochter,
1174 2623 2132 2672 allein die Wiege des Bastards schmückt die
1174 2670 2131 2726 Grafenkrone. Und Elga singt leidenschaftliche
1178 2713 2140 2776 Lieder, lügt lachend mit jedem Atemzug, tanzt
1512 2747 1566 2779 „
1163 2753 2135 2808 wild, wirft gelustig den schlanken Leib auf
1177 2799 2139 2856 schwellenden Kissen, küßt den Grafen und den
1172 2839 2139 2892 Liebhaber. Ein Zufall macht den Grafen arg¬
1556 2889 2147 2940 stürzt überraschend heim,
1172 2882 1524 2943 wöhnisch. Er
1180 2908 2149 2978 Oginski entwischt gerade noch. Er drosselt
1176 2973 2148 3028 wütend die Magd, Elga herrscht ihn an, — doch
1166 3006 2147 3066 noch fehlt ihm der Beweis. Und er hat dies
1176 3052 2128 3106 Weib „im Blut“, will an sie glauben. Da findet
1182 3107 2129 3158 er das Medaillon Oginskis in Elgas Schmuck¬
1172 3147 2134 3212 schatulle und entdeckt die verräterische Aehnlich¬
1172 3190 2144 3248 keit seines Kindes. Auf nach Warschau, um sich
1182 3233 2147 3281 den Feind zu holen! Die slawische Katze faßt
1181 3274 2141 3326 die Maus, spielt mit ihr. Ei, er will mit dem
1170 3321 2142 3385 Vetter gut Freund sein. Nur die Wahrheit
1178 3352 2133 3425 muß er von ihm herausholen. Mit rasenden,
1171 3400 2133 3462 verwirrten Worten entreißt er sie ihm und
1178 3452 2145 3508 schleppt dann die Buhlerin ins Turmgemach.
1171 3498 2138 3553 Sie soll den Toten noch beschimpfen und auf
1182 3539 2132 3594 jenem Lager, auf dem jetzt des Erdrosselten
1176 3587 2143 3638 Leichnam ruht, dem Gatten angehören. Da
1177 3620 2139 3689 findet die ewige Lügnerin die Wahrheit ihres
1178 3672 2140 3732 Lebens und jammernd über dem toten Geliebten
1190 3719 1649 3784 flucht sie dem Gemahl.
1218 3755 2149 3826 Solches träumt im Kloster von Sendomir ein
1186 3810 2160 3870 deutscher Ritter. Diese wilde Ballade ist das
1183 3846 2167 3911 Schicksal eines Klosterbruders, und dumpf tönt
1181 3896 2165 3956 zu den Gesichten des Schläfers der Klang der
1174 3948 2160 3998 Totenmesse. Die rohe, handfeste Theatralik hält
1177 3984 2164 4040 gewaltsam zupackend das Interesse der Hörer
1187 4032 2152 4087 fest. Nacht. Verrat. Eifersucht. Ueberraschung.
1188 4073 2158 4140 Vermummte Scheraen. Mord. Ein Sündenlager.
2147 2174 3121 2233 Eine Leiche. Ein Turmgemach. Ein Scharfrichter
2132 2211 3118 2283 mit blankem Schwert. Das genügt sicher für
2142 2279 3109 2314 einen Theatererfolg und lehrt einem Publikum
2138 2312 3112 2359 das Gruseln. Aber sollte es auch einem Dichter
2147 2348 3117 2403 genügen? Gewiß, auch hier gibt es hie und da
2139 2387 3116 2459 Einblicke, die sich nur einem Poeten öffnen.
2142 2433 3102 2494 Allein das Werk selbst ist doch bloß eine Ueber¬
2144 2473 3123 2553 rumpelung, und keine sehr würdige. Dennoch
2145 2526 2604 2588 muß man es preisen.
2186 2563 3112 2631 Denn es hat zwei Künstlern eine große Ge¬
2143 2603 3112 2676 legenheit für ihre Kunst geboten: Rittner
2148 2652 3122 2719 und der Triesch. Dem elementaren Wesen
2138 2706 3108 2766 jener stärksten Natur des deutschen Theaters
2145 2748 3102 2804 kommt die Primitivität der Fabel entgegen.
2142 2788 3114 2849 Rittner hat für die helle Lebensfreude seinen
2136 2836 3100 2889 jauchzenden Tenor, für den Zusammenbruch des
2141 2859 3118 2932 Verratenen Augenblicke so erstickender, keuchen¬
2142 2912 3104 2980 der, würgender Verzweiflung, daß man er¬
2138 2960 3113 3012 schrickt. Diese Ausbrüche einer festen, aus ihrer
2135 3009 3118 3058 Bahn geworfenen Männlichkeit empfindet man
2152 3047 3117 3111 wie große Naturschauspiele. Die Triesch als Elga
2151 3084 3116 3161 ist schlechthin virtuos. Mit einer solchen Leistung
2139 3138 2976 3199 kann man reisen. Nun, sie tut es ja auch.
2184 3192 3110 3248 Sonst wäre noch Reicher als alter Haus¬
2144 3231 3111 3289 verwalter summa cum lande zu nennen. Für
2144 3275 3104 3329 die übrigen Leistungen entspricht die Zensur:
2143 3325 3107 3377 „genügend". Aber alle anderen sind ja auch
2146 3369 3115 3422 nur Nebenfächer... Und drei schauspielerische
2154 3404 3118 3466 Standard works sind ja wohl auch genug für
2141 3451 3108 3520 zwei Stunden. So dachten gewiß die Hörer, die
2154 3488 3121 3550 nach der Dichtung Schnitzlers Bassermann, nach
2145 3539 3112 3596 den lebenden Bildern Hauptmanns Rittner und
2142 3572 3114 3643 die Triesch stürmisch umjubelten. Die Gäste
2149 3628 3123 3691 können mit ihrem Wirt, dem Wiener Publikum,
2152 3676 3131 3746 ebenso zufrieden sein wie dieser mit seinen
2155 3720 2328 3777 Gästen.
