3228 4068
167 245 1212 313 8. Die Toten schweigen
935 300 1218 342 SSRRRASsAsRRsssERreTesaraee
333 1185 1383 1256 sie was freut, ist es so stark, daß sie gleich „deckenhoch“
332 1243 1382 1313 springen möcht' und leicht „vor Freude und Wonne wie
318 1293 1391 1363 betrunken“ wird und eine Zeit braucht, bis es sich erst
326 1354 1382 1417 „etwas zu Boden setzt und ihre Vernunft wieder zu Hause
327 1406 1379 1472 kommt“, aber wird sie dann einmal von ihrer „schwärme¬
324 1455 1386 1528 rischen Einbildungskraft“ in Trübsal und Bitternis gestürzt,
326 1513 1389 1583 so kann sie auch sentimental wie eine schmachtende Mamsell
332 1566 1386 1630 sein: „Vor mich ist alles vorbey — mir mir ist aus —“
333 1620 1393 1685 seufzt sie, als Unzelmann nach Berlin geht. Nur dauert's
334 1670 1390 1733 bei ihr nicht lang, gleich hat sie sich wieder, und dann
334 1736 1387 1792 heißt's wieder: „Ach! Es gibt doch viele Freuden in un¬
336 1777 1388 1847 seres Lieben Herr Gottes seiner Welt!“ Fünfundsechzig
335 1843 1398 1900 Jahre ist die Frau bei diesem Freudenschrei. Und wie's
338 1891 1387 1946 ihre Art ist, dann oft plötzlich ein stockernstes Gesicht an¬
327 1953 1389 2004 zustecken und zwei Minuten philosophisch zu sein, fügt sie
328 2003 1395 2056 noch hinzu, den Geheimrat belehrend: „Nur muß mann sich
335 2064 1398 2117 aufs suchen verstehn — sie finden sich gewiß — und das
333 2105 1400 2171 kleine nicht verschmähen — wie viele Freuden werden zer¬
334 2154 1398 2208 tretten — weil die Menschen meist nur in die Höhe gucken
391 2204 1400 2273 und was zu ihren Füßen liegt, nicht achten. Das war
345 2255 1400 2328 einmal wieder eine Brühe von Frau Aja ihrer Köcherrey.
344 2302 1401 2383 Lebe wohl!“ Ja, darin war sie groß, in d.esem Frauen¬
346 2367 1405 2440 talent, sich aufs Suchen der Freuden zu verstehen! Weil
345 2421 1398 2487 sie nämlich mit ihrer Sehnsucht nicht in die weite Welt
346 2479 1397 2548 ging, sondern sich weiblich ans Nächste hielt, aufs Nächste
346 2536 1396 2595 bedacht, ans Nächste, wo sie zugreifen kann, angeschlossen,
344 2581 1403 2652 und von allem abgewendet, wo sie nicht helfen kann. „Begen
347 2633 1400 2694 des Krieges wachsen mir auch keine grauen Haare — das
347 2696 1404 2755 was ich neulich an Ihnen schriebe — daß, wenn es in
345 2735 1399 2798 Weimar gut mit meinen Lieben geht und steht, mich das
352 2798 1409 2855 lincke und rechte Reinufer weder um Schlaf noch appetit
343 2848 1419 2917 bringt — ist noch heut dato meine Meinung.“ So schrieb
844 2961 956 3032 12 —
1382 230 1737 329 box 1/6
1924 1168 2979 1251 sie ihrer lieben Tochter aus dem Kriegslärm, in der größten
1917 1236 2975 1292 deutschen Not. Ist's nicht jeder Frau aus dem Herzen ge¬
1924 1287 2979 1356 sprochen? Und überhaupt geschieht's einem ja, daß, wenn
1920 1342 2974 1404 man ihre Briefe liest, ihre Worte hört, ihr Wesen ver¬
1930 1383 2982 1455 ninmt, jeder an die Frau denken muß, die er lieb hat.
1935 1434 2978 1517 Die hätte das auch sagen können, denkt man stets; sie würde
1929 1490 2974 1572 sich nur vielleicht nicht trauen. Und das ist vielleicht das
1929 1545 2985 1620 Einzige, was die Mutter Goethes vor den anderen Frauen
1928 1601 2982 1669 voraus hat: daß sie sich getraut hat. Wie sonst eine Frau
1921 1654 2978 1722 nur ist, wenn sie sich unbelauscht glaubt oder unversehens
1934 1703 2981 1774 einmal die Frauenart verrät, die doch immer verheimlicht
1926 1754 2979 1831 und umgelogen und verstellt werden soll, so hat sich die
1929 1816 2979 1886 Frau Rath ganz ungeniert gezeigt, mit der unbefangenen
1936 1862 2988 1941 Sicherheit natürlicher Menschen, die sich nicht verbieten
1925 1920 2986 1995 lassen, so zu sein, wie sie sind, und das zu tun, was es sie
1925 1979 2980 2040 treibt, weil das der liebe Gott verantworten soll, der's
1936 2023 2980 2099 ihnen eingegeben hat, und die nun getrost alles aussprudeln,
1926 2086 2994 2159 was in ihnen ist. Wie's ihr durch den Kopf fliegt, so fängt
1935 2153 2992 2206 sie's ein; wie's ihr im Herzen sitzt, so muß sie sein. Wes¬
1926 2189 2983 2259 halb man auch gar nie dazu kommt, einmal zu fragen, ob
1934 2240 2982 2306 es recht ist oder nicht anders sein sollte. Sie ist, wie sie
1937 2301 2982 2365 sein muß, und zweifelt nicht un sagt zu sich Amen und
1940 2364 2991 2422 Punktum. Und kann es und darf es, weil nichts an ihr je
1927 2401 2995 2480 gehemmt oder umgebogen oder verstört worden ist: sie ist
1938 2451 2984 2526 nicht erzogen worden, darum ist sie unverdorben geblieben.
1932 2524 2985 2583 Ihr Glück war, der Schulmeister hat ihr gefehlt. Sie kann
1935 2567 2986 2634 kaum recht schreiben, die Gedanken sind „schlecht gepackt,
1937 2623 2993 2691 ohne Komma, ohne Punkt“. Bettina hat gesagt: „Frau
1932 2678 2986 2744 Rat, sie hat eine recht garstige Hand, eine wahre Katzen¬
1930 2736 2984 2797 pfote,“ und klagt, daß sie niemals herauskriegen kann, was
1930 2782 2994 2840 sie in ihren „chaldäischen und hebräischen Buchstaben“ ver¬
1934 2839 2994 2903 zeichnet hat. Und sie selber gesteht: „Daß das Bustawiren
2419 2940 2538 3010 13 —
