3276 4068
316 4 383 62 1
228 228 1793 310 8. Die Toten schweigen box 1/6
1054 293 1272 338 erene, Gird uen unen
438 282 616 347 en enense
1431 553 1615 629 —
1649 558 2578 633 em Anatoltypus tritt ein junges Wiener
657 584 1605 658 nahm. Wir waren damals so und werden wohl
1649 626 2574 678 Nädel, ganz unverdorben, von allem Kampf
660 657 1604 705 noch geraume Zeit ungefähr so bleiben. Um so
1646 668 2571 716 lichts wissend, gegenüber, und aus dem Zu¬
660 692 1609 739 anerkennenswerter ist es, daß der Lesezirkel
1657 708 2577 760 ammentreffen dieser beiden Typen wird die
661 735 1601 785 ab und zu dem Mangel nachhilft und durch da¬
1647 753 2576 806 „Liebelei“. Dann wieder kämpft er, behandelt
676 782 1607 837 äußere Mittel der Vorstellung literarischer Per¬
1652 798 2573 849 n seinen Stücken Tagesfragen, wie das Duell.
669 825 1613 877 sönlichkeiten verhindert, daß wir ganz und gar
1645 839 2574 895 Und nun treibt es ihn ins Große hinauf und
668 869 1200 921 im Musikbetrieb aufgehen.
1640 888 2562 933 is entsteht das merkwürdig starke Renaissance
735 892 1606 958 Hermann Bahr las zunächst eine Erzählung
1652 925 2572 980 tück „Der Schleier der Beatrice". Aber imme¬
672 944 1609 1008 Schnitzlers vor: „Die Toten schweigen“.
1643 964 2582 1015 wieder drängt es ihn, Geschichten zu schreiben,
668 988 1616 1050 Eine psychologische Studie, die Bewunderung
1639 1012 2580 1067 in welchen der ganze Wiener Wald, die Luft
673 1038 1606 1088 für die feine Gestaltungskunst ihres Autors er
1643 1051 2574 1104 des alten Wien mit unbeschreiblicher Zartheit
675 1080 1606 1132 zeugte, jedoch durch ihren Inhalt mehr quälend
1648 1099 2564 1145 dargestellt ist. Der Held seines letzten Roman¬
680 1124 1545 1176 als erhebend wirkte. Dann ober verstand
1653 1136 2577 1187 „Der Weg ins Freie“) sucht einmal für sein
671 1167 1538 1217 Hermann Bahr, die gedrückte Stimmung
1560 1166 1608 1214 zu
1643 1178 2564 1240 Nädchen eine Wohnung. Aber er findet nir¬
672 1207 1608 1264 bannen und seinen Zuhörern ungetrübte Freude
1649 1222 2574 1280 gends ein Haus, das ihm paßt. Da sagt er sel¬
669 1253 1604 1299 zu bereiten durch die in freier Rede in unge
1655 1271 2568 1321 er: Ich verlange wahrscheinlich zu viel. Mein
672 1298 1609 1349 mein warmem Ton vorgetragenen Ausführun¬
1649 1310 2570 1361 Ideal wäre ein nettes, kleines, sehr elegantes
670 1335 1607 1400 gen, mit welchen er das Schaffen seines Freun¬
1639 1358 2568 1409 Haus, wo man gleich bei der Tür hinaus in den
669 1372 1608 1427 des Schnitzler charakterisierte. Urteile, wie sie
1654 1401 2568 1446 großen Wald hineinkommt, bei einer andern
670 1420 1612 1465 Professoren formulieren, bekam man von Bahr
2505 1439 2568 1495 ge¬
1651 1438 2502 1492 Dür aber, vorne, müßte man auf eine sehr
666 1464 1613 1520 nicht zu hören. Ich glaube nicht, sagte er, daß
2505 1487 2571 1530 ge¬
1647 1480 2510 1541 pflegte, sehr kultivierte moderne Straße
668 1501 1606 1557 ein objektives Urteil in ästhetischen Dingen
1649 1527 2570 1575 langen. Das ist scherzend gesagt, hat aber tie¬
676 1556 1609 1603 möglich ist; das Urteil eines Autors über einen
1646 1567 2575 1617 fern Sinn. Die Bedeutung Schnitzlers scheint
673 1591 1609 1641 andern drückt nichts anderes aus als das Ver¬
1648 1602 2572 1659 die zu sein, daß er beide Türen hat. Wäh¬
668 1634 1613 1679 hältnis des einen zum andern. Auch Daten, die
1647 1650 2578 1698 rend wir andern immer uns durch die eine
671 1678 1602 1735 im Lexikon zu finden sind, wollte Bahr nich
1640 1680 2569 1746 Türe zu retten suchen, kehrt er, wenn er eine
671 1723 1603 1784 geben, ihm kam es darauf an, die geistige Welt
1649 1731 2567 1791 Zeitlang auf der eleganten, vornehmen Straße
671 1760 1608 1835 gegend zu schildern, aus welcher der Dichter
1641 1782 2569 1825 moderner Kultur gegangen ist, immer, von
676 1801 833 1868 stammt.
1651 1823 2566 1878 tiller Sehnsucht getrieben, ins Haus und durch
744 1835 1615 1902 Der größte Künstler, führte Bahr aus, ist der
1638 1863 2577 1933 die andere Tür in den lieben stillen Wiener
670 1885 1613 1937 Mund seines Volkes. Was durch Generationen
1640 1903 2003 1966 Wald zurück ...
670 1934 1604 1988 hindurch einzelne ersehnt und gesucht, das
1692 1957 2569 2006 Hermann Bahr schloß mit einer Betrach¬
675 1978 1612 2027 springt plötzlich von den Lippen eines Glück¬
1640 1996 2565 2042 tung, zu der ihm ein Besuch unseres Künstler¬
669 2013 1612 2062 licheren, belebt sich und dringt in die Menge.
1650 2040 2571 2096 hauses die Anregung gegeben. Er hat dort
677 2061 1610 2111 Die eigentliche Bedeutung Schnitzlers erblicken
1650 2083 2577 2136 Bilder von Hodler gesehen und sagte sich, eigent¬
666 2104 1616 2159 wir in Oesterreich darin, daß er der Mund einer
1634 2122 2576 2178 lich sei es eine Vermessenheit, ein Volk, das
669 2143 1615 2195 ganzen neuen Generation ist; er hat so leicht
1642 2166 2567 2214 einen so starken Künstler mit der geschlossenen,
678 2187 1614 2240 wie kein anderer seiner Zeitgenossen das gei¬
1650 2216 2566 2264 uhigen, wurzelsichern Kraft besitze, mit einigen
668 2225 1614 2281 stige Oesterreich der Gegenwart ausgesprochen.
1650 2253 2575 2302 Worten für einen andern Künstler, der aus
674 2270 1613 2320 Fast zwei Jahrhunderte lang waren wir von je¬
1637 2302 2576 2346 einer andern Welt kommt, interessieren zu
681 2318 1610 2366 der geistigen Regung abgeschlossen, standen ab¬
1649 2339 2564 2391 vollen. „Doch, wie ungeschickt,“ fällt ihm ein
681 2356 1611 2411 seits von Europa und konnten uns geistia nicht
1650 2378 2579 2434 wenn ich als Wiener Hodler so bewundern
668 2400 1614 2454 rühren. Zu diesem geschichtlichen Mißgeschick tritt
1641 2422 2570 2474 kann, warum sollten die Schweizer, die Lands¬
671 2444 1620 2499 ein zweites: solche konservative Perioden der
1642 2466 2568 2521 leute Hodlers, nicht auch etwas Fremdes, wie
668 2478 1611 2535 Niederhaltung allen geistigen Lebens wurden
1643 2511 2572 2558 uns Oesterreicher, schätzen können? Ein Kosmo¬
667 2534 1609 2579 immer abgelöst von genialen großen Neuerern,
1639 2552 2566 2606 politismus, der alle Leute seelisch so ziemlich
675 2571 1607 2623 die sich einbildeten, es lasse sich über Nacht nach
1640 2595 2567 2652 aufs gleiche zu bringen trachtet, würde alle
674 2616 1615 2661 holen, was jahre= und jahrhundertelang ver¬
1639 2637 2566 2690 herunterbringen. Der wahre Kosmopolitismus
676 2654 1607 2718 säumt worden war. Kaiser Joseph, in diesem
1643 2677 2572 2723 aber wird immer darin bestehen: es trachte je¬
673 2692 1612 2751 Irrtum befangen, glaubte Kultur, Kunst, Lite¬
1634 2716 2568 2777 der seine eigene Art so star“ und rücksichtslos
683 2747 1604 2794 ratur von heut auf morgen von außen impor¬
1640 2750 2565 2812 auszudrücken, als in seiner Kraft liegt, und es
666 2775 1614 2836 tieren zu können. Der Import blieb Import,
1636 2801 2565 2850 bringe jeder auch dem Ausdruck fremder Art
679 2831 1612 2883 und das schlimmste war, daß man sich ange¬
1633 2844 2568 2894 Achtung und ehrliche Bewunderung entgegen.
669 2872 1609 2924 wöhnte, Bildung als eine fremde Angelegen¬
1649 2891 2569 2943 Wenn ich dazu beigetragen habe, Sie auf uns
679 2916 1606 2962 heit zu betrachten. Das manifestierte sich beim
1637 2923 2577 2988 Oesterreicher und auf Schnitzler als den größten
673 2960 1606 3006 Bau der Ringstraße, deren ungeschichtliche, un¬
1637 2979 2566 3041 aufmerksam zu machen, so wird mir das eine
681 2992 1609 3050 österreichische Art schmerzlich auffällt. Sie ist
1641 3023 2314 3081 liebe Erinnerung an Zürich sein.“
673 3038 1614 3086 ein Jahrmarkt aller möglichen historischen Bau¬
1697 3047 2574 3114 Ich wüßte die Ehrlichkeit des kräftigen Bei¬
682 3081 1600 3134 stile, die an ihrem Ort und zu ihrer Zeit vor
1638 3098 2567 3162 falls, mit welchem das Auditorium dem Redner
676 3123 1619 3183 trefflich gewesen sein mögen, in Wien aber bei¬
1647 3150 2568 3208 dankte, nicht besser zu verbürgen, als mit den
682 3181 1615 3234 nahe lächerlich wirken, weil sie keinen Zusam¬
1645 3186 2574 3237 Worten, die ich von einer prächtigen klugen
1644 3234 2575 3307 alten Dame am Ausgang hörte: „Aber das ist
757 3217 1613 3312 *) Raummangel nötigte uns, dieses Referat bis
1627 3269 2160 3346 ja en herrliche Gnuß gsi!“
674 3273 1037 3343 heute zurückzulegen.
1073 3302 1141 3350 .—
756 3312 871 3370 re n
835 3326 1003 3373 K
2615 558 2725 608 Eirt
2607 604 2747 657 flücklich
2609 646 2746 700 Schuma
2608 690 2742 746 Auslese
2601 732 2758 785 uirtüose
2603 775 2766 832 gestreute
2603 819 2764 872 wohltuen
2608 861 2777 918 rüher tre
2596 903 2783 962 neten Kür
2598 948 2790 1009 entfaltung
2611 992 2802 1051 onders n
2608 1031 2813 1098 Fmoll-Fai
2599 1083 2806 1135 und bei &
2603 1120 2818 1184 fühlen. Uel
2595 1165 2818 1221 die maßvol
2598 1208 2821 1269 nalthemas.
2603 1258 2822 1318 yier bewuß
2602 1298 2832 1358 leidenschaftt
2597 1344 2829 1399 der Moderr
2599 1385 2835 1443 variationen
2603 1430 2760 1486 heroische
2592 1470 2827 1531 geistreiche 1
2594 1516 2831 1575 Partien kon
2597 1561 2822 1617 verstanden
2597 1606 2826 1664 man besond
2604 1647 2834 1703 übertrefflich
2602 1692 2826 1749 Chopins un
2597 1736 2804 1797 der Debus
2591 1780 2742 1839 ist ein
2759 1781 2838 1839 Wez
2603 1823 2702 1878 muß
2786 1870 2843 1919 kle
2607 1864 2781 1924 ächtigen
2790 1912 2841 1963 do
2604 1913 2775 1968 er durch
2594 1951 2790 2010 Webersche
2601 1996 2813 2064 bekannte
2602 2208 2842 2310 Wie die „
2650 2310 2842 2393 Die Mit
2607 2376 2839 2435 Grund, auß
2751 2420 2831 2475 sein
2609 2421 2759 2479 tolz zu
2603 2466 2838 2518 hässigen Ka
2605 2507 2825 2563 Unterstützun
2597 2547 2807 2604 bedeutende
2605 2590 2825 2649 letzten zwei
2599 2634 2827 2697 wahrheiten
2599 2677 2791 2732 Nummer,
2601 2721 2785 2781 politischer
2594 2761 2761 2817 tet das
2782 2742 2834 2815 2
2602 2800 2809 2866 sammlung
2597 2850 2777 2898 komite
2785 2892 2835 2960 ist
2601 2890 2761 2946 Tatsache
2607 2934 2806 2988 sammlung
2604 2976 2757 3028 Komite
2778 3020 2830 3071 ste
2605 3018 2742 3090 Antrag
2597 3060 2831 3116 rüber, ob
2593 3102 2838 3162 oder Unters
2601 3144 2843 3204 schlossen we
2601 3182 2843 3248 anheimst
2597 3231 2837 3303 ihren Entsd
2663 3276 2840 3348 Im glei
