3228 4068
187 235 1226 339 8. Die Toten schweigen
695 314 885 365 „
1389 276 1757 376 box 1/6
1079 326 1127 379 1
820 799 1584 886 e
809 851 1743 937 Schwierigkeiten erhoben sich nicht von seiten
811 913 1732 978 der türkischen Regierung, sondern die Orient
808 962 1734 1037 bahn zeigte sich als österreichische Gesellschaft
806 1019 1741 1085 wenig beeilt, den Transport auszuführen, und
812 1060 1745 1126 sie berief sich auf ihr Cahier de Charge. Die
811 1114 1740 1183 Erlaubnis des hiesigen Valis wurde als unge
808 1170 1731 1226 nügend erklärt und so mußte erst die schrift
814 1211 1744 1283 liche Ermächtigung der türkischen Regierung in
809 1264 1477 1335 Konstantinopel eingeholt werden.
872 1329 1742 1399 Oesterreich=Ungarn. Eine Deputation ita¬
815 1381 1739 1443 lienischer Reichsratsabgeordneter über¬
808 1433 1734 1493 brachte dem Leiter des Unterrichtsministeriums
808 1480 1736 1536 die Forderungen der Italiener auf die Er¬
806 1520 1734 1594 richtung einer italienischen Univer¬
816 1561 942 1628 sität.
880 1592 1730 1662 Spanien. Das Madrider Blatt „El Uni
808 1658 1736 1708 verso“ meldet, daß das englische Königspaar,
806 1699 1736 1740 der deutsche Kaiser und der österreichi¬
817 1738 1732 1804 sche Thronfolger in Vertretung des Kaisers
805 1785 1732 1841 Franz Joseph, sowie vielleicht auch andere
812 1832 1734 1888 Staatsoberhäupter kommendes Jahr dem spa¬
815 1875 1729 1917 nischen Königspaare Besuche abstatten wer
807 1912 1730 1971 den. Der Zeitpunkt dieser Besuche sei nock
813 1957 1728 2018 nicht festgestellt. Der Besuch des englischer
800 1995 1734 2056 Königspaares und der des deutschen Kaisers
808 2047 1730 2108 würden in einem Hafen Nordspaniens statt
808 2087 944 2147 finden.
872 2109 1737 2190 Rußland. In der Duma ereigneten sick
800 2170 1728 2234 stürmische Szenen während der Fortsetzung de
807 2223 1725 2276 Debatte über die Agrarfrage. Miljuckof
812 2268 1733 2324 griff den Adel heftig an, worüber die Rechte
802 2312 1374 2357 in große Erbitterung geriet.
875 2350 1730 2403 Asien. In Peking herrscht vollkommene
797 2388 1731 2453 Ruhe. 6000 Mann nach europäischer Methode
808 2438 1727 2499 ausgebildete Truppen halten die Ordnung in
792 2479 1185 2536 der Stadt aufrecht.
888 2588 1664 2682 Abende für Literatur und Kunst.
873 2669 1658 2738 2. Hermann Bahr über Arthur
1115 2719 1386 2782 Schnitzler.
864 2760 1724 2821 sch. Der Lesezirkel Hottingen hat
800 2813 1726 2867 noch selten einen glücklicheren Griff getan, als
794 2860 1724 2918 da er den Wiener Kritiker und Romancier Her
791 2910 1737 2961 mann Bahr einlud, über Arthur Schnitzler bei
803 2949 1730 2988 uns zu sprechen. Schnitzler ist unserm Publi¬
794 2989 1728 3035 kum vor allem durch das Theater bekannt ge¬
796 3031 1728 3081 worden. Wäre Zürich, was es noch heute nicht
800 3073 1727 3128 ist, vor fünfzehn oder zwanzig Jahren ein lite¬
797 3116 1724 3169 rarisches Zentrum gewesen, so wäre ihm Bahr
803 3160 1727 3219 noch vertrauter gewesen als Schnitzler; denn
793 3196 1722 3257 hier in Zürich, im Verlagsmagazin von I.
798 3249 1716 3296 Schabelitz, sind die ersten Werke Bahrs erschie
788 3295 1712 3345 nen: „Die Einsichtslosigkeit des Herrn Schäffle“
799 3332 1729 3375 ein Buch, das noch ganz von dem volkswirt¬
796 3371 1725 3428 schaftlichen Studium Bahrs Zeugnis ablegte
798 3420 1722 3478 „Die neuen Menschen“ ein Drama, in dem sich
792 3460 1720 3506 Bahr der damaligen neuen, gärenden literari¬
801 3505 1712 3553 schen Richtung anschloß; „La Marquesa d’Amae
794 3546 1719 3590 gal“, eine Bluette, die, wäre sie in Paris er¬
804 3588 1710 3633 chienen, ihren Autor von heut auf morgen be
796 3631 1724 3683 rühmt gemacht hätte; das Drama „Die große
790 3664 1720 3735 Sünde“, und die gesammelten Aufsätze „Zu¬
792 3704 1718 3767 Kritik der Moderne“. Alle diese Werke erschie
790 3753 1722 3809 nen in Zürich. ohne daß Zürich“ hanne Matie
2759 809 2874 893 P
1770 867 2706 935 menhang mit unsern österreichischen Zuständen
1768 924 2707 977 haben. Aehnliches wie im Bauwesen erlebten
1767 967 2709 1025 wir in der Musik. Im Bauwesen war es Olbrich,
2775 952 2917 1025 35 Es
1768 1009 2698 1061 der, gesund durch und durch, ein ungeheures lu¬
2731 996 2908 1062 daraus i
1775 1051 2700 1100 stiges Lachen anschlug und uns aufruttelte, zu
2737 1053 2906 1109 Daß dies
1768 1097 2703 1154 bauen, wie es Oesterreichs Empfinden ent¬
2724 1096 2902 1155 liges Ver
2733 1142 2912 1198 sende ein
1768 1178 2695 1227 ker Hugo Wolf. Der lachte nicht, wie Olbrich
1779 1221 2701 1277 eine dämonische Natur, verzehrte er sich im Ra¬
2728 1231 2903 1284 kurrenzne
1778 1266 2696 1312 sen und Toben gegen die falsche Kunst. In der
2723 1271 2909 1332 Bahnstati
1778 1307 2697 1353 Literatur lebte man jahrelang im Glauben, man
2725 1316 2903 1374 klamepla
1764 1351 2698 1400 könne Literatur machen, indem man Vorbilder
2723 1360 2895 1419 pachtete
1774 1397 2699 1445 aus dem deutschen Reich nachahme. Da kamen
2724 1405 2897 1462 diese Fi
1769 1440 2694 1483 einige junge Leute, die über die Literatur dach¬
2741 1450 2899 1503 Es wurd
1774 1476 2699 1532 ten wie Hugo Wolf über die Musik und Olbrich
2725 1493 2892 1555 seine Ha
1773 1523 2695 1570 über die Baukunst. Sie litten an einem merk¬
2729 1536 2880 1596 läugnete
1766 1566 2696 1616 würdigen Dilemma. Auf der einen Seite lebte
2728 1582 2889 1640 schaft zu
1769 1610 2697 1664 in ihnen das Gefühl für ein neues Oesterreich
2724 1623 2872 1682 Zürich
1774 1653 2709 1696 welches seine alten Fesseln sprengt, also ein
2727 1661 2900 1722 an die B
1772 1689 2697 1750 Gefühl gegen das Alte, auf der andern Seite
2726 1711 2914 1775 ist rechts!
1772 1737 2702 1784 fühlten sie sich innerlich gewarnt vor der von
1765 1776 2694 1826 außen her importierten künstlichen Bildung, an
2726 1777 2903 1857 Krawal
1771 1824 2695 1874 deren Stelle sie eine aus dem eigenen Boden
2728 1832 2921 1896 vom Arbe
1767 1864 2700 1925 erwachsene Bildung setzen wollten. So wollten
2725 1885 2893 1942 geschäfte
1774 1909 2694 1956 sie erneuen auf der einen Seite und auf der an¬
2730 1926 2919 1987 straße abs
1769 1946 2701 2006 dern waren sie konservativer als die frühern
2729 1973 2908 2034 spiel vor
1766 1995 2700 2045 österreichischen Literaten; denn ihr Verlangen
2724 2018 2912 2075 meister un
1766 2036 2692 2085 war, das Wurzelechte stärker auszudrücken als
2725 2061 2910 2116 Körperver
1766 2077 2687 2126 jene. Der erste, reichste unter den jungen Leu
2720 2106 2927 2161 klagt. Au
1762 2123 2696 2173 ten von damals — es war ums Jahr 1890
2726 2148 2924 2202 wurde auc
1772 2164 2687 2218 herum — war Arthur Schnitzler. Sohn eines
2720 2190 2935 2248 der Beteili
1766 2208 2693 2251 berühmten Professors und Arztes, der der Lieb¬
2723 2234 2931 2292 Anklage n
1771 2249 2693 2296 lingsarzt der großen Schauspieler war, wuchs
2730 2279 2925 2339 den Bursch
1766 2293 2692 2345 Schnitzler in der Burgtheateratmosphäre auf.
2722 2323 2929 2378 von Flugb
1764 2326 2690 2380 25 Jahre alt geworden, war er selbst Arzt. Einer
2730 2367 2921 2426 des Boyko
1765 2376 2687 2425 jener, die durch Patienten fast nie behelligt
2723 2409 2930 2466 zu vertrei
1771 2423 2694 2470 werden und die darum Zeit für angenehmere
2726 2454 2931 2513 ergaben, d
1766 2464 2684 2513 Sachen haben. So sah er in seinem Sprech¬
2726 2494 2932 2556 ohne weite
1771 2505 2697 2559 zimmer statt der Patienten seine Dichter: den
2720 2541 2926 2597 und durch
1765 2544 2692 2594 echzehnjährigen Hoffmannsthal, der damals
2721 2578 2931 2643 die Aussa
1762 2592 2691 2637 unter dem Namen Loris schrieb, Beer=Hof¬
2902 2624 2941 2675 d
2718 2622 2885 2686 machung
1767 2635 2690 2685 mann, Felix Salten, den Maler Beraton. Das
2722 2673 2932 2730 meister sel
1768 2677 2683 2724 Grundgefühl Aller war, das Leben nicht zu ver¬
2724 2715 2923 2774 beantragte
1766 2719 2692 2779 säumen. Wir hatten eine Todesangst: in ganz
2719 2755 2944 2813 Punkten u
1770 2758 2696 2823 Europa bricht eine neue Zeit an, und diese un¬
2727 2801 2935 2861 bis zu eine
1762 2807 2701 2871 geheure Entwicklung könnte an Wien, in dem
1774 2847 2589 2903 ich nichts rühren durfte, vorübergehn
2726 2844 2938 2902 Mitternach
2586 2854 2693 2901 * * *
1765 2887 2694 2939 Wenn wir dann, nachdem wir uns heiser und
2729 2887 2943 2946 Netzgermei
1766 2929 2687 2987 heiß geredet hatten, auf unsern nächtlichen Gän¬
2723 2933 2934 2989 hielten all
1767 2973 2695 3029 gen durch das stille, schlafende, von Hausmei¬
2722 2976 2936 3033 Angeklagte
1771 3018 2694 3068 stern bewachte Wien gingen, dann geschah es
2731 3019 2940 3077 fünf Tage
1766 3064 2695 3123 plötzlich, daß unsere Hitze verflog, unsere Angst
2867 3065 2927 3132 31
2729 3065 2832 3122 Tage.
1774 3101 2696 3161 chwieg und einer den andern anstieß: „Schau,
2724 3101 2899 3166 noch eine
1767 3146 2695 3195 die Karlskirche!“ oder: „Schau den Dunst über
2719 3151 2912 3211 einem Ve
1767 3190 2692 3243 der Potivkirche!“ und dann spürten wir das
2727 3195 2910 3251 jungsford
1764 3230 2694 3282 andere; die ungeheure Rührung in uns über
2722 3239 2897 3300 Zivilweg
1762 3272 2691 3321 dieses alte Oesterreich, aus dem wir doch so gern
1766 3316 2690 3368 erausgekommen wären. Aus diesem Gegensatz
1765 3358 2681 3420 können wir uns nicht befreien. Das Merkwür¬
1764 3402 2680 3451 dige an Schnitzler ist, daß er mit großer, ein¬
1762 3446 2677 3490 ziger Gerechtigkeit alle Widersprüche im öster
2751 3431 2892 3514 h. j. C
1771 3485 2684 3540 eichischen Wesen gleichmäßig ausdrückt, ja, daß
2718 3498 2877 3558 jestrigen
1758 3527 2688 3579 ihn diese Widersprüche immer wieder produktiv
2719 3546 2887 3603 starre Ti
1767 3575 2689 3620 nachen. Er fängt mit Anatol an, dem etwas
2729 3587 2879 3649 ind bew
1762 3609 2689 3675 dlasierten Wiener, der hinüber blickt „nach
2722 3631 2871 3686 Rrei So
1758 3654 2688 3703 Europa“, mit allen Dingen aber nur spielt.
2720 3668 2859 3727 Abend z
1762 3696 2693 3750 Kaum hat er diesen Typus dargestellt, regt sich
2712 3716 2857 3773 Dokume
1722 3740 2847 3816 In ihm das Gefühl: das ist noch nicht alles. Und#
