3228 4037
185 321 1224 397 8. Die Toten schweigen
1388 317 1748 420 box 1/6
345 389 1214 439 „5
1169 2025 2090 2117 ter werden und ein Frühling und ein Soll¬
218 2037 1171 2122 mag es richtig sein, daß die innere politische
1470 2117 1538 2175 R
1142 2107 1427 2177 A
262 2127 383 2225 e
1160 2159 2070 2221 terach oder ganz besonders in St. Wolfgang,
1163 2212 2082 2264 wo man dann bei Sonnenniedergang in blauem
246 2183 1013 2301 Mis Femilleton. 79,
1155 2257 2076 2321 Jakett und schneeweißen Hosen in der eigenen
1165 2314 2069 2370 Seaeljacht über die nilgrünen Wellen hinfliegt.
250 2255 998 2407 1 Die jungen Herren.
1249 2353 2074 2410 Das Salzkammergut ist nämlich genau
525 2379 851 2461 Ein Wiener Typ.
1160 2393 2073 2460 wie die Prater Hauptallee, wie die Weinhauer¬
312 2423 1140 2506 Die „jungen Herren“ von Wien haben
1173 2450 2074 2519 gärten in Sievering und der Grabenkorso eine
226 2497 1132 2555 jetzt ihre hohe Zeit. Auf dem Graben und
1170 2503 2076 2555 vormärzliche Institution. Und die jungen Her¬
228 2548 1137 2611 in der Kärtnerstraße laufen sie um die
1173 2551 2076 2599 ren von Wien sind sehr konservativ. Was der
222 2595 1132 2660 Mittagsstunde viel geschäftig heru.i, schlenkern
1172 2594 2079 2662 Herr von Sternberg vor nun schon sechzig
230 2641 1135 2694 die Stöcke, wechseln Händedrücke und lachen
1171 2637 2079 2707 Jahren niederschrieb, gilt ohne wesentliche Er¬
221 2687 1133 2752 sehr laut in die Märzluft, daß es ein Spaß
1169 2700 2076 2752 weiterung auch für den heutigen Tag und für
215 2737 1137 2793 ist. Die jungen Herren von Wien freuen sich
1173 2741 2072 2807 das heutige Geschlecht: „Die Wiener höhere
233 2781 1137 2845 über die Frühlingsluft, Gott ja, ein bischen
1171 2781 2072 2842 und höchste Gesellschaft ist bekannt für sehr
217 2843 1135 2895 Wintersport auf Skiern in Kitzbühl, auf sausen¬
1169 2845 2076 2895 exklussiv, sie macht wenig Reisen.“ Die Fremde
219 2879 1135 2939 den Bobs über den Sonnwendstein haben sie
1173 2886 2079 2943 reizt sie nicht, das Ferne lockt sie nicht und
222 2928 1123 2990 auch mitgemacht, weil es gerade Mode ist
1169 2933 2075 2996 all diese sachten, süßen und betörenden Ge¬
226 2975 1135 3030 Aber ihr Herz war bei diesen eiskalten Stra¬
1173 2988 2076 3048 nüsse, die das Wiener Leben den jungen Herren
218 3032 1139 3088 pazen nicht dabei: Gegen a Praterfahrt oder an
1170 3027 2076 3082 in Form von blonden Ladenmädln auf der
219 3072 1128 3137 Heurigen is da a Schmarrn, gelten's ja
1173 3080 2075 3140 Mariahilferstraße, in Form von feurigen Pfer¬
1168 3129 2070 3187 den und volksjingenden Fiakern bietet, sie sind
317 3120 1136 3191 Die jungen Herren von Wien fühlen sich
1168 3172 2083 3222 ihnen nicht nur ein Jux, ein Amüsement und
221 3174 1139 3240 nur in der milden Luft rings um den Stefans¬
1173 3227 2071 3281 im Unband der Jugend leicht genossenes Er¬
223 3224 1143 3283 turm daheim. Sie lieben die sehr gedämpften
1167 3273 2079 3337 götzen, sie sind ihnen viel mehr ein Erleben,
224 3270 1124 3328 Genüsse der Fiakerfahrt, der Heurigenmusil
1166 3324 1744 3386 ein Sentiment, ein Schicksal.
232 3328 1140 3392 und der molligen Wienerwaldberge, durch die
1259 3363 2072 3423 Jeder von ihnen hat einmal seine Schla¬
235 3371 1136 3430 man, sacht zurückgelehnt, nach Klosterneuburg,
1170 3414 2080 3475 ger=Mizzi erlebt, ist wie der Auernheimsche
230 3417 1127 3483 zum Stelzer und Rodann oder nach Breiten
1168 3465 2084 3528 „Lebemann“ über die Wiener Leipziger=Straße
249 3466 1142 3521 urth hinausstrebt. Bei Kottingbrunn, wo im
1173 3508 2068 3563 in Mariahilf einem Hutkarton samt zugehö¬
229 3503 1145 3584 Sommer nach dem Derby die mondänen Ren¬
1175 3556 2072 3607 rigem „Süßen Mädl“ nachgestiegen und man¬
230 3558 1139 3623 nen gelaufen werden, endet die Welt, in der
1167 3608 2072 3660 cher hat in einer frühen Herbstnacht ohne töt¬
231 3609 1133 3679 man sich wohlfühlt, wie ja überhaupt die Wie¬
1167 3650 2077 3714 lichen Ausgang im geschlossenen Wagen durch
226 3657 1134 3723 ner Gesellschaft sehr enge geographische Gren¬
1172 3699 2076 3750 dunkle Kastanienalleen eine Stunde mit einer
229 3706 1138 3769 zen hat. Sie liegen in der Erreichbarkeit einer
1173 3745 2080 3813 fremden Frau erlebt, wie der Schnißfersche
235 3756 1143 3819 Fialerfahrt. Und dann gibt es höchstens noch
2001 3806 2083 3853 die
1174 3791 2001 3853 Franz in „die Toten schweigen. Jawohl,
245 3795 1142 3868 in paar sehr exklusive Enelaven an den Seen
1173 3845 2079 3915 jungen Herren von Wien sind eine literarische
236 3846 1142 3909 des Salzkammergutes, in Gmunden, in Un¬
2136 257 2931 338 ##iiner Bölsen Zeiring, Bertin
2333 320 2730 401 Morgenausgabe
2353 437 2568 518 11067. 10
2556 544 2955 637 Vom Podium.
2276 609 3171 677 * Ein schlechter Wochenanfang: Hannah But
2296 664 3133 707 kus, die Mondäne unter den Rezitatorinnen,
2292 703 3166 749 ihrem Programm den Namen „Dichterimpressioniste
2295 743 3182 786 und versuchte so, ihren Kabarett=Tönen und Ba
2289 773 3186 823 Allüren ein literarisches Mäntelchen umzuhänge
2299 820 3107 860 Eine Rezitatorin ohne jegliche Sprachtechnik,
2291 855 3131 905 Seele, ohne Sinnlichkeit, nur ganz Verziertheit
2293 893 3189 946 gemimte Flach=Erotik, nur ganz konstruierte, nic
2291 936 3186 982 einmal raffinierte, sondern aufdringlich dummkoke
2290 969 3176 1024 Pikanterie. Daß sie sich an Dichtern vergriff, w
2291 1010 3183 1065 Schändung, daß sie effektsicher kreischenoe Kitsc
2291 1049 3181 1099 dichter (hie Anthos) sprach, ihr gemäß, doch unnöt
2327 1088 3185 1131 Besonders schmerzhaft macht sich eine derarti
2291 1121 3189 1173 Talmikunst, solch geschmackloses Dilettieren fühlbe
2289 1163 3183 1210 wenn man nicht lange vorher die reife, vornehn
2286 1201 3181 1250 Rezitationskunst Friedrich Moests wieder en
2288 1248 3181 1284 mal genießen durfte. Ein Arthur Schnitzle
2289 1279 3180 1328 Abend, den Moest gab, fordert gerädezu z##
2287 1318 3178 1364 regendem Vergleich mit dem vorjährigen Schnitzle
2285 1355 3176 1406 Abend Riemanns heraus. Festgestellt sei, daß Mos
2289 1392 3180 1437 Programm im Gegensatz zu Riemann dem tie
2291 1423 3179 1473 ernsten, melancholisch versonnenen, nicht dem b
3040 1466 3185 1515 Schnitzl
2288 1468 3035 1514 kannten Tändler und Salon=Strindberg
2290 1511 3181 1554 galt. Von starker äußerer und innerer Wirkun
2284 1545 3177 1587 war die heißatmige und doch im künstlerischen Au
2286 1581 3190 1633 bau so klug formulierte, so fesselnd zugespitzte N#
2286 1630 3199 1672 velle: „Die Toten schweigen“, von feiner, ein weni
2280 1655 3189 1708 grotesker Melancholke,  ein lebensphilosophische
2290 1704 3180 1761 Anatol=Lächeln verklingend „Der Tod des Jung
2285 1741 3157 1790 gesellen: In Schnitzlers „Ehrentag gelang
2282 1773 3180 1823 Moest nicht so ganz, so gelend, wie vorjähr
2280 1813 3194 1856 Riemann, das Tieftragische herauszubringen. Rein
2288 1852 3192 1905 komische Sitnationen dieser Novelle traten plastische
2286 1888 3193 1940 hervor. Des Vortragsmeisters allbekannte Fein
2285 1929 3181 1976 ziselierung der Form und Urbelebung des Stoff
2283 1957 3186 2007 beherrschten wieder einmal jede Seelenschattierun
2292 2002 2854 2051 und Klangnuance der Dichtung.
2284 2041 2560 2090 —
2108 2156 3017 2220 Figur, die man nach dem Sprachschatz der älte¬
2114 2209 3030 2274 ren Dramaturgie „eine stehende“ nennen
2110 2246 3028 2308 könnte. Weniger Charakter, als vielmehr ein
2104 2290 3014 2359 Typ. Sehr jung, sehr elegant mit einem leich¬
2102 2344 3015 2411 ten Ansatz zu Schwermut und Schmerbauch
2109 2413 3017 2458 und von sachten Melancholien der Vergänglich¬
2110 2445 3016 2502 keitsduft sind in der Wurzel ihres Wesens das¬
2117 2494 3014 2564 elbe, denn ehe das dritte Derby im dritten
2108 2548 3016 2603 Jahre unten in der Freudenau gelaufen ist,
2106 2596 3011 2660 heiratet man doch, just in dem Zeitpunkt,
2111 2643 3020 2697 in dem man in seine Körperfülle kommt. Und
2101 2684 3019 2739 das ist bald, so bald, denn vor der noblen
2107 2740 3017 2796 Trainiertheit des Leibes hat der junge Herr
2103 2784 3014 2835 von Wien eine behäbige Scheu. Man kennt den
2106 2834 3018 2896 Sport mehr vom Zuschauerraum. Und wenn
2101 2890 3018 2939 einen die Ehe trifft, rückt man halt vom Sat¬
2107 2933 3015 2987 telraum in der Freudenau hinauf in die Logen
2109 2968 3021 3030 oder beim Stelzer, dem Gasthof nahe dem
2110 3029 3022 3093 Jesuitenstift, aus den kleinen rot=weißen und
2116 3079 3019 3129 ehr intim verhüllten Zelten des Parterres
2109 3117 3017 3172 an die offenen Tische auf der Terrasse. Es ist
2102 3168 3017 3235 der Aufstieg ins Offizielle, die Karriere ins
2111 3221 3022 3279 Legitime, und der junge Herr macht das selbst¬
2102 3264 2517 3329 verständlich auch mit.
2197 3313 3016 3378 Jeder von ihnen ist nämlich ein geborener
2118 3356 3004 3414 Fhemann und ein künftiger Papa. Die junger
2106 3410 3001 3462 Leute von Wien sind sehr solid. O, sie haber
2109 3453 3002 3518 schon ihre Späße und ihre extravaganten Lar
2111 3501 2987 3567 nen. So galt es bis vor nicht langer Ze
2111 3548 2976 3604 als schickster Zeitvertreib, an Winternachm
2112 3597 2976 3661 tagen in dem Ersten=Stock=Salon einer Kärt
2110 3651 2967 3714 nerstraßen=Konditorei kleine, rote, wunderv
2114 3699 2951 3760 glasierte Erdbeeren, das Stück zu einer Kro
2110 3745 2924 3798 an die Decke zu werfen, daß sie droben
2947 3720 3035 3824 1
2107 3791 2944 3857 klatschten und kleben blieben. Es gehört
2952 3816 2992 3869 7
2105 3835 2944 3917 diesem Plaisir immerhin einige Uebung
2685 3902 2820 3972 ——
2601 3937 2809 4038 1-K
