3276 4164
290 225 615 304 8. Die
641 234 1212 308 Toten schwei
1254 237 1361 310 en
448 612 932 699 Bohemia Nr. 328.
394 681 697 744 LARR LRTRRETEA I
397 723 1361 794 Rath ertheilt. Das Gespräch ist meisterhaft geführt!
400 762 1342 832 und bei allem Reichtbum der Pointen nicht äußerlich
398 809 1342 881 zugespitzt, sondern voll feeli cher Bewegung, die in dem
398 845 1343 924 Geständniß der vornehmen Dame, daß „sie lieben könnte.
406 915 1340 977 wie das Vorstad midchen, wenn sie den Muth dazu
406 944 1332 1020 hätte", ihren Höbepunct erreich: Schnitzler, dessen
407 1001 1336 1078 interessanter Kopf an Dandet erinnert. las vortrefflich;
401 1034 1349 1124 einsach, ruhig und doch mit der richtigen Vertheilung
408 1098 1340 1157 von Licht und Schatten; das Publicum nahm beide
407 1143 1329 1212 Darbietungen, die sein durchgebildete Novelle und daß
400 1193 1344 1269 Drama in der Nußschale, mit gespannter Aufmerk¬
407 1239 1343 1312 samkeit, lautem Beifall und aufrichtiger Dank¬
400 1303 627 1369 barkeit auf.
505 1300 1355 1416 #. Ballsdhämlie Murirdee von Hochschul¬
499 1483 1468 1570 die Bedeutung des Glnkokolls für den intermediären!
496 1545 987 1623 Stoffwechsel zugesprochen.
589 1594 1464 1682 4' Vorlesung Schnitzler. Am Donnerstag
497 1649 1468 1740 trat der Dichter Arthur Schnitzler vor das Prager
489 1706 1470 1775 Publicum und hielt im Spiegelsaale des „Deutschen¬
488 1750 1463 1832 Hauses“ zum Besten des „Vereines zur Unterstützung
496 1804 1461 1873 hilfsbedürftiger Taubstummer“ eine Vorlesung. Arthur
498 1851 1450 1912 Schnitzler ist gegenwärtig unter den jüngeren Dichtern,
483 1884 1456 1969 die in Wien thätig sind, derjenige, dessen Begabung die
492 1953 1462 2004 stärkste und tiefste zu sein scheint. Er zählt zu den
501 1998 1472 2060 Häuptern der Wiener Moderne. Nun ist bis heute von
489 2040 1471 2105 den Vertretern dieser Richtung viel mehr kritisirt als
497 2099 1465 2156 gedichtet worden, und von denen, die productiv sind
493 2145 1458 2226 haben wir viel Wunderlichkeiten und künstlichen Ueber
489 2195 1455 2252 schwang keunen gelernt, die keineswegs Vertrauen zu
485 2236 1465 2307 erwecken geeignet waren. Um so wohlthuender berührt
490 2281 1466 2355 es, daß aus dem Gewirre sich allmählich wirkliche
481 2336 1461 2406 Dichter herausbeben, die nicht reden, sondern bilden
491 2384 1465 2442 und sofort durch die That beweisen, was sie wollen
497 2428 1451 2486 Arthur Schnitzler war vielleicht der Erste, von dem das
495 2479 1455 2548 gelten konnte. Er hat freilich die Neigung zur Decadenz
485 2527 1464 2587 selbst deutlich genug herausgehoben. Aber seine Ge¬
486 2584 1460 2641 staltungskraft siegte wie jede echte Kraft, und seine An¬
478 2633 1462 2695 schauung kam aus dem Leben. Später hat er in seinem
476 2676 1454 2737 Drami „Liehelei“ sich auf das Gebiet der allgemeinen
489 2726 1459 2792 Menschlichkeit begeben, auf dem, wie Professor Stern
480 2777 1448 2820 erst jüngst in seinem Vortrag ausgeführt hat, alle tüch¬
491 2816 1459 2889 tigen Naturen trotz der verschiedenen theoretischen Aus¬
480 2870 1458 2915 gangspunkte endlich zusammentreffen. So hat der Verein
476 2923 1450 2980 etwas sehr Dankenswerthes unternommen, daß er uns
484 2954 1454 3020 dir persönliche Bekanntschaft des Dichters vermittelt hat.
480 3017 1450 3083 Schnitzler las seine Novelle: „Die Todten schweigen“
479 3070 1448 3125 und eine Scene aus „Anatole“. Man ist in den
480 3105 1462 3177 letzten Jahren davon abgegangen, sich die Dichtungen
466 3163 1454 3222 von berufsmäßigen Sprechern vortragen zu lassen, und
474 3203 1456 3264 hat es schätzen gelernt, den Dichter selbst als Inter¬
471 3259 1452 3315 preten zu hören. Sehr selten hat diese persönliche Be¬
487 3307 1451 3365 ziehung eine Enttänschung mit sich gebracht. In den
480 3356 1460 3396 weitaus meisten Fällen liest der Dichter zwar nicht
485 3392 1461 3465 kunstmäßig, aber schlicht und wahr, und Etwas von dem
478 3434 1450 3508 Gedanken, daß das Vorgelesene von dem Sprecher selbst
490 3497 1451 3553 erfunden und empfunden ist, gibt doch dem Zuhören
469 3548 1457 3624 einen besonderen Reiz. Schnitzler las mit größter Ein¬
1503 233 1897 327 box 1/6
1985 952 2189 1045 Seite 7.
1589 1069 2697 1160 fachheit und doch lebendig, und sein wohllautendes Zollan#
1596 1148 2704 1209 Organ kam ihm wesentlich zustatten. Die Novelle be=wird v
1583 1189 2540 1256 handelt ein eigenartiges Thema. Eine Frau, die ihrem
2556 1236 2695 1298 Woche
1588 1233 2532 1301 Gatten untren ist, macht mit ihrem Geliebten zur
1578 1296 2659 1364 Nachtzeit eine Spazierfahrt auf der Wiener Reichsstraße, über
1586 1322 2677 1405 Da schlägt der Wagen um und der Mann verunglüat. und d
1590 1377 2673 1456 Die Frau, die erst von dem Entsetzen über das Geschehene besteh###
1602 1429 2677 1498 tief erschüttert ist, wird von der größeren Angst gepackt, und di
1595 1475 2671 1545 daß sie entdeckt wird, und läßt den Todten allein. Der welche
1595 1524 2667 1599 Kutscher hat die Rettungsgesellschaft verständigt, und nisse
1590 1558 2679 1654 während der Wagen heranrasselt, eilt das Weib nachwein)
1586 1619 2669 1689 Hause, um ihr Geheimniß zu wahren. Die fesselnde etwatg¬
1597 1677 2659 1736 psychologische Schilderung ist der Hauptinhalt des wohl
1590 1712 2662 1784 düsteren Lebensbildes. Aus „Anatole“ wählte der Dichter gebung
1591 1767 2675 1841 die graciöse, in blitzenden Lichtern spielende Scene: nehmes
1601 1815 2660 1867 „Weihnachtseinkäufe“ die durch den persön= unter
1595 1868 2667 1931 lichen Vortrag besonders viel gewann. Die beiden des Vi
1591 1908 2664 1982 Dichtungen wurden von dem Publicum mit starkem Kron#
2364 1958 2697 2030 F. A. bas##
1591 1963 1973 2022 Beifall aufgenommen.
1679 2009 2660 2084 4% Volksthümliche Vorträge von Hoch=Umfre¬
1593 2056 2644 2117 schulprofessoren. Heute Samstag den 27. November nisse
1598 2113 2538 2171 sprechen in Brüx Prof. Dr. Christian Freih. v. Ehren¬
1589 2155 2665 2218 sels über „Die Wahrheit in der Kunst“, in Reichen=mühse
1584 2210 2643 2270 berg Prof. Dr. Josoph Neuwirh über „Albrecht und
1591 2251 2668 2312 Dürer“ (mit Benützung des Skioptikons), morgen Sonn= verbit
1588 2295 2668 2375 tag den 28. November in Budweis Prof. Dr. Adolph] Vorn
1582 2356 2651 2412 [Hauffen über „Das heutsche Volkslied in Oesterreich.“regen
1681 2394 2666 2451 4% Sterbefall. Vorgestern ist hier nach verbi
1598 2441 2654 2500 längerem Leiden die Hausmitbesitzerin Frl. Albina volle
1591 2485 2656 2544 Pleschner verschieden. Die große Zahl der den oder
1599 2538 2677 2608 besten Gesellschaftskreisen angehörigen Personen, die in Tage
1600 2591 2669 2664 dem bekannten Proksch'schen Musikinstitute Unterricht Woch
1594 2643 2651 2702 genommen haben, werden diese Trauerkunde mit auf¬# einme
2539 2677 2657 2750 wird
1582 2685 2535 2749 rrichtiger und inniger Theilnahme zur Kenntniß nehmen.
1592 2736 2648 2789 Frl. Pleschner wirkte durch eine lange Reihe von Jahren ben.
1588 2783 2651 2845 als Lehrerin an diesem Institute und hat sich wegen merk.
1588 2825 2642 2876 ihrer gediegenen Musikkenntnisse und ihrer liebens¬ Wir
1591 2876 2637 2943 würdigen Umgangsformen die Zuneigung aller Zöglinge mach
1586 2913 2645 2986 erworben. Diese Zuneigung kam vor einer Reihe von einli
1583 2974 2635 3039 Jahren, als Frl. Pleschner das Unglück hatte inzeit
1588 3021 2679 3090 Carolinenthal von einem scheugewordenen Stier schwer „An
1582 3051 2634 3143 verletzt zu werden, in zahlreichen Theilnahmsbeweisen Vor¬
1581 3121 2629 3189 zum Ausdruck. Ein Bruder der Verblichenen ist der wir
1571 3156 2679 3245 Stadtphysieus von Carlsbad Herr MlDr. Franz auf!
1609 3331 2659 3442 frager laablatt 27.Oo0 487+
