3228 4068
1453 196 1816 291 box 1/6
244 206 1294 303 8. Die Toten schweigen
1030 272 1067 312 —
548 847 1603 897 hat Verräter mich genannt und fast verrückt — und dennoch
552 886 1347 940 wiederhole ich und laut: ich bin Oesterreicher.
604 911 1596 969 Herr Bahr. Johannes Brahms, Ihr Doppelgänger, hat
544 955 1592 1001 bewiesen, daß ein Hamburger Wiener werden kann — warum
553 1001 1596 1051 verweigern Sies, zu uns zu zählen, und kommen als der
544 1036 703 1091 Fremde?
740 1049 1591 1123 junge Wiener — sind als Europäer Deutsche,
602 1076 692 1122 Wir
547 1114 1596 1162 der Pulsschlag Deutschlands hat von unserm Blute auch,
1534 1157 1581 1196 —
546 1152 1541 1199 und unsere Zukunft ist Europa. Wir — alte Wiener
554 1188 1597 1239 fühlen hinter uns ein Jahrtausend Welthistorie brennen, ohne
546 1230 1597 1277 rückwärts schauend zu erstarren wie Lots Weib, da sie auf
558 1265 1589 1323 Sodom sah. Denn das Feuer der Vergangenheit ist heilig
553 1304 954 1367 und wärmt unser Herz.
603 1332 1591 1387 Wir: das ist die erste Generation des neuen Oester¬
553 1384 1597 1428 reich — Verliebte in die Zukunft wie Bahr, Burckhard,
560 1419 1595 1469 Salten, Verliebte in die Vergangenheit wie Hofmannsthal,
561 1459 1592 1502 Beer=Hofmann ... sie alle eine Gemeinsamkeit: Wir; und
560 1494 1466 1553 deren künstlerische Verkörperung, Arthur Schuitzler
611 1547 1594 1597 Und Hermann Bahr las Schützter: „Die Töken schwei¬
553 1584 821 1638 gen“ Novelle.
608 1619 1596 1670 Wenn Bahr Schnitzler liest: Hinter dem Theater un¬
554 1656 1600 1712 serer Schmerzen steigen Schatten der Dämonen auf, die
548 1706 1597 1749 den Menschen in sein Schicksal stoßen. Letzte Dinge werden
553 1743 1591 1787 offenbar, und das Schweigen redet. Menschen kommen und
556 1781 1594 1831 agieren, Alltag ist in ihren Kleidern und in ihren Seelen:
551 1819 1595 1864 da beginnt ein Schimmern, das von Innen kommt, ihre
559 1860 1593 1905 Leiber werden transparent und alle Schleich= und Seelen¬
564 1897 1595 1954 vege scharf und mathematisch eingegraben in ihr offen¬
555 1935 812 1993 bartes Wesen.
612 1976 1600 2021 Es ist vollkommenste Durchdringung künstlerischer Ab¬
550 2054 1592 2101 der Stämmigere, ist es nicht, es reden ihm zuviel Sii# men
562 2103 1592 2139 und Gegenstimmen in sein Werk hinein: der Jurist und der
557 2132 1596 2182 Antijurist, der Hofrat und der Antihofrat, der Waldmensch
560 2168 1596 2219 und der Hauptstädter. Da hat er denn den Dialog gleich
1204 2214 1293 2262 —
1297 2205 1599 2259 Stimme, Gegen¬
558 2201 1199 2254 bei der Hand: „Besitz und Recht“
1549 2253 1602 2296 —
567 2241 1550 2292 stimme, punktum, fertig. Was mehr ist, ist vom Uebel
560 2280 1600 2335 bei Burckhard. Es war nicht gut getan, daß Bahr nach
562 2319 1598 2371 Schnitzler Berckhard las. Nach Schnitzler nicht. Es hätte
561 2359 1592 2422 den Abend;; fährden können, doch war er schon gewonnen.
617 2401 1597 2459 Hallo, in  indesland! Ein Vorgefecht ging verloren,
1073 2441 1594 2502 Eine Schlacht ward ge¬
555 2452 1070 2500 damals, im The =Theater.
563 2488 1603 2535 wonnen, gestern, in der Literarischen Gesellschaft. Und
559 2523 1601 2575 Hermann Bahr neigt sein Prophetenhauvt zum Dank.
553 2565 1600 2610 Seine Mähne tanzt nicht mehr in tausend Teufeleien, sein
566 2607 1594 2656 Bart strebt erdwärts, tiefer, tiefer. Die Schlachten sind
761 2648 819 2680 —
823 2649 1597 2692 und jeder hat sein Königreich: laßt uns
562 2641 752 2702 geschlagen
562 2679 1602 2730 regieren. Der Prophet wird Patriarch. Und bleibt jung.
1351 2721 1570 2794 L. Adelt.
735 2860 1438 2936 Honzert des Cäcilien-Vereins.
614 2929 1604 2995 Um den Abend auszufüllen, auch deshalb, weil ein Werk
556 2978 1606 3030 Mendelssohns (des Darmstädters) auszufallen hatte. ging
564 3025 1599 3068 der neuen Kantate etwas vom großen Bach voraus. Die
558 3058 1603 3106 Altrolle in dem Werk Arnold Mendelssohns zu studieren,
562 3097 1619 3162 hatte die Primadonna dieser Aufführung keine Neigung
2085 183 2147 270 62
2161 208 2481 295 vom 25 41 10
2167 277 2349 343 Setae
2420 405 2818 491 Hermann Bahr.
2211 486 3075 566 Ueber neuere Wiener Dichter
2157 529 3075 589 woltte Hermann Bahr in der Litera¬
2163 571 3077 632 rischen Gesellschaft am Montag im
2167 613 3075 664 Conventgarten sprechen, und man durfte ge¬
2168 644 3082 709 spannt sein, den vielgenannten Wiener Journa¬
2176 681 3079 745 listen, Kritiker und Dichter von sich und seinen
2822 724 3076 776 Deshalb war
2172 727 2791 793 Mitstrebenden reden zu hören.
2167 753 3081 822 eine große Zuhörerschaft erschienen. Der Ver¬
2176 797 3085 865 fasser der „neuen Menschen“ und der Kritiker
2165 838 3081 902 der „Moderne“ begann damit, daß er eine
2999 879 3089 923 jene
2169 881 2953 941 Novelle von Arthur Schnitzler vorlas,
2175 922 3080 976 Novelle von der jungen Frau und Mutter,
2911 954 3090 1004 — „Ge¬
2176 954 2910 1013 die bei einer Wagenfahrt mit dem
2168 995 3087 1051 liebten“ verunglückt, den zu Tode gestürzten
2176 1030 3084 1100 Mann auf der Landstraße einsam liegen läßt
2176 1069 3083 1136 und seige nach Hause flieht, um, wenn noch
2176 1116 3082 1172 möglich, ihren Ruf zu retten. Hermann Bahr
2177 1149 3090 1210 las vorzeglich. Die seelenquälerischen Schrecken
2183 1189 3087 1249 der jungen Frau durchlebten die Hörer mit
2176 1225 3089 1290 Bangen. Hätte Bahr nicht durchaus die ge¬
2175 1274 3099 1325 ängstigte Frauenstimme nachahmen wollen, und
2185 1318 3087 1366 wäre es dabei nicht öfter zu lächerlich wirken¬
2878 1343 3093 1395 wäre der
2790 1348 2870 1395 so
2183 1352 2736 1408 den Fisteltönen gekommen
2179 1391 3094 1444 packende Vortrag vollendet gewesen. Im An¬
3021 1419 3085 1464 der
2180 1427 2990 1486 schluß an diese Novelle sprach nun
3008 1459 3089 1507 das
2189 1461 2980 1521 temperamentvolle Hermann Bahr über
2957 1495 3099 1549 voll¬
2181 1497 2959 1559 neue künstlerische Oesterreich. Aus der
2184 1535 3094 1602 ständigen geistigen Abgeschlossenheit, so führte
2176 1574 3092 1632 der Redner aus, die seit dem dreißigjährigen
2179 1618 3086 1677 Kriege bis zu Kaiser Franz Joseph über
2182 1651 3095 1712 Oesterreich gelagert hatte, haftete ein ungeduldi¬
2179 1690 3099 1755 ges Drängen heraus, als die Schranken ge¬
2190 1729 3099 1797 fallen waren. Nun wollte man das Versäumte
2177 1773 3094 1837 nachholen, und sozusagen in einer Nacht die
2871 1806 3101 1860 einholen.
2187 1813 2873 1878 Geistesschritte von Jahrhunderten
2172 1850 3101 1906 Nach der erzwungenen langen Ausschaltung be¬
2159 1932 3073 1989 gann ein wilder Import fremder Geisteskultur.
2159 1975 3069 2033 Hier machte der geistreiche Verfasser der „Se¬
2155 2015 3070 2060 #ession“ einen Ausflug in das Gebiet des
2159 2054 3066 2103 Malerischen und Architektonischen, spottete über
2156 2093 3070 2143 den bunten Unfug der Architektur in der
2160 2136 3058 2179 Wiener Ringstraße und tadelte diesen „Bau¬
2156 2178 3070 2225 Jahrmarkt“ scharf. Wie in der Architektur
2159 2210 3071 2260 Olbrich, in der Musik Hugo Wolff, so brachten
2156 2249 3063 2301 Akthur Schnitzler, Hoffmannsthal, Felix Sal¬
2163 2287 3066 2337 ten, Hermann Bahr selber und andere ein
2152 2321 3070 2372 eigentliches österreichisches Leben und Weben in
2162 2363 3074 2410 die österreichische Literatur. Bahr schilderte höchst
2165 2407 3067 2451 fesselnd das Ringen derer um Schnitzler, wie sie
2158 2444 3072 2489 Ibsen, Nitzsche, Wagner, den Marxismus, die
2169 2483 3067 2534 reien Bühnen und vieles andere neue Leben
2158 2524 3073 2570 anstaunten; wie sie dabei die Sehnsucht hatten,
2159 2568 3074 2608 auch „europäisch“ und modern zu werden, und
2162 2602 3070 2645 wie sie doch nicht loskommen konnten von dem
2151 2626 3072 2683 lieben alten österreichischen Wesen. Mehr oder
2161 2669 3078 2724 weniger losgelöst von dem „österreichischen
2855 2709 3081 2760 in denen
2152 2708 2808 2768 Dilemma“ schufen sie nun Werke,
2152 2740 3071 2818 neuer Drang und modernes Leben pulsiert. Der
2162 2787 3077 2845 goldene Zauber des alten Oesterreich und die
2165 2822 3069 2880 Sehnsucht nach neuem Europäertum, so meinte
2157 2864 3077 2925 Hermann Bahr, dies zusammen gab „das
2166 2910 2407 2970 junge Wien“.
2249 2921 3077 2995 Nach diesem verbältnismäßig kurzem Vor¬
2156 2981 3088 3039 trage las Hermann Bahr eine drastische Ge¬
2166 3023 3079 3078 schichte von Max Burckhard, dem ehemaligen
2167 3050 3076 3114 Direktor des Wiener Burg=Theaters, der u. a.
2161 3098 3076 3155 Ibsen, Hauptmann und Schnitzlerin die ehr¬
2165 3133 3071 3193 würdige Burg eingeführt hat. Diese Geschichte,
2163 3171 3080 3236 die den Titel „Recht und Besitz“ führt, läuft
2172 3214 3069 3270 auf eine Lösung hinaus, die mit dem Sinn¬
2560 3257 3074 3304 Wenn Hermann Bahr
2167 3260 2558 3320 lichen bitter scherzt.
2822 3294 2942 3349 78
2975 3292 3076 3345 junge
2174 3293 2821 3353 vorhin auch nur andeutungsweise
2167 3326 3075 3388 Wien“ charakterisiert hatte, so hatte er es da¬
2167 3366 3081 3425 bei doch ganz unterlassen, einzugestehen, wie
2172 3409 3079 3468 viel das Erotische, das dreieckige Verhältnis
2166 3447 3072 3506 und die Untreue bei dem „jungen Wien“ aus¬
2172 3483 3083 3542 machen. Diese Unterlassung wurde nun durch
2172 3526 3077 3583 die beiden verlesenen Novellen vollauf wett¬
2449 3564 3070 3617 Der interessante Redner wurde
2172 3576 2451 3626 gemacht ....
2172 3602 3078 3658 durch lebhaften Beifall und durch Hervorruf
2910 3640 3058 3704 Bbch.
2171 3651 2419 3718 ausgezeichnet.
