3276 4068
1468 211 1810 297 box 1/6
867 216 1298 303 schweigen
251 220 861 300 8. Die Toten
540 581 1567 665 [Hermann Bahr über Arthur Schnitzler.] Herman
485 617 1567 704 Bahr sprach in Frankfurt über ##r. Oo
493 678 1563 729 auch: Arthur Schnitzler sprach durch Hermann Bahr. Richtige
501 711 1564 775 noch: die Wiener Freunde sprachen beide, zum Hörer bals
492 751 1567 822 bald miteinander. Und im Hintergrunde sah man Hugo Wor
491 792 1557 853 rasen, hörte Olbrich lachen, Hofmannsthal, da er sich n##
455 837 1561 898 1Loris naunte und die jungen Beer=Hoffmann und Salte
455 896 1531 976 mit Bahr und dem Dr. med. Schnitzler in dessen Empfangs¬
1599 920 2674 1012 Erlebnis: nicht nur Bahr über Schnitzler, sondern Oestyr¬
463 941 1541 1009 raum für imaginäre Patienten leidenschaftlich disputieren:
1588 968 2664 1041 reich sprechen zu hören. Und der Freien Litergri¬
452 983 1541 1042 Oesterreich sprach, das junge literarische Oesterreich. Und
1600 1004 2674 1095 schen Gesellschaft danken wir für dieses Erlebnis.
460 1015 1532 1086 Oesterreich bat: seht die Distanz zwischen euch und uns; wir
460 1053 1528 1125 sind Deutsche, doch Deutsche eigener Art, nicht Auchdeutsche
2570 1076 2644 1135 dt.—
459 1100 1533 1162 was euch in unseren Werken befremdet, beurteilt es mit der
445 1132 1538 1201 gleichen Vorsicht und Schonung, die ihr französischer oder eng¬
452 1171 1540 1239 lischer Eigenart angedeihen laßt. Wir haben eine andere, eine
2809 1196 2881 1262 3•0
456 1204 1536 1264 traurige Vergangenheit: zwei Jahrhunderte geistiger Unter¬
452 1243 1543 1317 drückung liegen hinter uns. Und nicht dies allein erschwert es
1792 1243 2207 1319 ßer geworden als früh.
450 1287 1537 1347 uns, gleichen Schritt mit Europa zu halten; auch die Liebe
446 1313 1535 1388 läßt uns manchmal zögern, die Liebe zu zärtlichen alten Din¬
449 1363 1537 1423 gen, von denen wir uns nicht trennen mögen. Die Ring¬
1810 1372 2888 1427 Gruß, und die peinliche Szene war zu Ende. In seinem
439 1391 1529 1464 straße gehört nicht zu diesen Dingen, Bahr klagte über sie
1793 1428 2899 1476 Kölner Hotel angelangt, richtete der Baron ein kurzes Tele¬
445 1435 1526 1493 als über ein Warenhaus aller Architektu.=Stile, das so gar
1796 1451 2890 1515 gramm an seinen kaiserlichen Schutzherrn, in dem
447 1470 1531 1538 nicht österreichisch, gar nicht wienerisch sei. (Bahr mag sich
1806 1490 2890 1544 er den üblen Empfang schilderte und um die Erlaubnis bat,
449 1505 1524 1578 trösten: wir empfinden die Friedrichstraße und den Kurfür¬
1797 1528 2901 1585 nach Saaralben zurückkehren zu dürfen, ohne sich den übrigen
445 1542 1525 1613 stendamm in Berlin oder auch Zeil und Kaiserstraße in Frank¬
1797 1570 2882 1623 Offizieren des Regiments vorgestellt zu haben. Anderthall
441 1585 1534 1644 furt nicht anders.) Aber in die Wiener Nacht führte der Red¬
1815 1606 2904 1662 Stunden später hatte er eine Depesche; darin hieß es: „Der
437 1626 1535 1683 ner seine Hörer hinaus, ließ die alte Karlskirche
1823 1657 2893 1703 ittmeister v. Schmid hat vorläufig in Köln zu bleiben und
445 1657 1445 1724 im Mondlicht vor ihren Augen aufsteigen und
1446 1679 1525 1728 es
1800 1691 2888 1747 eine mündliche Ordre S. M. zu erwarten.“ Und in der
443 1695 1438 1752 fast wie ein Drama sie miterleben, was die
1446 1716 1525 1764 jun¬
1810 1730 2899 1779 Tat; einer der nächsten Schnellzüge aus Berlin hatte einen
437 1740 875 1790 gen Wiener bewegte:
882 1750 1527 1807 hier wie hinter vergoldetem
1814 1765 2884 1823 Flügeladjutanten an Bord! Am nächsten Tag stellt
428 1778 1523 1839 Gitter der Zauber des Alten und drüben, flammend und
1797 1805 2889 1858 der Spezialgesandte des Kaisers den Herrn Baron de Schmid,
443 1810 1520 1872 leuchtend, die neue Zeit. Das Hangen am heimeligen Glück
1809 1842 2902 1894 immer in voller Uniform, dem — Oberstleutnant des
436 1852 1534 1916 ererbter Schönheit und das Bangen, die großen europäischen
1810 1888 2891 1938 Regiments vor. In der Nacht hatie nämlich der Oberststele¬
437 1886 919 1941 Bewegungen zu versäumen
921 1907 1524 1953 — diese beiden Grundgefühle be¬
1816 1928 2889 1976 graphisch den „blauen Brief“ erhalten. Eo kam es, daß der
439 1923 1523 1997 herrschen Jung=Wien, beherrschen mit gleichmäßiger Stärke
1800 1973 2894 2017 Herr Oberst zur selben Stunde, als sein schweinezüchtender
435 1969 1518 2032 vor allen Arthur Schnitzler, und Schnitzler ist über dies
1807 2008 2870 2065 Rittmeister aufs neue den Stahlhelm aufstülpte, daran gin
440 2003 1522 2063 Dilemma nie hinausgekommen. Gegensätze solcher Art in¬
1824 2043 2398 2091 ich einen Zylinder einzuhandeln.
438 2048 1521 2105 einanderklingen zu lassen, ist gerade seine eigenste Kunst. Er
1862 2071 2889 2135 d [Berliner Porzellan=Anktion.] Aus Berlin wird
436 2080 1512 2142 ist zugleich der literarische Journalist, der mit dem Rüstzeug
431 2119 1520 2185 der Moderne für oder gegen seine Zeit kämpft, und er ist
1799 2133 2882 2175 uns unterm 5. ds. gemeldet: Bei der Auktion der Sammlung
416 2155 1522 2220 der Träumer, der die Sehnsucht nach dem Glanz der Wiener
1800 2167 2887 2225 Emden, über deren Beginn wir berichtet haben, sind auch
426 2192 1512 2253 Luft, nach dem Zauber des Wiener Waldes nimmer über
1804 2201 2726 2249 sehr hohe Preise für Porzellan erzielt worden.
420 2234 1522 2296 windet. In einem Aufsatz, halb Kritik, halb Brief, den er
1815 2236 2900 2286 Abteilung „Meißen“ kam eine Folge von vier Gruppen der
1817 2276 2899 2325 seltteile von J. Kaendler auf 5000 Mk., vier Leüchter
420 2272 1511 2339 nach der Aufführung des Schnitzterschen „Puppenspie¬
1825 2309 2906 2356 # den Gruppen der Jahreszeiten (Kaendlerschule) brachten
424 2309 1517 2375 lers“ geschrieben, hat Bahr diese geistige Struktur seines
1839 2349 2894 2406 050 Mk., eine große Figur, Konig August III. als Freimaurer
422 2351 1520 2415 Freundes besonders glücklich gezeichnet; deshalb las er ihn
1811 2391 2897 2437 darstellend, 3150 Mk., eine große Krinolingruppe: König
424 2389 1513 2448 vor. Sonst sprach er frei, selbstsicher und geistreich. In ihm
1810 2432 2895 2476 August III., die Gräfin Brühl an der Hand führend — ein
428 2424 1516 2490 ist der literarische Journalist, der Vorwärtsschauende stärker
1813 2464 2903 2519 berühmtes Modell von Kaendler — 6100 Mk. Sehr be¬
423 2467 1509 2523 als der Träumer entwickelt. Früher glich er, in Gebärde und
1811 2503 2899 2553 merkenswerte Preise wurden dann auch nachmittags für her¬
420 2509 1508 2563 — Bart, modernen Franzosen; jetzt hat er etwas vom An¬
1812 2548 2889 2590 vorragende Stücke aus den süddeutschen Manufakturen
419 2537 1510 2605 dreas Hofer=Typus, aber seine helle, scharf akzentuierende
1803 2577 2904 2634 Frankenthal, Höchst und Ludwigsburg gezahlt
424 2579 1514 2642 Stimme verrät sofort den Mann, in dem der Geist das Ge¬
1806 2620 2890 2668 So kamen zwei Frankenthal=Figuren mit der Marke des Josept
421 2617 1509 2684 fühl beherrscht. Und die Beredsamkeit seiner linken Hand
1804 2656 2830 2699 Adam Hannong für 3400 Mk. unter den Hammer
415 2661 1512 2722 zeugt dazu von jener „seelischen Elegance“, die der Wiener
1809 2688 2894 2745 ein Frankfurter Händler hat sie erstanden — und
414 2693 1509 2774 von den Schauspielern des alten Burgtheaters gelernt hat;
1819 2724 2898 2780 zwei große Gruppen aus der Manufaktur Höchst (Marke:
429 2733 1491 2794 die Hände des Herrn Hartmann sind in all seinen Stücken,
1807 2772 2889 2819 Blaues Rad unter Glasur) gingen in den Besitz desselben
417 2776 1502 2832 meinte Bahr selbst von Schnitzler. Aber er schloß mit dem
1813 2804 2870 2853 Frankfurter Händlers für 6100 Mt. über; für andere Stü¬
420 2804 1502 2873 Wunsche, daß der Autor des „Wegs ins Freie“ immer wil¬
1807 2851 2909 2892 dieser Manufaktur zahlte man 1500, 2400 und 2900 Mk. Unter
424 2845 1509 2906 liger dem „Rufe des Lebens“ folgen möge. Man hatte
1821 2883 2891 2927 den Ludwigsburger Exemplaren erzielte eine Gruppe von dre
409 2883 1508 2943 von dem Vortragenden vielleicht mehr Literatur=Unterricht er¬
1811 2918 2903 2973 Männern, die um einen Tisch herumstehen und Würfel spielen,
422 2922 1506 2988 wartet und gehofft, mit einem Dutzend fertiger Urteile über
1814 2963 2895 3004 den höchsten Preis. Dieses Stück wandert für 5000 Mk. gleich¬
422 2958 1506 3023 Schnitzlers Werke heimgehen zu können; der Applaus der
1822 2991 2898 3041 falls nach Frankfurt. Lebhaft gestaltete sich schließlich am
416 2995 1505 3065 überaus großen Zuhörerschaft bewies, daß man trotzdem nicht
1820 3030 2906 3085 Abend die Versteigerung Alt=Kopenhagener Porzellans
404 3032 1505 3110 enttäuscht war. Uns wenigstens war es gerade das besondere
1808 3070 2904 3116 das selten auf dem Markt zu haben ist. Fünfzehn Stücke diesen
1804 3107 2883 3163 Manufaktur (Marke: Drei Wellenlinien in Blau unter Glasur
1813 3147 2602 3212 erreichten zusammen etwas über 4800 Mk.
1874 3167 2907 3230 (Hermann Bahr über Arthur Schnitzler.] Hermans
1811 3220 2894 3272 Bahr sprach in Frankfurt neer. Oder
1797 3265 2900 3307 auch: Axthur Schnitzler sprach durch Hermann Bahr. Richtige:
1814 3296 2887 3347 noch: dis Wiener Freunde sprachen beide, zum Hörer bald
1805 3335 2887 3384 bald miteinander. Und im Hintergrunde sah man Hugo Wol
2824 3370 2891 3417 nod
1816 3381 2825 3421 rasen, hörte Olbrich lachen, Hofmannsthal, da er sich
1793 3410 2890 3479 Laris nannte und die jungen Veer=Hoffmann und Salte
2053 3459 2855 3569 h42  o4-
