3228 4068
216 133 1269 209 8. Die Toten schweigen
1426 133 1774 225 box 1/6
534 624 647 689 658
1305 620 2212 703 — Schweizer Srauenheim. —
538 752 1739 820 ungen umgeben sah und zu seinem großen Schmerz sein viel¬
1853 743 3002 812 Erna stimmte in ihr Lachen ein. Sie war bei ihrer
555 806 1745 860 geliebtes Wien seinem „Schleier der Beatrice“ die wohlver¬
1787 808 2989 872 Tätigkeit zeitweise so froh und ihr Herz so leicht, daß sie sich
548 857 1742 903 diente Aufnahme verweigerte. Und doch ist Schnitzler ein
1781 859 2983 913 selbst einen schmerzhaften Vorwurf daraus machte. Wie konnte
548 903 1745 956 Wiener, er fußt wie alle Österreicher überhaupt dem Herzen und
1779 910 2984 964 sie trotz allen Erlebens noch diese Freude am Dasein haben!
547 945 1750 1014 Gemüte nach auf seinem gemütlichen Heimatboden. Doch sein
1783 957 2991 1011 Aber es kamen auch noch Zeiten, in denen sie sich am liebsten
541 1000 1750 1053 Temperament und sein Verstand schreiten mit dem Neuen
1783 1010 2983 1065 verborgen und jedes Menschengesicht vermieden hätte. Dann
541 1044 1743 1102 fort und seine Werke schildern den Wiener, wie er ihn nicht
1785 1056 2983 1110 zwang sie nur die übernommene Pflicht zur Teilnahme und
542 1096 1744 1152 liebt. Er hätte ein Virituose wienerischer Zierlichkeit und
1777 1101 2981 1157 half ihr über die Verdüsterung des Gemüts segensreich fort.
541 1143 1742 1200 Zärtlichkeit sein können, doch dies hat ihm nicht genügt. Er
1850 1153 2987 1214 Als die Tante den guten Einfluß dieser Beschäftigung
553 1197 1516 1261 fühlte sich höherer Aufgaben fähig und würdig.
1779 1196 2986 1253 bemerkte, war sie sehr damit einverstanden, nur als der nasse,
1785 1250 2993 1301 trübe Vorfrühling ein paar ansteckende Krankheiten brachte,
619 1244 1743 1301 Hermann Bahr machte uns mit der feingemodelten No¬
547 1292 1740 1351 velle Arthur Schnitzlers „Die Toten schweigen“ bekannt, ein
1781 1298 2983 1351 legte sie ihr Veto ein, und Erna wäre vielleicht auch sonst
549 1342 1285 1394 modernes Fühlen im Renaissancestil.
1785 1345 2989 1396 nicht zu diesen Kranken gegangen. Sie scheute sich doch.
1777 1393 2979 1444 Gertrud verlor darüber kein Wort, sie war hier und dort und
619 1397 1739 1463 An diesem literarischen Abend lernten wir zwei Jung¬
1776 1442 2984 1497 bei den gefährlichsten Fällen natürlich am meisten. Das
540 1442 1746 1501 Österreicher kennen, Arthur Schnitzler, den Dichter der „Ana¬
1785 1489 2994 1537 Sterben war denn auch sehr gering und mancher schmerzvolle
542 1495 1749 1547 tolischen Szenen; der „Lebendigen Stunden; des „Ruf des
1777 1540 2991 1600 Seufzer war um ihretwillen weniger zum Himmel gestiegen.
545 1538 1739 1594 Lebens“. Und ebenso interessant war uns der Vortragende
539 1589 1744 1649 selbst, Hermann Bahr, der Dramatiker und geistvolle Kritiker,
2255 1604 2495 1667 22. Kapitel.
542 1637 1121 1690 der Verfasser des „Krampus
1842 1654 2979 1721 In Schloß Miltitz fing das Leben an wieder etwas heller
607 1685 1254 1745 Ein Schaffender sprach über den
1272 1684 1744 1756 Schaffenden, ein Freund
1772 1708 2980 1762 zu werden. Die Besuche kamen häufiger und allerlei Ein¬
533 1721 1044 1798 über den Gleichbeseelten.
1611 1744 1706 1799 H. C.
1775 1759 2986 1807 ladungen flogen ins Haus. Erna war wenig dafür zu haben.
1847 1812 2975 1866 „Heute muß ich in die Kleinkinderschule,“ sagte sie wohl,
1774 1864 2985 1920 oder: „Heute erwartet mich Frau Steinert, der muß ich vor¬
1773 1904 1894 1963 lesen.
1843 1949 2983 2008 „Wie ihr den Menschen das Haus stürmt,“ rief die Tante
723 1953 1570 2052 Lebenswerte. 88—.
1776 1997 2980 2053 verdrießlich. „Die tun nur so, als ob sie das freut. Ueber¬
847 2041 1449 2108 Roman von A. v. Auerswald.
1779 2051 2985 2115 haupt scheint mir doch, daß deine neue Beschäftigung sich mit
1776 2095 2645 2151 der Geselligkeit nicht vertragen wird, Erna.
574 2101 631 2155 21
1428 2090 1713 2185 Nächdruck verboten.)
611 2185 1740 2244 Frau von Miltitz wußte von den Wellblechs nur Gutes
1789 2194 2977 2249 agte Erna. „Laß mich meinen Weg gehen, Tantchen. Ich
535 2236 1736 2289 und gab infolge dessen der Laune ihrer Nichte nach. Für
1777 2242 2983 2298 bin über das Alter hinaus, in dem man darin seine Be¬
532 2279 1744 2347 diese aber begann ein neues Leben, und die Tätigkeit gab
1788 2279 2132 2353 riedigung findet.
526 2327 1745 2391 ihr eine Spannkraft, die ihr bisher gefehlt hatte. Dabei
1852 2334 2994 2398 „Es greift aber an,“ meinte Frau von Miltitz. „Du hast
2134 2387 2172 2416 5
1835 2379 2109 2425 F v
2172 2392 2224 2416 —
2191 2437 3122 2510 Körper des Maunes, auf sein lebloses Gesicht, wie
1211 2458 2144 2518 als Dank entgegen. Man schied mit einem angenehnen
512 2451 903 2525 tdie
360 2466 498 2541 e
2191 2503 3123 2556 dann nachher dieses Licht von der zurückbleibenden
1220 2510 2137 2555 (nach Vorträgen durchaus nicht selbstverständlichen)
574 2497 892 2592 Feuilleton.
2187 2548 3116 2601 Frau als ein tröstender Gesellschafter in ihrer furcht¬
949 2515 1113 2611 7¼
1226 2551 2143 2599 Glücksgefühl. Und der ganze Abend war musikfrei,
2191 2598 3117 2646 baren Einsamkeit empfunden wird, und wie sie dann
1229 2601 2142 2661 rein und unvermischt literarisch; es war eine wahre
453 2595 1125 2691 Der Bahr=Schnitzler=Abend. 29
2191 2629 3125 2692 doch, als sie sich zur Fluckt entschlossen, dieses freund¬
1224 2636 1374 2694 Wohltat.
2195 2675 3121 2731 liche Licht zum Erlöschen bringt — es ist, als ob noch¬
1280 2673 2149 2731 Ohne besondere rezitatorische Kunst, einfach=natür¬
258 2668 1178 2742 8 Der zweite dee „Abende für Literatur und Kunst
2199 2711 3122 2774 mals die Nacht des Todes hereinbreche. Und voll
1232 2717 2146 2777 lich und lebendig las Bahr die Novelle Arthur
249 2706 1182 2792 #ose sich diese Veranstaltungen des Lesezirkels Hottingen
2196 2768 3121 2821 stiller Größe der Schluß: wie sie stumm aus dem
1222 2771 2153 2818 Schnitzlers vor. Ihr Inhalt: Eine tragisch endende
267 2773 1187 2822 jetzt vohnehm uennen, brachte am 9. November Hermann
2184 2810 3118 2863 Zimmer schreitet, vom richtenden Blick des Gatten
1224 2814 2146 2867 Praterfahrt einer Verheirateten mit ihrem Liebhaber
257 2822 1182 2863 Bahr auf die zimmermäßig ausgestaltete, mit einem
1229 2872 1266 2903 —
1276 2853 2150 2902 der Wagen geht in die Brüche, er bleibt tot liegen,
2189 2860 3111 2913 gefolgt, innerlich beruhigt und gefaßt allem gegenüber,
252 2858 1180 2914 Beethovenbild und einem schlechtgefüllten Bücherkasten
1228 2895 2146 2950 sie ist unverletzt. Es ist dunkle Nacht. Der Kutscher
2201 2900 2799 2955 was nun ihrer Beichte folgen wird.
255 2904 1189 2950 versehene Bühne des kleinen Tonhallesaals. Man
2247 2922 3124 2994 Und nun die literarische Plauderei Bahrs, der
1223 2941 2148 2991 geht nach Hilfeleistung aus. Die Frau ist allein bei
261 2946 1184 3002 nöchte sagen: gleich mit den ersten Worten hat sich
1223 2979 2157 3033 dem Toten. Wie, wenn man sie bei ihm findet?
2190 2977 3125 3035 freilich das Referat das Beste raubt: den versön ichen
261 2984 1184 3042 Bahr die Sympathie seiner erfreulich zahlreichen Hörer
2200 3028 3113 3082 Ton. Nicht eine kritische Beurteilung Schnitzlers möge
1231 3021 2141 3081 Dann ist sie bloßgestellt und der Skandal perfekt.
255 3036 1177 3084 gewonnen. Der Fünfundvierzigjährige sah so erstaunlich
1225 3069 2147 3115 Sie beschließt, den Toten seinem Schicksal zu über¬
2201 3068 3124 3121 man von ihm erwarten. Dazu siehe er dem Mann zu
262 3081 1179 3131 Brahmsisch aus mit seinen graumelierten Haaren
1233 3115 2150 3166 lassen und sich heimlich davonzumachen. Dann weiß
2190 3112 3125 3168 nahe und zudem: objektive Urteile in ästhetischen
256 3119 1178 3168 (einer prachtvollen Mähne und einem weich herab¬
2200 3156 3119 3210 Dingen seien überhaupt nicht möglich. Auch auf Daten
1223 3155 2145 3208 niemand um die Sache, denn der Kutscher wird die
259 3161 1181 3214 fließenden schmalen Barte), und dabei blitzten seine
2193 3205 3112 3261 verzichte er; was in jedem Lexikon zu finden ist,
1232 3202 2146 3250 Verschleierte niemals wieder erkennen. Sie tut so.
265 3207 1182 3254 dunklen Augen so jugendlich, und der österreichische
2190 3246 3115 3293 braucht man nicht erst noch zu berichten. Darauf
1236 3246 2149 3295 Unbemerkt kommt sie nach Hause. Ihr Gatte kehrt
257 3253 1183 3298 Dialekt färbte so warm und gemütlich sein Hochdeutsch,
2192 3291 3116 3343 kommt es dem Redner an, den Autor verständlich zu
1231 3282 2142 3339 heim. Alle Gefahr scheint beseitigt zu sein. Da ge¬
266 3294 1175 3342 daß dieser Mann einem gleich ordentlich lieb wurde.
2189 3333 3122 3387 machen, seine Geistesdisposition, die geistige Weltgegend
1240 3334 2150 3387 schieht, woran sie nicht gedacht hat: die furchtbare
257 3339 1186 3391 Er teilte zunächst mit, daß er das Programm um¬
2195 3373 3123 3428 gleichsam zu schildern, der er entstammt. Selbst die
1233 3373 2146 3421 Aufregung verwirrt ihr nachträglich die Sinne, und
256 3376 1178 3432 drehen werde: erst die Novelle Schnitzlers, dann das,
2191 3425 3112 3468 größten Künstler sind das Endwort einer langen
1230 3417 2153 3466 ihr Mund spricht unbewußt die Worte „die Toten
259 3421 1181 3474 was er über Schnitzler vorbringen wolle; er sei dann
2199 3464 3121 3514 nationalen Entwicklung, der Mund ihres Volkes.
1232 3465 2145 3517 schweigen“ — sie hat sich selbst verraten. Aber mit
260 3466 1179 3518 sicher, in der Oekonomie der Zeit nicht irre zu gehen.
2194 3502 3111 3550 Schnitzlers eigentliche Bedeutung erblicken wir in
1223 3503 2145 3556 dem vollen Geständnis kommt auch eine tiefe Ruhe
267 3508 1174 3561 So las er denn die Novelle „Die Toten schweigen“
2187 3544 3115 3595 Oesterreich darin, daß er der Mund einer ganzen
1226 3548 1374 3601 über sie
1370 3562 1458 3603 *
256 3549 1179 3610 vor, bis gegen neun Uhr, machte dann eine Pause,
2196 3589 3112 3638 neuen Generation geworden ist, daß er so reich
1285 3567 2149 3643 Mit der geübten Hand des Künstlers legt das
265 3602 1191 3650 und um 9½ Uhr hatte seine Causerie über Schnitzler
2197 3634 3109 3684 kein anderer seiner Zeitgenossen das geistige Oesterreich
1234 3624 2152 3688 Schnitzler auseinander, sicher sind die Akzente gesetzt
265 3633 1190 3687 ihren Abschluß erreicht. Das größte Lob, das man
2192 3674 3120 3745 der Gegenwarr repräsentiert und zum Ausdrucke
1231 3679 2153 3735 (hin und wieder nur etwas gar zu klug berechnet),
256 3681 1181 3738 Bahr zu spenden wüßte, ist, daß man ihm gerne noch
1222 3729 2147 3775 und an ergreifenden Partien fehlt es nicht. Wunder¬
259 3731 1185 3779 eine weitere halbe Stunde zugehört hätte, so frisch und
2250 3741 3111 3813 Es ist zunächst von dem harten, dumpfen Geschicke
1229 3766 2156 3814 voll vor allem die Stelle, wie nach dem Unfall das
259 3763 1181 3817 herzlich und formschön sprach er, ganz ungezwungen
2187 3803 3113 3859 zu sprechen, das jahrhundertelang auf Oesterreich lag.
1224 3812 2148 3863 Licht von der Laterne des Kutschers langsam weiter¬
2191 3850 3122 3909 Nicht nur den Protestantismus, sondern alles geistige
1224 3860 2146 3917 gleitet über den Boden hin, auf den starr daliegenden
255 3843 1192 3903 meisternd und formend. Der wärmste Beifall klang ihm
