3228 4164
578 221 841 308 Toten
851 232 1313 318 schweigen
227 223 1309 345 8. Die atan Schhuigen
1364 240 1850 354 box 1/6
1033 850 1216 929 Seite 7
1963 871 2502 950 27. November 1897.
1921 913 1986 984 —
2426 939 2520 1002 anmin
524 948 666 1024 dore
1603 966 2519 1048 Liebenden treffen einander in der Gegend des Prats
524 1007 657 1070 reich
1606 1024 2538 1094 sterns und irren mit der Unruhe, die solchen Zusich
745 1003 1512 1120 Local- und Provinzial-Chronik.
526 1057 662 1113 ande
1611 1073 2538 1147 menkünften anhaftet, zu Fuß und zu Wagen im Prats
515 1101 657 1171 Vor¬
734 1090 1598 1173 ###.* Die kaum glaublichen Vorgänge im
1601 1115 2546 1194 und in den entlegenen einsamen Stadttheilen umher
518 1141 664 1209 Mo¬
656 1152 1597 1219 österreichischen Abgeordnetenhause nahmen gestern wie¬
1600 1172 2555 1259 Zuletzt fahren sie ein Stück Weges auf der Reichs=
546 1183 665 1265 sich
651 1191 1598 1273 der das allgemeine Interesse in einer Weise in An¬
1593 1220 2547 1296 straße, die an der Donau gegen Norden führt. Der
545 1238 660 1307 un¬
652 1247 1596 1308 spruch, daß die Verkaufsuellen der Zeitungen förmlich
1599 1262 2556 1347 halbbetrunkene Kutscher fährt an einem Schotterhausen
560 1299 1601 1351 zu  gestürmt wurden. Die Extra=Beilage der „Bo¬
1594 1310 2561 1378 an, der Wagen stürzt, und das Liebespaar wird auf
512 1340 654 1403 Vor¬
652 1350 1601 1409 hemia“, in welcher wir wenigstens unsern Prager
1598 1351 2566 1442 die Straße geworfen. Die Frau erwacht im Dunkel
503 1386 654 1453 rische
649 1398 1593 1462 Lesern Nachmittags einen umnfassenden Draht=Bericht
1593 1408 2553 1473 aus ihrer Ohnmacht und erk unt beim Schein der
504 1438 646 1489 m die
656 1440 1592 1502 über den neuesten parlamentarischen Sturm bringen
1603 1450 2547 1523 Wagenlaterne, die der Kutscher jetzt erst anzündet, die
492 1469 594 1542 uch
649 1486 1595 1554 konnten, war im Nu vergriffen. Der Eindruck, den
1603 1504 2547 1571 Sitnation. Der Geliebte, aus dessen Schläfe Blut
498 1527 649 1612 ssane¬
649 1539 1598 1608 das in der Erinnerung unverlöschbare jämmerliche
1601 1546 2547 1617 rieselt, liegt leblos da und starrt sie mit gebrochenen
645 1587 1597 1636 Verhalten der jungeechischen Abgeordneten in dieser
1597 1590 2546 1674 Augen an; sie bettet sein Haupt in ihren Schoß und
655 1629 1591 1697 parlamentarischen Katastrophe weithin erweckt, scheint
1597 1630 2539 1708 fühlt den Hauch des Todes in ihrer Nähe. Nach kur¬
489 1676 1589 1743 se war] sich nicht auf die deuische Bevöllerung zu beschränken.
1584 1693 2538 1773 zer Berathung mit dem Kutscher schickt sie diesen in
471 1726 1584 1773 eimische] Wenigstens ist uns bisher von irgendwelcher Begeiste¬
1591 1742 2530 1789 den nächsten, vom Centrum weitabliegenden St#ttbeil
475 1759 640 1830 # öster¬
644 1773 1586 1847 rung der cechischen Kreise für dieses Vorgehen ihrer
1588 1785 2532 1853 bamit er die Rettungsgesellschaft durch das Telephon
645 1809 1354 1877 Volksvertreter nichts bekannt geworden.
458 1806 651 1894 (günstige
1585 1834 2544 1900 herauruse. In der nächtlichen Einsamkeit der Land¬
698 1857 1591 1926 ** Sterbefälle. Gestern Früh ist hier der
1590 1868 2537 1947 straße überkommt sie erst das Grauen vor dem Leb¬
456 1889 1582 1978 ung des 1 k. u. k. Hof= und Kammerlieferant Herr Wenzel
1587 1922 2534 1998 losen, dann die Angst vor der Schande, der sie ent¬
461 1968 1582 2019 ank be¬ Suchy, gewesenes Mitglied des Prager Stadtverord¬
1591 1960 2540 2056 gegensieht. Ein unwideesteblicher Drang, sich selbst zu
459 2015 1587 2074 Metall= netencollegiums, gewesener erster Vorstand der Prager
1584 2026 2543 2098 reiten und zu bergen, bemächtigt sich ihrer feigen
443 2054 1587 2129 che um vereinigten Schuhmacher=Genossenschaft, im 69. Lebens¬
1583 2066 2543 2153 Seele. Sie läßt den Todten oder vermeintlich Todten
447 2096 642 2172 ind die
640 2104 1579 2172 jahre gestorben. Das Leichenbegängniß findet morgen
1577 2103 2531 2178 auf den Boden hinabgleiten und eilt davon, in fieber¬
639 2150 1582 2233 Sonntag, den 28. d. um 3 Uhr Nachm. von der St.
438 2138 636 2235 1 Mark
1586 2169 2535 2235 bafter Hast, schen und doch mit gespielter Sicherheit,
643 2187 1086 2269 Peterskircht aus statt.
1580 2204 2534 2287 aufhorchend auf alles Lebende, das ihr entgegenkommt,
703 2245 1588 2311 Gleichfalls gestern ist in Smichow Frau Louise
439 2224 633 2313 Zureau“
1583 2253 2537 2337 und zugleich bemüht, ihre furchtbare Erregung zu ver¬
638 2286 1577 2358 Hantschel geb. Palm, Gemalin des k. u. k. Regi¬
443 2284 634 2371 #in nach
1586 2310 2540 2382 bergen. Sie schämt sich ihres Egoismus, sie möchte
447 2337 540 2397 an
640 2332 1584 2409 mentsarztes Herrn Mll Dr. F. Hautschel, im 48. Le¬
530 2346 634 2402 der
1585 2347 2532 2411 sich gerne weiche Gefühle für den Geliebten, Mitleid
635 2389 1579 2442 beusjahre gestorben. Die Leiche wird morgen Sonn¬
452 2378 637 2455 ster den
1587 2404 2528 2473 mit dem stillen Manne da draußn auf der Landstr ße
435 2433 636 2507 mmenen
635 2428 1579 2498 tag, den 28. d. um 2 Uhr Nachmittags in der St.
1584 2443 2539 2523 vortäuschen; vergeblich — der Selbsterhaltungstrieb,
482 2487 649 2544 wozu
638 2484 1577 2556 Wenzels Basilika zu Smichow eingesegnet, nach Leipa
1585 2502 2524 2573 die Stimmung des fliehenden Libeltbäters, die Eigen¬
466 2517 1587 2606 Regie= überführt und dort übermorgen, Montag, den 29. J.
1575 2542 2540 2621 liebe, die das ganze Wesen anspannt, beben
444 2585 1588 2665 rklären, um 9 Uhr Nachm. von der Friedhofscapelle aus zu
1580 2588 2532 2659 von ihr Besitz genommen. So erreicht sie die
445 2610 1104 2713 ei Mit= Grabe getragen werden.
1577 2635 2531 2703 Stadt, benützt mit dem Instinkt des Verbrechers, der
720 2672 2523 2755 #* Sterbefall. In Bielitz verschied gestern im die Spuren seiner Wege verwischt, zwei Fiaker, von
439 2704 633 2805 hm den
631 2702 2524 2801 Alter von 77 Johren nach langem schwerem Leiden denen sie der eine in die Nähe ihrer Wohnung, der
624 2770 2521 2836 Heer D. J. Hoeniger. Der Verblichene war Chef] andere an ihr Haus heraubringt, huscht die Treppe
626 2808 1567 2873 und Gründer des gleichnamigen Bank= und Großhand¬
1575 2832 2521 2881 empor, schleicht am Dienstmädchen vorbei in ihr
620 2855 1572 2924 lungshauses, das im Jahre 1869 in eine Actien Ge¬
1569 2869 2524 2951 Zimmer, verbirgt die staub- und kotbbedeckten Kleider
457 2895 2534 2999 Tüll  sellschaft, die Bielitz=Bielaer Handels= und Gewerbe=] und sitzt mit der harmlos=liebenswürdigen Miene der
465 2954 1573 3010 eutigen Bank überging, welches Unternehmen im Jahre 1890
1573 2967 2524 3034 Hausfrau, in den Schlufrock gehüllt, neben ihrem
577 3001 1570 3072 ##mit der k. k. priv. Böhmischen Union Bonk in Prag
1573 3010 2524 3084 Kinde an der Abendtafel, da der Gatte aus der Sitzung
584 3052 1562 3117 easionirt wurde und seither als deren Filiale fungirt.
1563 3042 2524 3133 beimkehrt und sie mit gewohnter schlichter Zärtlichkeit
597 3093 1569 3161 Der Verhlichene, der sich um dit Entfaltung des Hau¬
1570 3111 2520 3178 begeüht. Sie ig geborgen, bei Manz und Kind —
562 3144 1570 3210 der dels und Industrie der Schwesterstädte Bielitz = Vialo
1563 3156 2520 3227 was kann ihr usch widerfahren? Mit Selbstbeherr¬
463 3188 1566 3257 che die durch vielsache Erleichterungen im Credit= und Es¬
1567 3212 2516 3283 schung hört sie die Erzählungen des Mannes an, der
469 3233 1574 3299 9der=Icompte=Verkehr große Verdienste erworben, trat vor
1568 3246 2512 3320 die kkeinen Vorfälle der Sitzung berichtet — aber
478 3286 1566 3352 Par=einigen Jahren aus dem Verbaude des vorgenannten
1560 3301 2517 3371 zwischendurch weill sie mit den Gedanken draußen auf
486 3318 581 3388 Atre
616 3332 2522 3419 #ustitutes, welches er leitete, aus und lebte nunmehr der fürchterlichen Landstraße, und die Vorstellung, daß
626 3381 2516 3452 im Rubestande für die humanitären und gemeinnätzigen sie keinen Todten, sondern einen schwer Verwundeten
623 3420 1430 3499 Ingeressen der genaunten Gemeinde wirkend.
1560 3438 2522 3514 verlassen habe, demüchtigt sich ihres schwärmenden
511 3454 633 3551 Msd.
637 3477 1556 3544 X. Leichenbegängnis. Gestern um 10 Uhr Vor¬
1562 3491 2513 3562 Geistes. Er wird zu sich kommen, er wird sich rächen,
527 3512 1553 3591 Aj. mittags wurdr der verstorbene Verlagsbuchhändler
1563 3540 2517 3595 er wird reben — tönt es in ihrem Innern. Dann
511 3568 1562 3640 nast= DHerr Jakob Pascheles vom isr. Badhose aus zu
1563 3586 2514 3653 wiederum ringt sie diese Befürchtungen nieder, hält sie
485 3582 622 3673 Püres
614 3607 1561 3682 Grabe getragen. Zu der Leichenfeier hatten sich außer¬
1560 3631 2512 3700 sich das Bild des Erstarrten vor Augen, und unwill¬
466 3636 1564 3727 irdeim ordentlich zablreiche Trauergäste eingesunden. Der
1558 3674 2520 3752 kürlich treten ihr die Worte „Die Todten schweigen“
475 3715 1553 3775 Und Herr Oberrabbiner Dr. Ehrenfeld, die übrigen Rab¬
1558 3726 2512 3783 auf die Lippen. Der Gatte hört die seltsame Rede, ge¬
467 3755 1547 3834 [die biner Prags, Vertreter der isr. Cultusgemeindereprä¬
1556 3778 2505 3843 wahrt ihren furchtbaren Zustand, hißt sie das Kind
484 3813 1546 3877 Tien sentanz, der Vorstand der isr. Beerdigungsbruderschaft,
1554 3823 2508 3890 zur Rube bringen und fordert Aufklärung — sie klam¬
613 3850 1552 3905 Abordnungen mehrer Wohltbätigkeitsvereine waren an¬
1558 3863 2507 3942 mert sich an diese Forderung wie an einen letzt.n Halt
608 3902 1550 3981 wesend. Die Beisetzung erfolgte auf dem neuen isr.
1551 3909 2510 3981 und wird gestehen, was zu gestehen ist. Die in Wiener
612 3943 800 4012 Friedhof.
1541 3962 2513 4025 Localfarbe getauchte Beschichte hat ein prächtiges Co¬
706 3994 785 4051 „
770 3997 2509 4075 Hersonaländerungen im k. k. Post= lorit, sie erinnert in der Darstellung des Unheimlichen
525 4039 618 4094 en
607 4040 1553 4088 dienste. Uibersetzt wurden: der Postcontrolor Wenzel
2397 4056 2503 4099 m
