<?xml version="1.0" encoding="UTF-8" standalone="yes"?>
<PcGts xmlns="http://schema.primaresearch.org/PAGE/gts/pagecontent/2013-07-15" xmlns:xsi="http://www.w3.org/2001/XMLSchema-instance" xsi:schemaLocation="http://schema.primaresearch.org/PAGE/gts/pagecontent/2013-07-15 http://schema.primaresearch.org/PAGE/gts/pagecontent/2013-07-15/pagecontent.xsd">
    <Metadata>
        <Creator>prov=University of Rostock/Institute of Mathematics/CITlab/Gundram Leifert/gundram.leifert@uni-rostock.de:name=ONB_Newseye_GT_M1+(htr_id=10810)::::v=2.4.2
prov=University of Rostock/Institute of Mathematics/CITlab/Tobias Gruening/tobias.gruening@uni-rostock.de:name=de.uros.citlab.module.baseline2polygon.B2PSeamMultiOriented:v=2.4.2
prov=University of Rostock/Institute of Mathematics/CITlab/Tobias Gruening/tobias.gruening@uni-rostock.de:name=/mnt/transkribus/LA/DEA/URO/LA_news_onb_att.pb:de.uros.citlab.segmentation.CITlab_LA_ML:v=2.4.2
Transkribus</Creator>
        <Created>2019-10-07T10:28:42.491+02:00</Created>
        <LastChange>2019-10-07T10:54:24.982+02:00</LastChange>
        <TranskribusMetadata docId="223913" pageId="9492340" pageNr="12" tsid="16349256" status="IN_PROGRESS" userId="40391" imgUrl="https://files.transkribus.eu/Get?id=AGQJVCPIACOBBBVRGCTMKJVQ&amp;fileType=view" xmlUrl="https://files.transkribus.eu/Get?id=HZGZTCRXZQBIJISQRVFLBRCW" imageId="6182628"/>
    </Metadata>
    <Page imageFilename="223913_0012.jpeg" imageWidth="3228" imageHeight="4100">
        <ReadingOrder>
            <OrderedGroup id="ro_1711444341766" caption="Regions reading order">
                <RegionRefIndexed index="0" regionRef="r1"/>
                <RegionRefIndexed index="1" regionRef="r2"/>
            </OrderedGroup>
        </ReadingOrder>
        <TextRegion orientation="0.0" id="r1" custom="readingOrder {index:0;}">
            <Coords points="181,252 181,4055 1770,4055 1770,252"/>
            <TextLine id="r1l1" custom="readingOrder {index:0;}">
                <Coords points="173,277 1075,287 1142,271 1143,236 549,214 501,243 368,210 282,262 222,213 173,220"/>
                <Baseline points="181,272 228,272 276,272 323,272 371,272 419,272 466,272 514,273 562,273 609,273 657,273 705,274 752,274 800,275 848,275 895,276 943,276 991,277 1038,277 1086,278 1134,279"/>
                <TextEquiv>
                    <Unicode>8. Die Toten schweie</Unicode>
                </TextEquiv>
            </TextLine>
            <TextLine id="r1l2" custom="readingOrder {index:1;}">
                <Coords points="1374,292 1406,301 1478,288 1523,314 1567,283 1683,303 1779,280 1779,234 1725,221 1656,239 1614,219 1569,248 1430,218 1399,245 1375,242"/>
                <Baseline points="1382,281 1407,282 1433,283 1459,283 1485,285 1511,286 1537,287 1563,288 1588,289 1614,289 1640,290 1666,289 1692,289 1718,288 1744,287 1770,285"/>
                <TextEquiv>
                    <Unicode>box 1/6</Unicode>
                </TextEquiv>
            </TextLine>
            <TextLine id="r1l3" custom="readingOrder {index:2;}">
                <Coords points="320,306 1214,333 1246,323 1246,238 1154,281 320,274"/>
                <Baseline points="327,293 372,295 418,296 463,297 509,298 554,299 600,299 645,300 691,300 736,300 782,300 827,300 873,300 918,299 964,299 1009,299 1055,299 1100,299 1146,300 1191,300 1237,301"/>
                <TextEquiv>
                    <Unicode>Shagn</Unicode>
                </TextEquiv>
            </TextLine>
            <TextLine id="r1l4" custom="readingOrder {index:3;}">
                <Coords points="462,555 588,571 686,549 713,569 845,544 946,578 1006,546 1084,568 1219,542 1220,495 1071,471 944,499 809,475 579,497 462,467"/>
                <Baseline points="470,560 507,551 544,543 581,537 618,533 655,530 692,529 729,528 766,529 803,530 841,532 878,534 915,536 952,539 989,541 1026,544 1063,546 1100,547 1137,547 1174,547 1212,546"/>
                <TextEquiv>
                    <Unicode>Schlesteung, Breslas</Unicode>
                </TextEquiv>
            </TextLine>
            <TextLine id="r1l5" custom="readingOrder {index:4;}">
                <Coords points="953,704 1055,737 1115,743 1143,727 1308,753 1317,664 1150,656 1013,632 959,646"/>
                <Baseline points="961,698 987,698 1013,698 1039,700 1066,702 1092,705 1118,708 1145,711 1171,714 1197,717 1224,721 1250,723 1276,725 1303,727"/>
                <TextEquiv>
                    <Unicode>2 3. 001 903</Unicode>
                </TextEquiv>
            </TextLine>
            <TextLine id="r1l6" custom="readingOrder {index:5;}">
                <Coords points="291,909 1432,925 1522,903 1523,855 292,853"/>
                <Baseline points="299,899 359,899 420,900 481,901 542,902 603,903 663,904 724,905 785,906 846,907 907,907 967,908 1028,908 1089,909 1150,909 1211,909 1271,909 1332,908 1393,908 1454,907 1515,906"/>
                <TextEquiv>
                    <Unicode>[Freie literarische Vereinigung.] Zum ersten dieswinterlichen</Unicode>
                </TextEquiv>
            </TextLine>
            <TextLine id="r1l7" custom="readingOrder {index:6;}">
                <Coords points="242,931 1319,957 1518,950 1519,913 243,886"/>
                <Baseline points="251,938 314,938 377,938 440,938 503,939 566,939 629,940 692,941 755,942 818,943 881,944 944,945 1007,946 1070,947 1133,947 1196,947 1259,947 1322,947 1385,946 1448,945 1511,943"/>
                <TextEquiv>
                    <Unicode>Ertragsabend der freien literarischen Vereinigung, der am</Unicode>
                </TextEquiv>
            </TextLine>
            <TextLine id="r1l8" custom="readingOrder {index:7;}">
                <Coords points="308,980 1514,984 1479,947 309,940"/>
                <Baseline points="317,974 376,974 435,975 495,975 554,976 614,977 673,979 733,980 792,981 852,983 911,984 970,985 1030,986 1089,986 1149,987 1208,986 1268,986 1327,985 1387,983 1446,981 1506,978"/>
                <TextEquiv>
                    <Unicode>d. M. im Saale der „Gesellschaft der Freunde“ stattfand, wur als</Unicode>
                </TextEquiv>
            </TextLine>
            <TextLine id="r1l9" custom="readingOrder {index:8;}">
                <Coords points="249,1010 1515,1042 1503,981 249,961"/>
                <Baseline points="257,1008 319,1009 382,1011 444,1012 507,1014 569,1015 632,1017 694,1018 757,1019 819,1020 882,1021 944,1022 1007,1022 1069,1022 1132,1022 1194,1022 1257,1022 1319,1021 1382,1020 1444,1019 1507,1018"/>
                <TextEquiv>
                    <Unicode>irleser der den Mitgliedern der „Vereinigung“ schon von einer früheren</Unicode>
                </TextEquiv>
            </TextLine>
            <TextLine id="r1l10" custom="readingOrder {index:9;}">
                <Coords points="240,1058 1515,1056 1454,1020 241,1005"/>
                <Baseline points="248,1048 310,1049 373,1050 436,1051 499,1053 562,1054 625,1055 688,1056 751,1057 814,1058 877,1059 939,1060 1002,1060 1065,1060 1128,1061 1191,1060 1254,1060 1317,1059 1380,1058 1443,1057 1506,1055"/>
                <TextEquiv>
                    <Unicode>astrolle her auch persönlich bekannte Schriftsteller Hermann Bahr</Unicode>
                </TextEquiv>
            </TextLine>
            <TextLine id="r1l11" custom="readingOrder {index:10;}">
                <Coords points="280,1095 1516,1088 1516,1059 280,1055"/>
                <Baseline points="287,1086 348,1086 409,1087 470,1089 531,1090 592,1091 653,1092 714,1094 775,1095 836,1096 897,1097 958,1098 1019,1099 1080,1099 1141,1099 1202,1099 1263,1098 1324,1097 1385,1095 1446,1093 1508,1091"/>
                <TextEquiv>
                    <Unicode>s Wien erschienen. Er trug eigene und fremde Arbeiten „jung¬</Unicode>
                </TextEquiv>
            </TextLine>
            <TextLine id="r1l12" custom="readingOrder {index:11;}">
                <Coords points="215,1117 1505,1139 1505,1091 215,1095"/>
                <Baseline points="223,1124 286,1124 350,1125 414,1126 477,1127 541,1128 605,1129 668,1130 732,1132 796,1133 860,1134 923,1135 987,1136 1051,1136 1114,1136 1178,1136 1242,1136 1305,1135 1369,1134 1433,1132 1497,1130"/>
                <TextEquiv>
                    <Unicode>sienerischen“ Gepräges vor und begann mit einer psychologisch sehr fein</Unicode>
                </TextEquiv>
            </TextLine>
            <TextLine id="r1l13" custom="readingOrder {index:12;}">
                <Coords points="206,1148 925,1190 1506,1167 1409,1133 734,1153 207,1112"/>
                <Baseline points="215,1162 279,1163 343,1163 407,1164 471,1165 535,1166 599,1167 664,1168 728,1169 792,1170 856,1171 920,1172 984,1172 1048,1173 1113,1173 1177,1173 1241,1173 1305,1172 1369,1171 1433,1169 1498,1167"/>
                <TextEquiv>
                    <Unicode>burchgearbeiteten Erzählung von Arthur Die Toten</Unicode>
                </TextEquiv>
            </TextLine>
            <TextLine id="r1l14" custom="readingOrder {index:13;}">
                <Coords points="211,1200 1506,1213 1506,1168 211,1169"/>
                <Baseline points="219,1200 286,1200 353,1200 420,1201 488,1202 555,1202 622,1203 690,1204 757,1205 824,1206 892,1206 959,1207 1026,1207 1094,1207 1161,1207 1228,1207 1296,1206 1363,1205 1430,1204 1498,1202"/>
                <TextEquiv>
                    <Unicode>schweigen.“ Die Gattin eines Wiener Gelehrten hat ein Stelldichein mit</Unicode>
                </TextEquiv>
            </TextLine>
            <TextLine id="r1l15" custom="readingOrder {index:14;}">
                <Coords points="218,1241 1501,1251 1501,1214 1427,1208 219,1207"/>
                <Baseline points="226,1236 289,1237 352,1238 416,1239 479,1240 542,1241 606,1242 669,1243 732,1244 796,1244 859,1245 922,1246 986,1246 1049,1247 1112,1247 1176,1247 1239,1247 1302,1246 1366,1246 1429,1245 1493,1243"/>
                <TextEquiv>
                    <Unicode>einem Liebhaber, und um nicht etwa von Bekannten gesehen zu werden,</Unicode>
                </TextEquiv>
            </TextLine>
            <TextLine id="r1l16" custom="readingOrder {index:15;}">
                <Coords points="221,1282 1492,1280 1405,1246 221,1255"/>
                <Baseline points="229,1274 291,1275 354,1275 417,1276 479,1276 542,1277 605,1278 667,1279 730,1280 793,1281 856,1281 918,1282 981,1283 1044,1283 1106,1283 1169,1283 1232,1283 1294,1283 1357,1282 1420,1281 1483,1279"/>
                <TextEquiv>
                    <Unicode>fährt das Paar in einem Fiaker vors Vor hinaus. Der Kutscher ist be¬</Unicode>
                </TextEquiv>
            </TextLine>
            <TextLine id="r1l17" custom="readingOrder {index:16;}">
                <Coords points="215,1316 1497,1337 1509,1270 215,1285"/>
                <Baseline points="222,1313 285,1314 349,1314 413,1315 477,1316 541,1316 605,1317 669,1317 733,1318 797,1319 861,1319 924,1319 988,1320 1052,1320 1116,1320 1180,1321 1244,1321 1308,1321 1372,1321 1436,1321 1500,1320"/>
                <TextEquiv>
                    <Unicode>trunken, und draußen auf der Landstraße prallt der schlecht gekenkte Wagen</Unicode>
                </TextEquiv>
            </TextLine>
            <TextLine id="r1l18" custom="readingOrder {index:17;}">
                <Coords points="208,1355 1503,1377 1504,1335 208,1335"/>
                <Baseline points="216,1353 283,1353 350,1353 417,1354 485,1354 552,1355 619,1356 687,1356 754,1357 821,1358 889,1359 956,1359 1023,1360 1091,1360 1158,1360 1225,1359 1293,1358 1360,1357 1427,1355 1495,1353"/>
                <TextEquiv>
                    <Unicode>gegen einen Wegstein und wirft um. Als die Dame das Bewußtseit</Unicode>
                </TextEquiv>
            </TextLine>
            <TextLine id="r1l19" custom="readingOrder {index:18;}">
                <Coords points="210,1394 1497,1399 1497,1357 210,1356"/>
                <Baseline points="218,1389 281,1389 345,1390 408,1390 472,1390 535,1391 599,1392 662,1392 726,1393 789,1394 853,1394 917,1395 980,1395 1044,1396 1107,1396 1171,1396 1234,1395 1298,1395 1361,1394 1425,1393 1489,1391"/>
                <TextEquiv>
                    <Unicode>wiedererlangt, findet sie sich selbst unverletzt, aber neben ihr liegt der Geliebte</Unicode>
                </TextEquiv>
            </TextLine>
            <TextLine id="r1l20" custom="readingOrder {index:19;}">
                <Coords points="213,1420 1505,1437 1505,1394 213,1397"/>
                <Baseline points="221,1427 284,1426 348,1426 412,1427 476,1427 540,1428 603,1428 667,1429 731,1430 795,1431 859,1432 922,1432 986,1433 1050,1433 1114,1433 1178,1433 1241,1433 1305,1432 1369,1431 1433,1429 1497,1426"/>
                <TextEquiv>
                    <Unicode>mit blutendem Haupte und offenbar schon entseelt. Sie sendet den Kutscher</Unicode>
                </TextEquiv>
            </TextLine>
            <TextLine id="r1l21" custom="readingOrder {index:20;}">
                <Coords points="224,1473 1482,1481 1498,1444 224,1446"/>
                <Baseline points="232,1464 294,1464 357,1464 420,1464 483,1465 546,1465 609,1466 672,1467 735,1467 798,1468 861,1469 923,1469 986,1470 1049,1470 1112,1470 1175,1470 1238,1470 1301,1469 1364,1469 1427,1468 1490,1466"/>
                <TextEquiv>
                    <Unicode>um Hilfe nach den nächsten Häusern und bleibt allein bei der Leiche zurück.</Unicode>
                </TextEquiv>
            </TextLine>
            <TextLine id="r1l22" custom="readingOrder {index:21;}">
                <Coords points="218,1494 1510,1504 1366,1471 218,1473"/>
                <Baseline points="227,1503 290,1502 354,1502 418,1501 482,1502 545,1502 609,1503 673,1504 737,1504 800,1506 864,1506 928,1507 992,1508 1055,1509 1119,1509 1183,1509 1247,1509 1310,1508 1374,1506 1438,1505 1502,1502"/>
                <TextEquiv>
                    <Unicode>Doch jetzt kommt ihr auch der Gedanke: wie, wenn man sie, die ver¬</Unicode>
                </TextEquiv>
            </TextLine>
            <TextLine id="r1l23" custom="readingOrder {index:22;}">
                <Coords points="222,1559 1518,1546 1518,1512 1417,1507 223,1510"/>
                <Baseline points="230,1538 294,1538 358,1538 422,1539 486,1539 550,1540 614,1541 678,1541 742,1542 806,1543 870,1544 934,1545 998,1545 1062,1546 1126,1546 1190,1547 1254,1547 1318,1546 1382,1546 1446,1545 1510,1544"/>
                <TextEquiv>
                    <Unicode>heirathete Frau, in dieser Situation fände und fragte! Sie wäre verloren</Unicode>
                </TextEquiv>
            </TextLine>
            <TextLine id="r1l24" custom="readingOrder {index:23;}">
                <Coords points="220,1576 1510,1593 1475,1547 220,1557"/>
                <Baseline points="228,1576 291,1576 355,1576 419,1577 482,1577 546,1577 610,1578 673,1578 737,1579 801,1579 865,1580 928,1581 992,1581 1056,1582 1119,1582 1183,1583 1247,1584 1310,1584 1374,1585 1438,1585 1502,1585"/>
                <TextEquiv>
                    <Unicode>und dem Toten kann sie doch nichts mehr nützen. So läßt sie schließzlich</Unicode>
                </TextEquiv>
            </TextLine>
            <TextLine id="r1l25" custom="readingOrder {index:24;}">
                <Coords points="217,1618 1511,1607 217,1597"/>
                <Baseline points="224,1614 287,1613 351,1613 415,1613 479,1613 543,1614 607,1614 671,1615 735,1615 799,1616 863,1616 926,1617 990,1618 1054,1619 1118,1619 1182,1620 1246,1621 1310,1621 1374,1622 1438,1623 1502,1623"/>
                <TextEquiv>
                    <Unicode>den Leichnam allein im Finstern am Wegrande liegen und flieht zur Stadt</Unicode>
                </TextEquiv>
            </TextLine>
            <TextLine id="r1l26" custom="readingOrder {index:25;}">
                <Coords points="217,1650 1510,1650 218,1618"/>
                <Baseline points="225,1650 288,1650 352,1651 416,1651 480,1652 544,1652 608,1653 671,1653 735,1654 799,1654 863,1655 927,1655 991,1656 1055,1656 1118,1656 1182,1657 1246,1657 1310,1658 1374,1658 1438,1659 1502,1659"/>
                <TextEquiv>
                    <Unicode>zurück. Es glückt ihr auch, unentdeckt ihr Heim zu erreichen und rechtzeitig die</Unicode>
                </TextEquiv>
            </TextLine>
            <TextLine id="r1l27" custom="readingOrder {index:26;}">
                <Coords points="216,1703 1497,1708 1509,1670 217,1650"/>
                <Baseline points="224,1685 287,1686 351,1687 415,1688 479,1689 543,1690 606,1691 670,1691 734,1692 798,1692 862,1693 925,1693 989,1693 1053,1693 1117,1694 1181,1694 1244,1694 1308,1694 1372,1694 1436,1694 1500,1695"/>
                <TextEquiv>
                    <Unicode>äußeren Spuren des Unfalles zu beseitigen. Nun hat sie das Gefühl einer</Unicode>
                </TextEquiv>
            </TextLine>
            <TextLine id="r1l28" custom="readingOrder {index:27;}">
                <Coords points="217,1732 1514,1740 1484,1698 218,1687"/>
                <Baseline points="226,1724 290,1724 354,1725 418,1726 482,1726 546,1727 610,1728 674,1729 738,1730 802,1730 866,1731 930,1732 994,1733 1058,1733 1122,1734 1186,1734 1250,1735 1314,1735 1378,1735 1442,1735 1506,1734"/>
                <TextEquiv>
                    <Unicode>großen Ermattung; der Gatte, dem sie hermlos lächelnd gegenübertritt,</Unicode>
                </TextEquiv>
            </TextLine>
            <TextLine id="r1l29" custom="readingOrder {index:28;}">
                <Coords points="221,1762 1505,1780 1505,1740 1441,1735 221,1733"/>
                <Baseline points="229,1764 292,1763 355,1763 419,1763 482,1763 546,1764 609,1764 673,1765 736,1766 800,1766 863,1767 926,1768 990,1768 1053,1769 1117,1769 1180,1769 1244,1770 1307,1770 1371,1769 1434,1769 1498,1768"/>
                <TextEquiv>
                    <Unicode>merkt nichts - und „die Toten schweigen“. Vorzüglich geschildert ist der</Unicode>
                </TextEquiv>
            </TextLine>
            <TextLine id="r1l30" custom="readingOrder {index:29;}">
                <Coords points="220,1801 1507,1819 1517,1770 220,1767"/>
                <Baseline points="228,1801 292,1801 356,1801 420,1801 484,1802 548,1802 612,1803 676,1804 740,1804 804,1805 868,1806 932,1807 996,1808 1060,1808 1124,1808 1188,1809 1252,1808 1316,1808 1380,1807 1444,1806 1508,1805"/>
                <TextEquiv>
                    <Unicode>diese letzten Vorgänge begleitende Konflikt in der Seele des Weibes, der</Unicode>
                </TextEquiv>
            </TextLine>
            <TextLine id="r1l31" custom="readingOrder {index:30;}">
                <Coords points="216,1843 1505,1844 1425,1807 216,1799"/>
                <Baseline points="224,1839 287,1839 351,1838 414,1839 478,1839 542,1839 605,1840 669,1840 733,1841 796,1842 860,1842 924,1843 987,1844 1051,1844 1115,1845 1178,1845 1242,1846 1306,1846 1369,1846 1433,1846 1497,1845"/>
                <TextEquiv>
                    <Unicode>Kampf zwischen dem sich ihr immer wieder aufdrängenden Gefühl, daß sie</Unicode>
                </TextEquiv>
            </TextLine>
            <TextLine id="r1l32" custom="readingOrder {index:31;}">
                <Coords points="224,1883 1470,1894 1509,1843 225,1850"/>
                <Baseline points="232,1873 295,1874 358,1874 422,1875 485,1875 549,1876 612,1877 675,1878 739,1879 802,1880 866,1881 929,1882 992,1883 1056,1884 1119,1884 1183,1884 1246,1884 1309,1884 1373,1883 1436,1883 1500,1881"/>
                <TextEquiv>
                    <Unicode>feig und erbärmlich handelt, und der Angst vor den Folgen einer Ent¬</Unicode>
                </TextEquiv>
            </TextLine>
            <TextLine id="r1l33" custom="readingOrder {index:32;}">
                <Coords points="217,1924 1513,1920 1437,1883 217,1885"/>
                <Baseline points="225,1916 289,1915 353,1914 417,1913 481,1913 545,1913 609,1914 673,1914 737,1915 801,1916 865,1916 929,1917 993,1918 1057,1919 1121,1919 1185,1919 1249,1919 1313,1919 1377,1918 1441,1917 1505,1916"/>
                <TextEquiv>
                    <Unicode>deckung ihres Abenteuers und den nüchtern=praktischen Erwagungen. Der</Unicode>
                </TextEquiv>
            </TextLine>
            <TextLine id="r1l34" custom="readingOrder {index:33;}">
                <Coords points="222,1958 1512,1966 1490,1918 222,1915"/>
                <Baseline points="230,1952 293,1950 357,1950 421,1949 484,1949 548,1950 612,1950 675,1951 739,1951 803,1952 867,1953 930,1954 994,1955 1058,1956 1121,1956 1185,1956 1249,1957 1312,1956 1376,1956 1440,1955 1504,1953"/>
                <TextEquiv>
                    <Unicode>Hörer oder Leser hat hier bereits vollkommen den Eindruck, daß diese</Unicode>
                </TextEquiv>
            </TextLine>
            <TextLine id="r1l35" custom="readingOrder {index:34;}">
                <Coords points="218,1992 1252,2016 1294,1984 1481,2008 1514,1968 218,1961"/>
                <Baseline points="226,1989 290,1988 354,1988 418,1988 482,1989 546,1989 610,1990 674,1990 738,1991 802,1992 866,1993 930,1993 994,1994 1058,1995 1122,1995 1186,1995 1250,1995 1314,1995 1378,1994 1442,1994 1506,1993"/>
                <TextEquiv>
                    <Unicode>Frau ihrer Strafe nicht entgeht, daß die Erinnerung an ihre feige Flucht</Unicode>
                </TextEquiv>
            </TextLine>
            <TextLine id="r1l36" custom="readingOrder {index:35;}">
                <Coords points="215,2025 1503,2036 1487,1998 215,1995"/>
                <Baseline points="223,2025 286,2026 350,2026 413,2027 477,2027 541,2028 604,2029 668,2029 732,2030 795,2031 859,2031 923,2032 986,2032 1050,2033 1114,2033 1177,2033 1241,2032 1305,2032 1368,2031 1432,2030 1496,2028"/>
                <TextEquiv>
                    <Unicode>ihr unauslöschlich und eine ewige Selbstpein bleiben wird. Aber die Er¬</Unicode>
                </TextEquiv>
            </TextLine>
            <TextLine id="r1l37" custom="readingOrder {index:36;}">
                <Coords points="222,2069 1501,2083 1501,2037 1355,2027 222,2031"/>
                <Baseline points="229,2064 292,2064 355,2065 418,2065 481,2066 545,2067 608,2068 671,2068 734,2069 797,2069 861,2070 924,2070 987,2070 1050,2071 1113,2070 1177,2070 1240,2069 1303,2068 1366,2067 1429,2065 1493,2063"/>
                <TextEquiv>
                    <Unicode>zählung geht noch weiter. In der Frau wirkt die feelische Er¬</Unicode>
                </TextEquiv>
            </TextLine>
            <TextLine id="r1l38" custom="readingOrder {index:37;}">
                <Coords points="218,2108 1315,2121 1471,2117 1499,2080 218,2068"/>
                <Baseline points="226,2102 289,2102 352,2102 415,2102 478,2103 542,2103 605,2104 668,2104 731,2105 794,2105 858,2106 921,2106 984,2107 1047,2107 1110,2107 1174,2107 1237,2107 1300,2107 1363,2106 1426,2105 1490,2104"/>
                <TextEquiv>
                    <Unicode>schütterung derart nach, daß sie alsbald durch ihr Benehmer und</Unicode>
                </TextEquiv>
            </TextLine>
            <TextLine id="r1l39" custom="readingOrder {index:38;}">
                <Coords points="223,2140 231,2140 244,2148 255,2145 271,2151 282,2144 295,2148 308,2139 313,2143 322,2142 322,2109 309,2109 295,2117 287,2109 274,2114 264,2106 247,2116 222,2116"/>
                <Baseline points="230,2142 258,2141 286,2142 314,2140"/>
                <TextEquiv>
                    <Unicode>ein</Unicode>
                </TextEquiv>
            </TextLine>
            <TextLine id="r1l40" custom="readingOrder {index:39;}">
                <Coords points="390,2131 610,2162 1512,2152 1487,2108 390,2104"/>
                <Baseline points="399,2134 454,2138 509,2140 564,2142 620,2144 675,2145 730,2146 785,2146 841,2147 896,2147 951,2147 1006,2146 1062,2146 1117,2145 1172,2145 1227,2144 1283,2144 1338,2143 1393,2143 1448,2143 1504,2143"/>
                <TextEquiv>
                    <Unicode>der Selbstvergessenheit gesprochenes Wort den Verdacht</Unicode>
                </TextEquiv>
            </TextLine>
            <TextLine id="r1l41" custom="readingOrder {index:40;}">
                <Coords points="222,2177 1503,2187 1491,2150 1314,2141 223,2141"/>
                <Baseline points="230,2174 293,2175 356,2176 419,2178 483,2179 546,2180 609,2181 673,2182 736,2182 799,2183 863,2183 926,2184 989,2184 1052,2184 1116,2184 1179,2183 1242,2183 1306,2182 1369,2181 1432,2180 1496,2179"/>
                <TextEquiv>
                    <Unicode>des Gatten erregt; er beginnt zu erraten und zu forschen, und</Unicode>
                </TextEquiv>
            </TextLine>
            <TextLine id="r1l42" custom="readingOrder {index:41;}">
                <Coords points="215,2225 1510,2242 1510,2186 1407,2179 215,2187"/>
                <Baseline points="222,2216 286,2216 350,2216 414,2216 478,2216 542,2217 606,2218 670,2218 734,2219 798,2220 862,2221 926,2221 990,2222 1054,2222 1118,2222 1182,2222 1246,2221 1310,2220 1374,2219 1438,2216 1502,2214"/>
                <TextEquiv>
                    <Unicode>schließlich fühlt sie selbst sich zum Geständnis der vollen Wahrheit ge¬</Unicode>
                </TextEquiv>
            </TextLine>
            <TextLine id="r1l43" custom="readingOrder {index:42;}">
                <Coords points="219,2244 1192,2278 1504,2238 220,2224"/>
                <Baseline points="228,2250 291,2251 354,2251 418,2252 481,2253 544,2254 608,2255 671,2256 734,2257 798,2258 861,2258 924,2259 988,2259 1051,2259 1114,2259 1178,2259 1241,2259 1304,2258 1368,2257 1431,2256 1495,2255"/>
                <TextEquiv>
                    <Unicode>trieben. Damit kommt denn auch die landläufige bürgerliche Moral zu</Unicode>
                </TextEquiv>
            </TextLine>
            <TextLine id="r1l44" custom="readingOrder {index:43;}">
                <Coords points="211,2292 236,2288 262,2305 342,2288 395,2301 493,2303 493,2261 455,2254 443,2262 376,2253 361,2264 320,2257 288,2265 211,2257"/>
                <Baseline points="218,2288 244,2287 271,2287 298,2288 324,2288 351,2288 378,2288 404,2288 431,2288 458,2288 485,2287"/>
                <TextEquiv>
                    <Unicode>ihrem Rechte</Unicode>
                </TextEquiv>
            </TextLine>
            <TextLine id="r1l45" custom="readingOrder {index:44;}">
                <Coords points="567,2293 1498,2309 1499,2259 568,2267"/>
                <Baseline points="575,2290 620,2290 666,2291 712,2292 758,2292 803,2293 849,2294 895,2295 941,2295 986,2296 1032,2296 1078,2297 1124,2297 1169,2297 1215,2297 1261,2296 1307,2296 1352,2295 1398,2293 1444,2292 1490,2290"/>
                <TextEquiv>
                    <Unicode>aber der künstlerische Höhepunkt, das Gefühl der</Unicode>
                </TextEquiv>
            </TextLine>
            <TextLine id="r1l46" custom="readingOrder {index:45;}">
                <Coords points="217,2323 1506,2330 1418,2292 217,2297"/>
                <Baseline points="225,2326 288,2325 352,2325 415,2326 479,2326 543,2327 606,2328 670,2329 733,2330 797,2331 861,2332 924,2333 988,2333 1051,2334 1115,2335 1179,2335 1242,2335 1306,2334 1369,2333 1433,2332 1497,2330"/>
                <TextEquiv>
                    <Unicode>poetischen Gerechtigkeit war doch schon vorher erreicht, und so wirkt dieser</Unicode>
                </TextEquiv>
            </TextLine>
            <TextLine id="r1l47" custom="readingOrder {index:46;}">
                <Coords points="219,2377 1497,2371 1497,2339 1280,2331 219,2337"/>
                <Baseline points="227,2364 290,2364 353,2364 416,2364 479,2364 542,2365 605,2365 668,2366 731,2367 794,2368 858,2368 921,2369 984,2369 1047,2370 1110,2370 1173,2370 1236,2370 1299,2370 1362,2369 1425,2369 1489,2367"/>
                <TextEquiv>
                    <Unicode>Schlußakt nur konventionell und als ästhetische Abflachung. Die Recitation</Unicode>
                </TextEquiv>
            </TextLine>
            <TextLine id="r1l48" custom="readingOrder {index:47;}">
                <Coords points="214,2394 1507,2402 1507,2370 214,2370"/>
                <Baseline points="221,2403 288,2402 355,2402 422,2402 490,2403 557,2403 624,2404 692,2404 759,2405 826,2406 894,2407 961,2407 1028,2408 1096,2408 1163,2408 1230,2408 1298,2407 1365,2406 1432,2404 1500,2402"/>
                <TextEquiv>
                    <Unicode>an sich war vortrefflich, nur vielleicht stellenweise in anbetracht der Größe</Unicode>
                </TextEquiv>
            </TextLine>
            <TextLine id="r1l49" custom="readingOrder {index:48;}">
                <Coords points="234,2444 1486,2448 1467,2411 235,2407"/>
                <Baseline points="243,2439 304,2439 366,2439 428,2440 490,2440 552,2441 613,2442 675,2442 737,2443 799,2444 861,2444 922,2445 984,2445 1046,2446 1108,2446 1170,2446 1231,2446 1293,2446 1355,2446 1417,2445 1479,2444"/>
                <TextEquiv>
                    <Unicode>des Saales zu leise. Als zweites Stück brachte Bahr eine amüsante, aber</Unicode>
                </TextEquiv>
            </TextLine>
            <TextLine id="r1l50" custom="readingOrder {index:49;}">
                <Coords points="235,2479 1482,2496 1482,2451 1436,2447 235,2444"/>
                <Baseline points="243,2479 304,2479 366,2479 427,2479 489,2479 551,2480 612,2480 674,2481 735,2481 797,2481 859,2482 920,2482 982,2483 1043,2483 1105,2483 1167,2483 1228,2483 1290,2483 1351,2483 1413,2483 1475,2482"/>
                <TextEquiv>
                    <Unicode>Fedeutungslose Humoreske von Felix Dörmann „Wie man Ministe</Unicode>
                </TextEquiv>
            </TextLine>
            <TextLine id="r1l51" custom="readingOrder {index:50;}">
                <Coords points="243,2523 1481,2529 1420,2485 243,2483"/>
                <Baseline points="252,2510 313,2512 374,2514 435,2515 496,2517 557,2517 618,2518 679,2519 740,2520 801,2520 862,2521 923,2521 984,2521 1045,2521 1106,2521 1167,2521 1228,2521 1289,2521 1350,2521 1411,2521 1473,2521"/>
                <TextEquiv>
                    <Unicode>ngt“, und zuletzt las er eigene Schöpfungen: eine witzige klein</Unicode>
                </TextEquiv>
            </TextLine>
            <TextLine id="r1l52" custom="readingOrder {index:51;}">
                <Coords points="232,2550 1269,2579 1482,2566 1483,2530 232,2525"/>
                <Baseline points="241,2550 302,2551 364,2552 426,2553 487,2554 549,2555 611,2555 672,2556 734,2557 796,2557 858,2558 919,2558 981,2559 1043,2559 1104,2559 1166,2559 1228,2559 1289,2559 1351,2558 1413,2558 1475,2557"/>
                <TextEquiv>
                    <Unicode>Satire „Das Talent“ und eine sehr interessante novellistische Episod</Unicode>
                </TextEquiv>
            </TextLine>
            <TextLine id="r1l53" custom="readingOrder {index:52;}">
                <Coords points="242,2572 252,2573 256,2571 272,2583 307,2581 309,2554 288,2553 283,2556 278,2554 275,2556 256,2550 243,2551"/>
                <Baseline points="250,2571 275,2571 300,2573"/>
                <TextEquiv>
                    <Unicode></Unicode>
                </TextEquiv>
            </TextLine>
            <TextLine id="r1l54" custom="readingOrder {index:53;}">
                <Coords points="228,2608 1488,2612 1488,2556 228,2572"/>
                <Baseline points="237,2592 299,2591 361,2591 423,2592 485,2592 548,2592 610,2593 672,2593 734,2594 796,2594 859,2595 921,2596 983,2596 1045,2596 1107,2597 1170,2597 1232,2597 1294,2596 1356,2596 1418,2595 1481,2594"/>
                <TextEquiv>
                    <Unicode>8## Käferl“. Da bei Bahrs Vortragsweise jedes ernste und heite</Unicode>
                </TextEquiv>
            </TextLine>
            <TextLine id="r1l55" custom="readingOrder {index:54;}">
                <Coords points="209,2648 1464,2645 1455,2597 209,2598"/>
                <Baseline points="218,2627 283,2628 348,2628 413,2628 478,2629 544,2629 609,2630 674,2630 739,2631 804,2631 870,2631 935,2632 1000,2632 1065,2633 1130,2633 1196,2633 1261,2633 1326,2633 1391,2633 1457,2633"/>
                <TextEquiv>
                    <Unicode>Moment, jede Dialogpointe voll zur Geltung kam, wirkte die ganze Vo</Unicode>
                </TextEquiv>
            </TextLine>
            <TextLine id="r1l56" custom="readingOrder {index:55;}">
                <Coords points="211,2675 1505,2676 1439,2636 211,2647"/>
                <Baseline points="219,2668 282,2668 346,2668 410,2668 474,2668 538,2668 602,2668 666,2668 730,2668 794,2668 858,2668 921,2669 985,2669 1049,2669 1113,2669 1177,2670 1241,2670 1305,2670 1369,2671 1433,2671 1497,2672"/>
                <TextEquiv>
                    <Unicode>lesung, zumal sie nicht gerade lange dauerte und die Empfänglichkeit dr</Unicode>
                </TextEquiv>
            </TextLine>
            <TextLine id="r1l57" custom="readingOrder {index:56;}">
                <Coords points="215,2702 1493,2716 1434,2669 215,2667"/>
                <Baseline points="223,2701 286,2702 349,2703 412,2704 475,2705 538,2706 601,2706 664,2707 727,2707 790,2708 853,2708 916,2708 979,2709 1042,2709 1105,2709 1168,2709 1231,2709 1294,2709 1357,2708 1420,2708 1484,2708"/>
                <TextEquiv>
                    <Unicode>Hörer nicht erschöpft wurde, ungemein fesselnd und anregend. Dem</Unicode>
                </TextEquiv>
            </TextLine>
            <TextLine id="r1l58" custom="readingOrder {index:57;}">
                <Coords points="220,2739 1487,2781 1512,2722 220,2705"/>
                <Baseline points="227,2737 290,2738 354,2738 418,2739 482,2739 546,2740 609,2741 673,2741 737,2742 801,2743 865,2744 928,2744 992,2745 1056,2746 1120,2746 1184,2747 1247,2748 1311,2748 1375,2749 1439,2750 1503,2750"/>
                <TextEquiv>
                    <Unicode>Vortragenden wurde daher auch diesmal wieder lebhafter und aufrichtiger</Unicode>
                </TextEquiv>
            </TextLine>
            <TextLine id="r1l59" custom="readingOrder {index:58;}">
                <Coords points="218,2806 303,2813 345,2794 453,2808 517,2790 535,2803 559,2794 610,2805 611,2768 547,2758 489,2767 451,2745 364,2756 220,2740"/>
                <Baseline points="227,2782 252,2783 277,2785 302,2785 327,2786 352,2786 377,2786 402,2787 427,2787 452,2787 477,2787 502,2788 527,2789 552,2790 577,2791 603,2793"/>
                <TextEquiv>
                    <Unicode>Beifall Atett.</Unicode>
                </TextEquiv>
            </TextLine>
            <TextLine id="r1l60" custom="readingOrder {index:59;}">
                <Coords points="1126,2806 1151,2805 1158,2810 1175,2802 1178,2806 1202,2801 1216,2806 1242,2803 1243,2760 1233,2760 1227,2753 1211,2751 1204,2756 1185,2749 1163,2759 1127,2760"/>
                <Baseline points="1135,2796 1168,2798 1201,2797 1234,2799"/>
                <TextEquiv>
                    <Unicode></Unicode>
                </TextEquiv>
            </TextLine>
            <TextLine id="r1l61" custom="readingOrder {index:60;}">
                <Coords points="684,2870 730,2840 761,2850 795,2838 823,2853 878,2837 909,2847 918,2836 1058,2827 1056,2797 1002,2800 970,2787 955,2798 922,2790 838,2801 798,2819 681,2818"/>
                <Baseline points="691,2843 716,2843 742,2842 767,2841 793,2839 818,2838 844,2836 870,2835 895,2833 921,2832 946,2830 972,2829 997,2828 1023,2827 1049,2827"/>
                <TextEquiv>
                    <Unicode>Due lenanen be ohne Gewähr.)</Unicode>
                </TextEquiv>
            </TextLine>
            <TextLine id="r1l62" custom="readingOrder {index:61;}">
                <Coords points="625,2891 750,2913 819,2886 1032,2913 1235,2884 1423,2897 1423,2836 1353,2821 811,2854 626,2825"/>
                <Baseline points="633,2877 672,2879 711,2881 750,2882 789,2883 828,2883 867,2884 906,2885 945,2885 984,2885 1024,2885 1063,2886 1102,2886 1141,2886 1180,2886 1219,2886 1258,2886 1297,2887 1336,2887 1375,2888 1415,2889"/>
                <TextEquiv>
                    <Unicode>WIENER ABENÖPCST</Unicode>
                </TextEquiv>
            </TextLine>
            <TextLine id="r1l63" custom="readingOrder {index:62;}">
                <Coords points="293,2957 341,2966 392,2952 439,2972 472,2955 495,2971 524,2951 546,2962 599,2949 662,2972 691,2954 690,2895 624,2902 596,2887 521,2901 473,2889 398,2918 349,2903 292,2924"/>
                <Baseline points="300,2946 325,2946 351,2947 376,2947 402,2947 427,2946 453,2946 478,2946 504,2945 529,2944 555,2943 580,2943 606,2941 631,2941 657,2940 683,2939"/>
                <TextEquiv>
                    <Unicode>Ausschnitt aus:</Unicode>
                </TextEquiv>
            </TextLine>
            <TextLine id="r1l64" custom="readingOrder {index:63;}">
                <Coords points="1043,3023 1050,3024 1059,3035 1061,3033 1067,3036 1070,3042 1080,3043 1092,2988 1086,2986 1078,2986 1076,2988 1067,2974 1055,2970"/>
                <Baseline points="1051,3027 1074,3032"/>
                <TextEquiv>
                    <Unicode>7</Unicode>
                </TextEquiv>
            </TextLine>
            <TextLine id="r1l65" custom="readingOrder {index:64;}">
                <Coords points="1204,3059 1215,3058 1229,3043 1260,3043 1266,3048 1276,3048 1276,2998 1265,2997 1258,3000 1255,2997 1244,2997 1228,3003 1223,3000 1213,3009 1204,3009"/>
                <Baseline points="1212,3035 1240,3037 1268,3035"/>
                <TextEquiv>
                    <Unicode></Unicode>
                </TextEquiv>
            </TextLine>
            <TextLine id="r1l66" custom="readingOrder {index:65;}">
                <Coords points="302,3075 320,3073 344,3084 358,3073 379,3071 395,3080 472,3080 471,3020 443,3011 424,3022 398,3005 384,3013 358,3009 339,3018 300,3017"/>
                <Baseline points="310,3049 335,3051 361,3051 387,3051 412,3050 438,3047 464,3045"/>
                <TextEquiv>
                    <Unicode>vom:</Unicode>
                </TextEquiv>
            </TextLine>
            <TextLine id="r1l67" custom="readingOrder {index:66;}">
                <Coords points="835,3076 1031,3097 1286,3091 1288,3044 1226,3045 1175,3004 1139,3005 1078,3046 1030,2997 905,2989 881,3004 840,2988"/>
                <Baseline points="845,3050 870,3053 896,3056 921,3059 947,3061 972,3063 998,3065 1023,3067 1049,3067 1074,3069 1100,3069 1125,3070 1151,3071 1176,3071 1202,3071 1227,3072 1253,3072 1279,3072"/>
                <TextEquiv>
                    <Unicode>EIERIS</Unicode>
                </TextEquiv>
            </TextLine>
            <TextLine id="r1l68" custom="readingOrder {index:67;}">
                <Coords points="313,3135 1339,3130 1289,3088 313,3086"/>
                <Baseline points="321,3130 371,3128 421,3127 472,3125 522,3125 573,3124 623,3124 674,3124 724,3124 775,3125 825,3125 875,3126 926,3127 976,3127 1027,3128 1077,3129 1128,3129 1178,3130 1229,3130 1279,3131 1330,3131"/>
                <TextEquiv>
                    <Unicode>(Grillparzer=Gesellschaft.) Gestern abend gab ein</Unicode>
                </TextEquiv>
            </TextLine>
            <TextLine id="r1l69" custom="readingOrder {index:68;}">
                <Coords points="265,3179 1257,3193 1332,3190 1332,3142 333,3128 265,3155"/>
                <Baseline points="273,3173 325,3173 378,3173 430,3173 483,3173 536,3173 588,3173 641,3173 693,3173 746,3173 799,3174 851,3174 904,3174 956,3175 1009,3175 1062,3175 1114,3176 1167,3176 1219,3177 1272,3177 1325,3178"/>
                <TextEquiv>
                    <Unicode>Vortragsabend der Grillparzer=Gesellschaft einem ungemein</Unicode>
                </TextEquiv>
            </TextLine>
            <TextLine id="r1l70" custom="readingOrder {index:69;}">
                <Coords points="264,3224 1330,3222 1310,3188 1148,3180 265,3179"/>
                <Baseline points="273,3217 325,3218 377,3219 430,3220 482,3220 535,3221 587,3222 640,3222 692,3222 745,3223 797,3223 849,3223 902,3224 954,3224 1007,3224 1059,3225 1112,3225 1164,3226 1217,3226 1269,3227 1322,3228"/>
                <TextEquiv>
                    <Unicode>zahlreich erschienenen Publikum die erwünschte Gelegenheit,</Unicode>
                </TextEquiv>
            </TextLine>
            <TextLine id="r1l71" custom="readingOrder {index:70;}">
                <Coords points="1345,3245 1380,3241 1400,3248 1406,3241 1416,3240 1408,3176 1392,3178 1390,3182 1372,3181 1348,3199 1340,3200"/>
                <Baseline points="1353,3239 1380,3237 1407,3233"/>
                <TextEquiv>
                    <Unicode>20</Unicode>
                </TextEquiv>
            </TextLine>
            <TextLine id="r1l72" custom="readingOrder {index:71;}">
                <Coords points="293,3282 1334,3291 1335,3236 293,3232"/>
                <Baseline points="301,3268 352,3268 403,3268 454,3268 506,3268 557,3268 608,3268 660,3269 711,3269 762,3270 814,3271 865,3271 916,3272 967,3272 1019,3273 1070,3274 1121,3274 1173,3274 1224,3275 1275,3275 1327,3275"/>
                <TextEquiv>
                    <Unicode>Frau Patharina Schratt wieder einmal am Vorlesetische</Unicode>
                </TextEquiv>
            </TextLine>
            <TextLine id="r1l73" custom="readingOrder {index:72;}">
                <Coords points="301,3318 1068,3346 1326,3323 1302,3289 1158,3279 301,3284"/>
                <Baseline points="308,3316 358,3317 409,3318 459,3319 510,3319 560,3320 611,3320 661,3321 712,3321 762,3321 813,3322 864,3322 914,3322 965,3322 1015,3322 1066,3323 1116,3323 1167,3323 1217,3323 1268,3324 1319,3324"/>
                <TextEquiv>
                    <Unicode>begrüßen zu dürfen. Die Künstlerin las zunächst Artur</Unicode>
                </TextEquiv>
            </TextLine>
            <TextLine id="r1l74" custom="readingOrder {index:73;}">
                <Coords points="1345,3338 1353,3338 1357,3343 1364,3344 1391,3338 1402,3345 1412,3337 1423,3336 1424,3307 1412,3308 1408,3305 1392,3311 1386,3307 1365,3308 1355,3303 1346,3303"/>
                <Baseline points="1353,3336 1384,3338 1415,3338"/>
                <TextEquiv>
                    <Unicode>2.</Unicode>
                </TextEquiv>
            </TextLine>
            <TextLine id="r1l75" custom="readingOrder {index:74;}">
                <Coords points="293,3386 1330,3375 1296,3329 293,3322"/>
                <Baseline points="301,3365 352,3365 403,3366 454,3366 505,3367 556,3367 607,3368 658,3369 709,3369 760,3370 811,3370 862,3370 913,3371 964,3371 1015,3372 1066,3372 1117,3372 1168,3372 1219,3372 1270,3372 1321,3372"/>
                <TextEquiv>
                    <Unicode>Schnitzlers Novelle „Die Toten schweigen“, ein Glanzstück</Unicode>
                </TextEquiv>
            </TextLine>
            <TextLine id="r1l76" custom="readingOrder {index:75;}">
                <Coords points="297,3412 1332,3433 1302,3389 1214,3380 297,3385"/>
                <Baseline points="305,3414 358,3414 412,3415 465,3415 519,3415 573,3415 626,3416 680,3416 734,3417 787,3418 841,3418 894,3419 948,3420 1002,3421 1055,3421 1109,3422 1163,3422 1216,3423 1270,3423 1324,3423"/>
                <TextEquiv>
                    <Unicode>feinster Seelenmalerei, das aber seine stärkste Wirkung in der</Unicode>
                </TextEquiv>
            </TextLine>
            <TextLine id="r1l77" custom="readingOrder {index:76;}">
                <Coords points="1359,3478 1367,3477 1381,3467 1391,3470 1399,3466 1406,3458 1414,3458 1408,3397 1393,3398 1387,3401 1385,3399 1372,3400 1363,3405 1360,3402 1352,3403"/>
                <Baseline points="1366,3466 1406,3462"/>
                <TextEquiv>
                    <Unicode>8</Unicode>
                </TextEquiv>
            </TextLine>
            <TextLine id="r1l78" custom="readingOrder {index:77;}">
                <Coords points="294,3462 1328,3473 1328,3446 1222,3429 829,3449 728,3423 670,3449 295,3412"/>
                <Baseline points="303,3464 353,3465 404,3465 455,3465 506,3466 557,3466 608,3466 658,3467 709,3467 760,3467 811,3468 862,3468 913,3469 964,3469 1014,3470 1065,3470 1116,3471 1167,3472 1218,3473 1269,3474 1320,3475"/>
                <TextEquiv>
                    <Unicode>Lektüre übt. Frau Schratt widerstand der Versuchung,</Unicode>
                </TextEquiv>
            </TextLine>
            <TextLine id="r1l79" custom="readingOrder {index:78;}">
                <Coords points="296,3526 1332,3546 1318,3486 852,3499 297,3460"/>
                <Baseline points="305,3513 358,3514 412,3514 465,3514 519,3515 573,3515 626,3516 680,3516 734,3517 787,3518 841,3518 894,3519 948,3520 1002,3520 1055,3521 1109,3521 1163,3521 1216,3522 1270,3522 1324,3521"/>
                <TextEquiv>
                    <Unicode>theatralische Effekte anzustreben, die in der Dichtung nicht</Unicode>
                </TextEquiv>
            </TextLine>
            <TextLine id="r1l80" custom="readingOrder {index:79;}">
                <Coords points="297,3577 1327,3572 1327,3540 1252,3531 297,3526"/>
                <Baseline points="304,3563 354,3563 405,3562 456,3562 507,3562 557,3563 608,3563 659,3563 710,3564 760,3565 811,3565 862,3566 913,3567 963,3568 1014,3568 1065,3569 1116,3570 1166,3570 1217,3570 1268,3570 1319,3570"/>
                <TextEquiv>
                    <Unicode>gelegen sind, und hielt die Aufmerksamkeit der Zuhörerschaft</Unicode>
                </TextEquiv>
            </TextLine>
            <TextLine id="r1l81" custom="readingOrder {index:80;}">
                <Coords points="1347,3613 1366,3612 1372,3605 1377,3606 1389,3599 1404,3581 1410,3584 1417,3578 1427,3579 1421,3534 1412,3537 1403,3530 1395,3532 1388,3528 1376,3531 1370,3537 1355,3534 1345,3542 1338,3542"/>
                <Baseline points="1351,3583 1385,3578 1419,3575"/>
                <TextEquiv>
                    <Unicode>8</Unicode>
                </TextEquiv>
            </TextLine>
            <TextLine id="r1l82" custom="readingOrder {index:81;}">
                <Coords points="292,3616 1336,3626 1336,3593 1173,3577 293,3587"/>
                <Baseline points="301,3610 352,3609 403,3609 455,3610 506,3610 557,3611 609,3611 660,3612 711,3613 763,3614 814,3615 865,3616 917,3617 968,3618 1019,3619 1071,3620 1122,3620 1173,3621 1225,3621 1276,3621 1328,3621"/>
                <TextEquiv>
                    <Unicode>durch den maßvollen, verständnisreichen Vortrag bis zum</Unicode>
                </TextEquiv>
            </TextLine>
            <TextLine id="r1l83" custom="readingOrder {index:82;}">
                <Coords points="297,3662 1150,3692 1327,3678 1328,3625 297,3627"/>
                <Baseline points="305,3654 355,3655 406,3656 457,3656 507,3657 558,3658 609,3659 659,3660 710,3661 761,3662 812,3663 862,3663 913,3664 964,3665 1014,3665 1065,3666 1116,3666 1166,3667 1217,3667 1268,3667 1319,3667"/>
                <TextEquiv>
                    <Unicode>Schlusse fest. Daß aber der Humor, insbesondere der des</Unicode>
                </TextEquiv>
            </TextLine>
            <TextLine id="r1l84" custom="readingOrder {index:83;}">
                <Coords points="283,3703 1231,3742 1331,3715 1332,3680 394,3678 284,3644"/>
                <Baseline points="291,3702 342,3703 394,3704 445,3705 497,3705 549,3707 600,3708 652,3709 703,3710 755,3711 807,3712 858,3713 910,3714 961,3715 1013,3716 1065,3717 1116,3717 1168,3717 1219,3718 1271,3718 1323,3718"/>
                <TextEquiv>
                    <Unicode>Dialekts, die eigenste Domäne der Künstlerin ist, zeigte die</Unicode>
                </TextEquiv>
            </TextLine>
            <TextLine id="r1l85" custom="readingOrder {index:84;}">
                <Coords points="291,3810 1342,3827 1343,3770 291,3767"/>
                <Baseline points="299,3799 350,3798 402,3797 454,3797 506,3797 558,3797 609,3798 661,3799 713,3799 765,3800 817,3801 868,3802 920,3803 972,3804 1024,3805 1076,3805 1127,3806 1179,3806 1231,3806 1283,3805 1335,3805"/>
                <TextEquiv>
                    <Unicode>jubelnde Aufnahme, die einer Skizze von Chiavacci sowie</Unicode>
                </TextEquiv>
            </TextLine>
            <TextLine id="r1l86" custom="readingOrder {index:85;}">
                <Coords points="297,3858 1265,3870 1326,3865 1327,3822 298,3825"/>
                <Baseline points="306,3845 356,3845 407,3846 457,3846 508,3847 559,3847 609,3848 660,3849 710,3849 761,3850 812,3850 862,3851 913,3851 963,3852 1014,3852 1065,3853 1115,3853 1166,3853 1216,3854 1267,3854 1318,3854"/>
                <TextEquiv>
                    <Unicode>mundartlichen Dichtungen von Stelzhamer, Schadek und</Unicode>
                </TextEquiv>
            </TextLine>
            <TextLine id="r1l87" custom="readingOrder {index:86;}">
                <Coords points="298,3919 542,3892 1245,3919 1332,3873 298,3858"/>
                <Baseline points="305,3897 358,3896 412,3896 465,3896 519,3896 573,3896 626,3896 680,3897 734,3897 787,3898 841,3898 894,3899 948,3900 1002,3900 1055,3901 1109,3902 1163,3902 1216,3903 1270,3903 1324,3903"/>
                <TextEquiv>
                    <Unicode>Fraungruber zuteil wurhe. — Unter den Anwesenden</Unicode>
                </TextEquiv>
            </TextLine>
            <TextLine id="r1l88" custom="readingOrder {index:87;}">
                <Coords points="286,3951 1271,3968 1332,3964 1333,3925 286,3895"/>
                <Baseline points="294,3942 345,3943 397,3943 448,3944 500,3944 551,3945 603,3946 654,3947 706,3947 757,3948 809,3948 860,3949 912,3950 963,3950 1015,3950 1066,3951 1118,3951 1169,3951 1221,3950 1272,3950 1324,3949"/>
                <TextEquiv>
                    <Unicode>befanden sich Ihre Exzellenzen die Herren Minister für</Unicode>
                </TextEquiv>
            </TextLine>
            <TextLine id="r1l89" custom="readingOrder {index:88;}">
                <Coords points="298,3999 1321,4025 1335,3967 298,3973"/>
                <Baseline points="305,3990 356,3991 407,3991 458,3992 509,3993 560,3994 611,3994 662,3995 713,3995 764,3995 815,3996 866,3996 917,3997 968,3997 1019,3997 1070,3997 1121,3998 1172,3998 1223,3998 1274,3998 1326,3998"/>
                <TextEquiv>
                    <Unicode>Kultus und Unterricht Dr. Ritter von Hartel und Graf</Unicode>
                </TextEquiv>
            </TextLine>
            <TextLine id="r1l90" custom="readingOrder {index:89;}">
                <Coords points="298,4041 508,4069 600,4069 635,4050 677,4051 677,4011 643,4000 593,4014 516,3996 420,4014 385,4014 354,3997 298,4009"/>
                <Baseline points="306,4040 331,4042 357,4043 383,4044 409,4045 435,4045 461,4045 487,4045 512,4045 538,4045 564,4045 590,4044 616,4044 642,4043 668,4042"/>
                <TextEquiv>
                    <Unicode>Lanckoronski.</Unicode>
                </TextEquiv>
            </TextLine>
            <TextEquiv>
                <Unicode>8. Die Toten schweie
box 1/6
Shagn
Schlesteung, Breslas
2 3. 001 903
[Freie literarische Vereinigung.] Zum ersten dieswinterlichen
Ertragsabend der freien literarischen Vereinigung, der am
d. M. im Saale der „Gesellschaft der Freunde“ stattfand, wur als
irleser der den Mitgliedern der „Vereinigung“ schon von einer früheren
astrolle her auch persönlich bekannte Schriftsteller Hermann Bahr
s Wien erschienen. Er trug eigene und fremde Arbeiten „jung¬
sienerischen“ Gepräges vor und begann mit einer psychologisch sehr fein
burchgearbeiteten Erzählung von Arthur Die Toten
schweigen.“ Die Gattin eines Wiener Gelehrten hat ein Stelldichein mit
einem Liebhaber, und um nicht etwa von Bekannten gesehen zu werden,
fährt das Paar in einem Fiaker vors Vor hinaus. Der Kutscher ist be¬
trunken, und draußen auf der Landstraße prallt der schlecht gekenkte Wagen
gegen einen Wegstein und wirft um. Als die Dame das Bewußtseit
wiedererlangt, findet sie sich selbst unverletzt, aber neben ihr liegt der Geliebte
mit blutendem Haupte und offenbar schon entseelt. Sie sendet den Kutscher
um Hilfe nach den nächsten Häusern und bleibt allein bei der Leiche zurück.
Doch jetzt kommt ihr auch der Gedanke: wie, wenn man sie, die ver¬
heirathete Frau, in dieser Situation fände und fragte! Sie wäre verloren
und dem Toten kann sie doch nichts mehr nützen. So läßt sie schließzlich
den Leichnam allein im Finstern am Wegrande liegen und flieht zur Stadt
zurück. Es glückt ihr auch, unentdeckt ihr Heim zu erreichen und rechtzeitig die
äußeren Spuren des Unfalles zu beseitigen. Nun hat sie das Gefühl einer
großen Ermattung; der Gatte, dem sie hermlos lächelnd gegenübertritt,
merkt nichts - und „die Toten schweigen“. Vorzüglich geschildert ist der
diese letzten Vorgänge begleitende Konflikt in der Seele des Weibes, der
Kampf zwischen dem sich ihr immer wieder aufdrängenden Gefühl, daß sie
feig und erbärmlich handelt, und der Angst vor den Folgen einer Ent¬
deckung ihres Abenteuers und den nüchtern=praktischen Erwagungen. Der
Hörer oder Leser hat hier bereits vollkommen den Eindruck, daß diese
Frau ihrer Strafe nicht entgeht, daß die Erinnerung an ihre feige Flucht
ihr unauslöschlich und eine ewige Selbstpein bleiben wird. Aber die Er¬
zählung geht noch weiter. In der Frau wirkt die feelische Er¬
schütterung derart nach, daß sie alsbald durch ihr Benehmer und
ein
der Selbstvergessenheit gesprochenes Wort den Verdacht
des Gatten erregt; er beginnt zu erraten und zu forschen, und
schließlich fühlt sie selbst sich zum Geständnis der vollen Wahrheit ge¬
trieben. Damit kommt denn auch die landläufige bürgerliche Moral zu
ihrem Rechte
aber der künstlerische Höhepunkt, das Gefühl der
poetischen Gerechtigkeit war doch schon vorher erreicht, und so wirkt dieser
Schlußakt nur konventionell und als ästhetische Abflachung. Die Recitation
an sich war vortrefflich, nur vielleicht stellenweise in anbetracht der Größe
des Saales zu leise. Als zweites Stück brachte Bahr eine amüsante, aber
Fedeutungslose Humoreske von Felix Dörmann „Wie man Ministe
ngt“, und zuletzt las er eigene Schöpfungen: eine witzige klein
Satire „Das Talent“ und eine sehr interessante novellistische Episod

8## Käferl“. Da bei Bahrs Vortragsweise jedes ernste und heite
Moment, jede Dialogpointe voll zur Geltung kam, wirkte die ganze Vo
lesung, zumal sie nicht gerade lange dauerte und die Empfänglichkeit dr
Hörer nicht erschöpft wurde, ungemein fesselnd und anregend. Dem
Vortragenden wurde daher auch diesmal wieder lebhafter und aufrichtiger
Beifall Atett.

Due lenanen be ohne Gewähr.)
WIENER ABENÖPCST
Ausschnitt aus:
7

vom:
EIERIS
(Grillparzer=Gesellschaft.) Gestern abend gab ein
Vortragsabend der Grillparzer=Gesellschaft einem ungemein
zahlreich erschienenen Publikum die erwünschte Gelegenheit,
20
Frau Patharina Schratt wieder einmal am Vorlesetische
begrüßen zu dürfen. Die Künstlerin las zunächst Artur
2.
Schnitzlers Novelle „Die Toten schweigen“, ein Glanzstück
feinster Seelenmalerei, das aber seine stärkste Wirkung in der
8
Lektüre übt. Frau Schratt widerstand der Versuchung,
theatralische Effekte anzustreben, die in der Dichtung nicht
gelegen sind, und hielt die Aufmerksamkeit der Zuhörerschaft
8
durch den maßvollen, verständnisreichen Vortrag bis zum
Schlusse fest. Daß aber der Humor, insbesondere der des
Dialekts, die eigenste Domäne der Künstlerin ist, zeigte die
jubelnde Aufnahme, die einer Skizze von Chiavacci sowie
mundartlichen Dichtungen von Stelzhamer, Schadek und
Fraungruber zuteil wurhe. — Unter den Anwesenden
befanden sich Ihre Exzellenzen die Herren Minister für
Kultus und Unterricht Dr. Ritter von Hartel und Graf
Lanckoronski.</Unicode>
            </TextEquiv>
        </TextRegion>
        <TextRegion orientation="0.0" id="r2" custom="readingOrder {index:1;}">
            <Coords points="1721,808 1721,3814 2891,3814 2891,808"/>
            <TextLine id="r2l1" custom="readingOrder {index:0;}">
                <Coords points="1814,849 1873,855 1898,871 1945,861 1964,872 1995,863 2030,872 2058,859 2070,873 2100,863 2129,875 2138,747 2102,753 2071,739 2044,752 2023,738 2004,753 1970,754 1908,728 1890,734 1845,695 1825,694"/>
                <Baseline points="1823,830 1848,838 1873,843 1898,846 1923,848 1948,849 1973,849 1998,850 2023,850 2048,851 2073,853 2098,856 2123,861"/>
                <TextEquiv>
                    <Unicode>21- le.</Unicode>
                </TextEquiv>
            </TextLine>
            <TextLine id="r2l2" custom="readingOrder {index:1;}">
                <Coords points="1730,917 2094,939 2097,871 2071,873 2051,858 2023,872 1996,863 1980,874 1943,859 1898,871 1858,856 1786,861 1733,847"/>
                <Baseline points="1739,894 1765,896 1792,898 1819,900 1846,901 1872,902 1899,903 1926,904 1953,906 1979,907 2006,908 2033,910 2060,911 2087,913"/>
                <TextEquiv>
                    <Unicode>Telephon 12891.</Unicode>
                </TextEquiv>
            </TextLine>
            <TextLine id="r2l3" custom="readingOrder {index:2;}">
                <Coords points="1905,1061 2061,1042 2213,1073 2354,1046 2590,1067 2591,959 2540,941 2450,959 2280,917 2209,942 2125,923 2012,942 1905,1010"/>
                <Baseline points="1913,1049 1946,1046 1979,1044 2013,1042 2046,1041 2080,1040 2113,1040 2147,1040 2180,1040 2214,1041 2247,1042 2280,1043 2314,1044 2347,1045 2381,1046 2414,1047 2448,1049 2481,1049 2515,1050 2548,1051 2582,1051"/>
                <TextEquiv>
                    <Unicode>„OBSERVER</Unicode>
                </TextEquiv>
            </TextLine>
            <TextLine id="r2l4" custom="readingOrder {index:3;}">
                <Coords points="1718,1111 2790,1136 2836,1130 2838,1053 2588,1087 1719,1063"/>
                <Baseline points="1726,1095 1781,1096 1836,1098 1891,1099 1946,1100 2001,1101 2056,1103 2112,1105 2167,1106 2222,1108 2277,1109 2332,1110 2387,1111 2442,1112 2498,1113 2553,1113 2608,1114 2663,1114 2718,1114 2773,1113 2829,1112"/>
                <TextEquiv>
                    <Unicode> I. österr. behördl. konz. Uniernehmen für Zeilungs-Ausschnitte</Unicode>
                </TextEquiv>
            </TextLine>
            <TextLine id="r2l5" custom="readingOrder {index:4;}">
                <Coords points="1912,1164 2016,1198 2193,1178 2254,1202 2345,1184 2510,1209 2612,1192 2648,1151 2291,1116 2143,1138 2079,1110 2051,1130 1913,1119"/>
                <Baseline points="1921,1165 1956,1167 1992,1168 2028,1169 2064,1170 2100,1171 2136,1172 2172,1173 2208,1174 2244,1175 2280,1176 2315,1176 2351,1177 2387,1178 2423,1179 2459,1179 2495,1179 2531,1180 2567,1180 2603,1181 2639,1181"/>
                <TextEquiv>
                    <Unicode>Wien, I., Concordiaplatz 4.</Unicode>
                </TextEquiv>
            </TextLine>
            <TextLine id="r2l6" custom="readingOrder {index:5;}">
                <Coords points="2131,1217 2176,1242 2221,1232 2345,1245 2435,1226 2435,1209 2384,1187 2329,1185 2319,1195 2307,1187 2255,1202 2188,1181 2132,1195"/>
                <Baseline points="2139,1226 2165,1225 2191,1225 2217,1226 2243,1226 2269,1227 2296,1227 2322,1228 2348,1228 2374,1228 2400,1227 2427,1226"/>
                <TextEquiv>
                    <Unicode>Vertretungen</Unicode>
                </TextEquiv>
            </TextLine>
            <TextLine id="r2l7" custom="readingOrder {index:6;}">
                <Coords points="1716,1274 2816,1298 2817,1237 1716,1226"/>
                <Baseline points="1724,1259 1778,1262 1832,1264 1886,1266 1940,1267 1995,1268 2049,1269 2103,1270 2157,1271 2211,1271 2266,1272 2320,1272 2374,1272 2428,1272 2482,1272 2537,1272 2591,1273 2645,1273 2699,1273 2753,1273 2808,1274"/>
                <TextEquiv>
                    <Unicode>in Berlin, Pudapest, Chicago, Christiania, Genf, Kepenhagen,</Unicode>
                </TextEquiv>
            </TextLine>
            <TextLine id="r2l8" custom="readingOrder {index:7;}">
                <Coords points="1720,1298 2754,1347 2834,1297 1720,1275"/>
                <Baseline points="1728,1299 1782,1300 1837,1301 1892,1302 1947,1303 2002,1304 2057,1305 2112,1306 2167,1307 2222,1308 2277,1309 2331,1310 2386,1311 2441,1312 2496,1313 2551,1314 2606,1315 2661,1316 2716,1317 2771,1318 2826,1319"/>
                <TextEquiv>
                    <Unicode>London, Madrid, Mailand, Minneapolis, New-Vork, Paris, Rom,</Unicode>
                </TextEquiv>
            </TextLine>
            <TextLine id="r2l9" custom="readingOrder {index:8;}">
                <Coords points="1900,1357 2661,1367 2661,1325 2594,1317 1901,1313"/>
                <Baseline points="1909,1340 1946,1341 1983,1341 2020,1341 2057,1342 2095,1342 2132,1343 2169,1343 2206,1344 2243,1344 2281,1345 2318,1346 2355,1347 2392,1347 2429,1348 2467,1349 2504,1350 2541,1351 2578,1353 2615,1354 2653,1356"/>
                <TextEquiv>
                    <Unicode>San Franciscö, Stockholm, St. Petersburg.</Unicode>
                </TextEquiv>
            </TextLine>
            <TextLine id="r2l10" custom="readingOrder {index:9;}">
                <Coords points="2065,1388 2146,1391 2201,1415 2253,1392 2282,1407 2304,1396 2343,1408 2483,1400 2483,1363 2464,1372 2443,1357 2233,1354 2191,1366 2108,1352 2066,1365"/>
                <Baseline points="2074,1383 2099,1382 2124,1381 2149,1381 2174,1380 2199,1380 2224,1381 2249,1381 2274,1382 2299,1383 2324,1383 2349,1384 2374,1385 2399,1386 2424,1388 2449,1389 2475,1390"/>
                <TextEquiv>
                    <Unicode>(Quelienangabe ohne Gewähr.)</Unicode>
                </TextEquiv>
            </TextLine>
            <TextLine id="r2l11" custom="readingOrder {index:10;}">
                <Coords points="1712,1476 2030,1503 2345,1472 2787,1519 2898,1512 2900,1417 2172,1399 1713,1449"/>
                <Baseline points="1721,1467 1779,1468 1838,1469 1896,1470 1955,1471 2013,1471 2072,1473 2130,1474 2189,1475 2247,1476 2306,1478 2364,1479 2423,1480 2481,1482 2540,1483 2598,1484 2657,1486 2715,1487 2774,1488 2832,1490 2891,1491"/>
                <TextEquiv>
                    <Unicode>Ausschnitt aus: Neues Wiener Tagblatt</Unicode>
                </TextEquiv>
            </TextLine>
            <TextLine id="r2l12" custom="readingOrder {index:11;}">
                <Coords points="1713,1556 1729,1558 1757,1575 1772,1569 1783,1575 1822,1571 1850,1576 1864,1567 1880,1568 1883,1514 1844,1523 1837,1517 1827,1523 1822,1519 1795,1534 1741,1506 1717,1506"/>
                <Baseline points="1721,1557 1746,1562 1771,1565 1796,1566 1821,1567 1846,1567 1871,1570"/>
                <TextEquiv>
                    <Unicode>vom:</Unicode>
                </TextEquiv>
            </TextLine>
            <TextLine id="r2l13" custom="readingOrder {index:12;}">
                <Coords points="2073,1617 2370,1607 2400,1584 2427,1584 2425,1512 2308,1522 2216,1503 2129,1552 2071,1549"/>
                <Baseline points="2081,1603 2107,1604 2133,1604 2159,1605 2185,1605 2211,1604 2237,1604 2263,1603 2289,1602 2315,1600 2341,1599 2367,1597 2393,1595 2419,1592"/>
                <TextEquiv>
                    <Unicode>LMRTDS</Unicode>
                </TextEquiv>
            </TextLine>
            <TextLine id="r2l14" custom="readingOrder {index:13;}">
                <Coords points="2507,1637 2539,1630 2570,1639 2592,1626 2616,1625 2653,1640 2711,1630 2724,1637 2738,1632 2738,1558 2709,1568 2701,1560 2672,1563 2645,1578 2592,1565 2534,1583 2507,1579"/>
                <Baseline points="2516,1624 2542,1623 2569,1623 2596,1623 2623,1623 2649,1623 2676,1623 2703,1622 2730,1622"/>
                <TextEquiv>
                    <Unicode></Unicode>
                </TextEquiv>
            </TextLine>
            <TextLine id="r2l15" custom="readingOrder {index:14;}">
                <Coords points="1920,1643 1940,1643 1965,1659 1972,1654 1996,1656 2015,1644 2028,1643 2046,1652 2062,1647 2061,1575 2032,1567 2000,1575 1987,1569 1963,1577 1920,1569"/>
                <Baseline points="1928,1633 1953,1632 1978,1632 2003,1632 2028,1632 2054,1632"/>
                <TextEquiv>
                    <Unicode>Knnnn</Unicode>
                </TextEquiv>
            </TextLine>
            <TextLine id="r2l16" custom="readingOrder {index:15;}">
                <Coords points="1898,1685 2694,1691 2848,1669 2847,1631 1897,1669"/>
                <Baseline points="1906,1689 1952,1689 1999,1688 2046,1688 2092,1688 2139,1688 2186,1687 2232,1687 2279,1686 2326,1686 2373,1685 2419,1684 2466,1683 2513,1682 2559,1681 2606,1679 2653,1678 2699,1677 2746,1675 2793,1673 2840,1671"/>
                <TextEquiv>
                    <Unicode>* (Frau Schratt am Vorlesetische.) Die Grill¬</Unicode>
                </TextEquiv>
            </TextLine>
            <TextLine id="r2l17" custom="readingOrder {index:16;}">
                <Coords points="1801,1773 1863,1744 2837,1726 2836,1683 2801,1677 1800,1711"/>
                <Baseline points="1808,1744 1859,1743 1910,1741 1961,1740 2012,1739 2063,1737 2114,1736 2165,1735 2216,1734 2267,1733 2319,1732 2370,1731 2421,1730 2472,1729 2523,1728 2574,1726 2625,1725 2676,1723 2727,1722 2778,1720 2830,1718"/>
                <TextEquiv>
                    <Unicode>parzer=Gesellschaft hatte gestern wieder einmal einen Glanz¬</Unicode>
                </TextEquiv>
            </TextLine>
            <TextLine id="r2l18" custom="readingOrder {index:17;}">
                <Coords points="1810,1786 2743,1784 2840,1765 2839,1726 1809,1752"/>
                <Baseline points="1818,1788 1868,1787 1919,1787 1970,1785 2020,1784 2071,1783 2122,1782 2172,1781 2223,1779 2274,1778 2325,1776 2375,1775 2426,1773 2477,1772 2527,1770 2578,1769 2629,1768 2679,1766 2730,1765 2781,1764 2832,1763"/>
                <TextEquiv>
                    <Unicode>abend: Frau Katharina Schratt, die man in dieser</Unicode>
                </TextEquiv>
            </TextLine>
            <TextLine id="r2l19" custom="readingOrder {index:18;}">
                <Coords points="1822,1834 2711,1826 2836,1817 2835,1772 1821,1801"/>
                <Baseline points="1830,1835 1879,1833 1929,1830 1979,1828 2029,1827 2079,1825 2129,1824 2179,1823 2229,1821 2279,1820 2329,1820 2378,1818 2428,1817 2478,1817 2528,1816 2578,1814 2628,1813 2678,1812 2728,1810 2778,1808 2828,1806"/>
                <TextEquiv>
                    <Unicode>Saison auf keiner Wiener Bühne zu Gesichte bekam, er¬</Unicode>
                </TextEquiv>
            </TextLine>
            <TextLine id="r2l20" custom="readingOrder {index:19;}">
                <Coords points="1822,1895 2831,1853 2812,1810 1821,1840"/>
                <Baseline points="1830,1878 1879,1876 1929,1874 1978,1873 2028,1871 2078,1870 2127,1869 2177,1867 2226,1866 2276,1865 2326,1864 2375,1863 2425,1862 2474,1861 2524,1860 2574,1859 2623,1858 2673,1857 2722,1855 2772,1854 2822,1853"/>
                <TextEquiv>
                    <Unicode>schien am Vorlesetische, und das Wiener Puolikum ließ sich</Unicode>
                </TextEquiv>
            </TextLine>
            <TextLine id="r2l21" custom="readingOrder {index:20;}">
                <Coords points="1819,1916 2827,1917 2835,1861 1818,1891"/>
                <Baseline points="1827,1921 1877,1920 1927,1919 1977,1917 2027,1916 2077,1915 2127,1914 2177,1913 2227,1911 2277,1910 2327,1909 2377,1908 2427,1907 2477,1906 2527,1905 2577,1903 2627,1902 2677,1901 2727,1900 2777,1899 2828,1898"/>
                <TextEquiv>
                    <Unicode>auch vom ausnehmend schlechten Wetter nicht abhalten, in</Unicode>
                </TextEquiv>
            </TextLine>
            <TextLine id="r2l22" custom="readingOrder {index:21;}">
                <Coords points="1823,1962 2837,1946 2799,1903 1822,1923"/>
                <Baseline points="1830,1966 1879,1965 1929,1964 1979,1963 2029,1962 2079,1961 2129,1960 2179,1958 2229,1957 2279,1956 2329,1954 2378,1953 2428,1951 2478,1950 2528,1949 2578,1947 2628,1946 2678,1945 2728,1944 2778,1943 2828,1942"/>
                <TextEquiv>
                    <Unicode>hellen Scharen in den Festsaal des Ingenieur= und</Unicode>
                </TextEquiv>
            </TextLine>
            <TextLine id="r2l23" custom="readingOrder {index:22;}">
                <Coords points="1826,2018 2850,1995 2849,1953 2751,1946 1825,1973"/>
                <Baseline points="1834,2014 1884,2012 1934,2010 1985,2007 2035,2006 2086,2004 2136,2003 2186,2001 2237,2000 2287,1999 2338,1997 2388,1996 2438,1995 2489,1994 2539,1993 2590,1992 2640,1990 2690,1989 2741,1988 2791,1987 2842,1985"/>
                <TextEquiv>
                    <Unicode>Architektenvereines zu strömen, um das so selten gewordene</Unicode>
                </TextEquiv>
            </TextLine>
            <TextLine id="r2l24" custom="readingOrder {index:23;}">
                <Coords points="1826,2056 2424,2063 2576,2035 2631,2059 2850,2024 2826,1990 1825,2021"/>
                <Baseline points="1834,2058 1884,2056 1934,2055 1985,2053 2035,2052 2086,2050 2136,2049 2186,2048 2237,2047 2287,2046 2338,2044 2388,2043 2438,2042 2489,2041 2539,2039 2590,2038 2640,2036 2690,2034 2741,2032 2791,2030 2842,2027"/>
                <TextEquiv>
                    <Unicode>Vergnügen zu genießen, Frau Schratt zu sehen und zu</Unicode>
                </TextEquiv>
            </TextLine>
            <TextLine id="r2l25" custom="readingOrder {index:24;}">
                <Coords points="1821,2115 2801,2089 2850,2067 2849,2024 2625,2064 2373,2044 1938,2077 1819,2047"/>
                <Baseline points="1828,2101 1878,2099 1929,2098 1980,2096 2030,2095 2081,2094 2132,2093 2182,2092 2233,2091 2284,2090 2335,2089 2385,2088 2436,2087 2487,2086 2537,2085 2588,2084 2639,2082 2689,2081 2740,2079 2791,2077 2842,2075"/>
                <TextEquiv>
                    <Unicode>hören. Unter den Anwesenden bemeriten wir unter</Unicode>
                </TextEquiv>
            </TextLine>
            <TextLine id="r2l26" custom="readingOrder {index:25;}">
                <Coords points="1830,2149 2843,2126 2824,2073 1829,2109"/>
                <Baseline points="1838,2146 1887,2144 1937,2143 1987,2141 2037,2140 2087,2139 2136,2138 2186,2136 2236,2135 2286,2134 2336,2133 2385,2131 2435,2130 2485,2128 2535,2128 2585,2126 2634,2125 2684,2123 2734,2122 2784,2121 2834,2119"/>
                <TextEquiv>
                    <Unicode>anderen: Unterrichtsminister Dr. p. Hartel, Graf</Unicode>
                </TextEquiv>
            </TextLine>
            <TextLine id="r2l27" custom="readingOrder {index:26;}">
                <Coords points="1830,2192 2688,2185 2851,2147 1828,2149"/>
                <Baseline points="1838,2190 1888,2188 1938,2187 1988,2186 2039,2185 2089,2184 2139,2183 2190,2182 2240,2181 2290,2180 2341,2179 2391,2178 2441,2177 2491,2175 2542,2174 2592,2172 2642,2171 2693,2169 2743,2167 2793,2164 2844,2161"/>
                <TextEquiv>
                    <Unicode>Lanckoronski und Gemahlin, Hofrat Professor</Unicode>
                </TextEquiv>
            </TextLine>
            <TextLine id="r2l28" custom="readingOrder {index:27;}">
                <Coords points="1824,2249 2845,2217 2843,2164 1824,2215"/>
                <Baseline points="1832,2237 1882,2234 1932,2233 1982,2231 2032,2229 2083,2228 2133,2226 2183,2225 2233,2224 2283,2223 2334,2222 2384,2221 2434,2220 2484,2219 2534,2218 2585,2217 2635,2216 2685,2215 2735,2214 2785,2213 2836,2211"/>
                <TextEquiv>
                    <Unicode>Dr. Theodor Gomperz und Hofschauspieler Lewinsky.</Unicode>
                </TextEquiv>
            </TextLine>
            <TextLine id="r2l29" custom="readingOrder {index:28;}">
                <Coords points="1833,2285 2860,2259 2846,2214 1832,2238"/>
                <Baseline points="1841,2282 1891,2280 1942,2278 1992,2276 2043,2274 2093,2273 2144,2272 2194,2271 2245,2270 2295,2269 2346,2268 2397,2267 2447,2266 2498,2265 2548,2264 2599,2262 2649,2261 2700,2259 2750,2257 2801,2255 2852,2252"/>
                <TextEquiv>
                    <Unicode>Frau Schratt, prächtig aussehend, war bei bester</Unicode>
                </TextEquiv>
            </TextLine>
            <TextLine id="r2l30" custom="readingOrder {index:29;}">
                <Coords points="1833,2329 2854,2305 2853,2263 2615,2253 1832,2286"/>
                <Baseline points="1842,2327 1892,2324 1942,2322 1992,2320 2042,2318 2093,2317 2143,2315 2193,2314 2243,2313 2293,2312 2344,2311 2394,2310 2444,2310 2494,2309 2544,2308 2595,2307 2645,2306 2695,2305 2745,2304 2795,2303 2846,2301"/>
                <TextEquiv>
                    <Unicode>Stimmung und las beinahe volle zwei Stunden. Alle</Unicode>
                </TextEquiv>
            </TextLine>
            <TextLine id="r2l31" custom="readingOrder {index:30;}">
                <Coords points="1837,2368 2860,2349 2849,2303 1836,2329"/>
                <Baseline points="1845,2370 1895,2369 1945,2368 1996,2367 2046,2365 2096,2364 2147,2363 2197,2361 2247,2359 2298,2358 2348,2356 2398,2355 2449,2354 2499,2352 2549,2351 2600,2349 2650,2348 2700,2347 2751,2346 2801,2345 2852,2345"/>
                <TextEquiv>
                    <Unicode>Register ihrer Kunst ließ sie springen: die vornehme Burg¬</Unicode>
                </TextEquiv>
            </TextLine>
            <TextLine id="r2l32" custom="readingOrder {index:31;}">
                <Coords points="1829,2427 2796,2407 2851,2362 1827,2376"/>
                <Baseline points="1836,2415 1886,2415 1936,2414 1987,2413 2037,2411 2088,2410 2138,2408 2188,2407 2239,2405 2289,2403 2340,2401 2390,2400 2440,2398 2491,2397 2541,2395 2592,2395 2642,2394 2692,2393 2743,2393 2793,2393 2844,2393"/>
                <TextEquiv>
                    <Unicode>schauspielerin und die ursprüngliche Volksschauspielerin</Unicode>
                </TextEquiv>
            </TextLine>
            <TextLine id="r2l33" custom="readingOrder {index:32;}">
                <Coords points="1836,2454 2642,2467 2844,2433 2843,2406 2755,2393 1836,2428"/>
                <Baseline points="1844,2462 1893,2459 1943,2458 1992,2456 2042,2454 2092,2453 2141,2451 2191,2450 2240,2449 2290,2448 2340,2447 2389,2446 2439,2445 2488,2444 2538,2443 2588,2442 2637,2441 2687,2440 2736,2438 2786,2437 2836,2435"/>
                <TextEquiv>
                    <Unicode>kamen im Hochdeutsch und im Dialekt der mit glücklichem</Unicode>
                </TextEquiv>
            </TextLine>
            <TextLine id="r2l34" custom="readingOrder {index:33;}">
                <Coords points="1834,2520 2838,2490 2850,2454 1832,2465"/>
                <Baseline points="1842,2507 1892,2505 1942,2502 1992,2500 2042,2498 2092,2497 2142,2495 2192,2494 2242,2493 2292,2492 2342,2491 2392,2490 2442,2489 2492,2488 2542,2487 2592,2486 2642,2485 2692,2484 2742,2482 2792,2480 2843,2478"/>
                <TextEquiv>
                    <Unicode>Geschmacke ausgewählten Stücke zur Geltung. Die herbe</Unicode>
                </TextEquiv>
            </TextLine>
            <TextLine id="r2l35" custom="readingOrder {index:34;}">
                <Coords points="1839,2548 2849,2526 2848,2491 2782,2483 1839,2519"/>
                <Baseline points="1848,2553 1897,2551 1947,2549 1996,2547 2046,2545 2096,2544 2145,2542 2195,2541 2245,2540 2294,2539 2344,2538 2394,2537 2443,2536 2493,2535 2543,2534 2592,2532 2642,2531 2692,2529 2741,2528 2791,2526 2841,2523"/>
                <TextEquiv>
                    <Unicode>Anmut dieser Künstlerin reicht in ihrer künstlerischen</Unicode>
                </TextEquiv>
            </TextLine>
            <TextLine id="r2l36" custom="readingOrder {index:35;}">
                <Coords points="1837,2608 2805,2589 2854,2543 1836,2555"/>
                <Baseline points="1845,2597 1895,2595 1945,2593 1995,2592 2045,2590 2095,2588 2145,2587 2195,2585 2245,2584 2295,2583 2345,2582 2395,2580 2445,2579 2495,2578 2545,2577 2595,2576 2645,2575 2695,2574 2745,2573 2795,2573 2846,2572"/>
                <TextEquiv>
                    <Unicode>Spannweite vom Tragischen durchs heiter Beistreiche bis</Unicode>
                </TextEquiv>
            </TextLine>
            <TextLine id="r2l37" custom="readingOrder {index:36;}">
                <Coords points="1832,2649 2844,2633 2853,2588 1831,2612"/>
                <Baseline points="1839,2643 1889,2641 1939,2640 1990,2638 2040,2636 2090,2635 2141,2633 2191,2632 2241,2631 2292,2630 2342,2628 2392,2627 2443,2626 2493,2625 2543,2624 2594,2623 2644,2622 2694,2620 2745,2620 2795,2618 2846,2617"/>
                <TextEquiv>
                    <Unicode>zum Burleskkomischen, und man wäre in Verlegenheit, zu</Unicode>
                </TextEquiv>
            </TextLine>
            <TextLine id="r2l38" custom="readingOrder {index:37;}">
                <Coords points="1839,2700 2864,2655 2818,2619 1838,2651"/>
                <Baseline points="1847,2687 1897,2685 1947,2683 1998,2681 2048,2680 2099,2678 2149,2677 2200,2676 2250,2675 2301,2674 2351,2673 2401,2672 2452,2671 2502,2670 2553,2669 2603,2668 2654,2666 2704,2664 2755,2662 2805,2660 2856,2657"/>
                <TextEquiv>
                    <Unicode>sagen, was ihr besser darzustellen gelang: die qualvolle Ge¬</Unicode>
                </TextEquiv>
            </TextLine>
            <TextLine id="r2l39" custom="readingOrder {index:38;}">
                <Coords points="1840,2740 2080,2716 2318,2740 2425,2704 2675,2733 2852,2709 2851,2664 1839,2700"/>
                <Baseline points="1848,2731 1897,2729 1947,2728 1997,2727 2047,2725 2097,2724 2146,2723 2196,2722 2246,2721 2296,2720 2346,2719 2395,2718 2445,2717 2495,2716 2545,2714 2595,2713 2644,2711 2694,2709 2744,2707 2794,2705 2844,2702"/>
                <TextEquiv>
                    <Unicode>wissensangst einer sündigenden und sich selbst ver¬</Unicode>
                </TextEquiv>
            </TextLine>
            <TextLine id="r2l40" custom="readingOrder {index:39;}">
                <Coords points="1844,2790 2835,2766 2860,2712 2477,2730 2426,2704 2174,2745 2080,2715 1843,2747"/>
                <Baseline points="1852,2776 1902,2774 1952,2772 2002,2771 2052,2769 2102,2768 2152,2767 2202,2765 2252,2765 2302,2763 2352,2762 2402,2762 2452,2761 2502,2760 2552,2758 2602,2757 2652,2756 2702,2754 2752,2752 2802,2751 2852,2748"/>
                <TextEquiv>
                    <Unicode>urteilenden Dame aus den wohlhabenden und gebildeten</Unicode>
                </TextEquiv>
            </TextLine>
            <TextLine id="r2l41" custom="readingOrder {index:40;}">
                <Coords points="1845,2829 2483,2828 2859,2776 1845,2790"/>
                <Baseline points="1854,2818 1903,2817 1953,2815 2003,2814 2053,2813 2103,2811 2153,2810 2203,2810 2253,2809 2303,2808 2353,2807 2402,2806 2452,2805 2502,2804 2552,2803 2602,2802 2652,2801 2702,2800 2752,2799 2802,2797 2852,2795"/>
                <TextEquiv>
                    <Unicode>Gesellschaftskreisen in der tragischen Satire „Die Toten</Unicode>
                </TextEquiv>
            </TextLine>
            <TextLine id="r2l42" custom="readingOrder {index:41;}">
                <Coords points="1853,2874 2862,2839 2806,2801 1852,2826"/>
                <Baseline points="1860,2866 1909,2864 1959,2862 2009,2861 2058,2859 2108,2858 2158,2856 2207,2855 2257,2854 2307,2853 2357,2852 2406,2850 2456,2849 2506,2849 2555,2848 2605,2847 2655,2845 2704,2844 2754,2843 2804,2842 2854,2840"/>
                <TextEquiv>
                    <Unicode>schweigen“ von Arthur Schnitzler oder die keifende Ge¬</Unicode>
                </TextEquiv>
            </TextLine>
            <TextLine id="r2l43" custom="readingOrder {index:42;}">
                <Coords points="1859,2926 2680,2907 2864,2885 2864,2853 1857,2873"/>
                <Baseline points="1866,2910 1915,2908 1965,2907 2014,2905 2064,2904 2113,2903 2163,2902 2212,2901 2262,2900 2311,2899 2361,2898 2410,2897 2460,2896 2509,2896 2559,2895 2608,2894 2658,2892 2707,2891 2757,2890 2806,2888 2856,2886"/>
                <TextEquiv>
                    <Unicode>schwätzigkeit einer Klatschbase aus der Wiener Vorstadt in</Unicode>
                </TextEquiv>
            </TextLine>
            <TextLine id="r2l44" custom="readingOrder {index:43;}">
                <Coords points="1843,2976 2059,2943 2847,2943 2864,2885 1842,2918"/>
                <Baseline points="1850,2955 1900,2953 1950,2952 2000,2950 2051,2948 2101,2947 2151,2946 2202,2945 2252,2944 2302,2942 2353,2941 2403,2940 2453,2939 2503,2938 2554,2937 2604,2936 2654,2934 2705,2933 2755,2931 2805,2930 2856,2928"/>
                <TextEquiv>
                    <Unicode>einer der wirksamsten Humoresken Chiavaccis</Unicode>
                </TextEquiv>
            </TextLine>
            <TextLine id="r2l45" custom="readingOrder {index:44;}">
                <Coords points="1852,3005 2869,2976 2846,2942 2714,2934 1851,2976"/>
                <Baseline points="1860,3000 1910,2998 1960,2996 2010,2994 2060,2992 2110,2991 2160,2990 2210,2988 2260,2987 2310,2986 2360,2985 2410,2984 2460,2984 2510,2983 2560,2982 2610,2981 2660,2980 2710,2979 2760,2978 2810,2977 2860,2975"/>
                <TextEquiv>
                    <Unicode>„Kommen S' bald wieder!" Jedes dieser Stücke las Frau</Unicode>
                </TextEquiv>
            </TextLine>
            <TextLine id="r2l46" custom="readingOrder {index:45;}">
                <Coords points="1841,3054 2634,3041 2829,3030 2861,2999 1840,3003"/>
                <Baseline points="1849,3043 1899,3041 1949,3040 1999,3039 2049,3038 2100,3037 2150,3036 2200,3035 2250,3034 2300,3033 2351,3032 2401,3030 2451,3029 2501,3028 2551,3027 2602,3026 2652,3025 2702,3024 2752,3022 2802,3021 2853,3019"/>
                <TextEquiv>
                    <Unicode>Schratt in seiner Art mit einer aus dem Innern quellenden</Unicode>
                </TextEquiv>
            </TextLine>
            <TextLine id="r2l47" custom="readingOrder {index:46;}">
                <Coords points="1832,3095 2825,3077 2861,3029 1831,3063"/>
                <Baseline points="1839,3089 1889,3088 1940,3087 1991,3085 2042,3085 2092,3083 2143,3082 2194,3081 2245,3080 2295,3078 2346,3077 2397,3076 2448,3074 2498,3073 2549,3072 2600,3071 2651,3069 2701,3068 2752,3067 2803,3065 2854,3064"/>
                <TextEquiv>
                    <Unicode>Kraft vor. Den Uebergang von Schnitzlers poesievollem</Unicode>
                </TextEquiv>
            </TextLine>
            <TextLine id="r2l48" custom="readingOrder {index:47;}">
                <Coords points="1850,3139 2807,3125 2867,3114 2867,3084 1849,3092"/>
                <Baseline points="1858,3132 1908,3131 1958,3130 2008,3129 2058,3127 2108,3127 2158,3125 2208,3125 2258,3124 2308,3123 2359,3122 2409,3121 2459,3120 2509,3119 2559,3118 2609,3117 2659,3116 2709,3114 2759,3113 2809,3112 2860,3110"/>
                <TextEquiv>
                    <Unicode>Seelengemälde zur Humoreske bildete zunächst die zwischen</Unicode>
                </TextEquiv>
            </TextLine>
            <TextLine id="r2l49" custom="readingOrder {index:48;}">
                <Coords points="1848,3195 2787,3173 2868,3136 1847,3139"/>
                <Baseline points="1856,3176 1906,3175 1956,3174 2006,3173 2056,3172 2107,3171 2157,3170 2207,3169 2257,3168 2307,3167 2358,3165 2408,3164 2458,3164 2508,3162 2558,3162 2609,3161 2659,3160 2709,3160 2759,3159 2809,3159 2860,3159"/>
                <TextEquiv>
                    <Unicode>Ernst und Heiterkeit spielende Reisegeschichte aus Italien</Unicode>
                </TextEquiv>
            </TextLine>
            <TextLine id="r2l50" custom="readingOrder {index:49;}">
                <Coords points="1852,3240 2874,3204 2873,3170 2828,3161 1851,3192"/>
                <Baseline points="1859,3223 1909,3220 1959,3218 2009,3217 2060,3216 2110,3215 2160,3214 2211,3213 2261,3213 2311,3213 2362,3212 2412,3212 2462,3211 2512,3211 2563,3210 2613,3209 2663,3207 2714,3205 2764,3203 2814,3200 2865,3197"/>
                <TextEquiv>
                    <Unicode>„Ja oder Nein?“ von Hevesi und dann „Eine dumme</Unicode>
                </TextEquiv>
            </TextLine>
            <TextLine id="r2l51" custom="readingOrder {index:50;}">
                <Coords points="1849,3263 2783,3266 2874,3220 1848,3232"/>
                <Baseline points="1857,3265 1907,3263 1957,3262 2008,3260 2058,3259 2109,3258 2159,3257 2210,3256 2260,3256 2311,3255 2361,3255 2411,3254 2462,3253 2512,3253 2563,3252 2613,3251 2664,3250 2714,3248 2765,3246 2815,3244 2866,3241"/>
                <TextEquiv>
                    <Unicode>Geschichte“ von Marie v. Ebner=Eschenbach, eines</Unicode>
                </TextEquiv>
            </TextLine>
            <TextLine id="r2l52" custom="readingOrder {index:51;}">
                <Coords points="1853,3310 2869,3297 2845,3254 2675,3249 1852,3278"/>
                <Baseline points="1861,3312 1913,3311 1966,3309 2018,3307 2071,3306 2123,3305 2176,3304 2229,3303 2281,3302 2334,3301 2386,3300 2439,3299 2491,3299 2544,3298 2597,3297 2649,3296 2702,3296 2754,3295 2807,3294 2860,3292"/>
                <TextEquiv>
                    <Unicode>der geistvollsten Produkte unserer Dichterin. Es dürfte wohl</Unicode>
                </TextEquiv>
            </TextLine>
            <TextLine id="r2l53" custom="readingOrder {index:52;}">
                <Coords points="1853,3365 2760,3357 2872,3323 2804,3298 1853,3328"/>
                <Baseline points="1862,3359 1912,3357 1962,3354 2012,3353 2062,3351 2112,3350 2162,3349 2212,3348 2262,3347 2312,3346 2363,3345 2413,3344 2463,3344 2513,3343 2563,3342 2613,3341 2663,3340 2713,3339 2763,3338 2813,3336 2864,3335"/>
                <TextEquiv>
                    <Unicode>keiner der vielen Dichterinnen, die sich für die Frauenrechte</Unicode>
                </TextEquiv>
            </TextLine>
            <TextLine id="r2l54" custom="readingOrder {index:53;}">
                <Coords points="1857,3404 2773,3399 2847,3391 2869,3349 1856,3383"/>
                <Baseline points="1864,3404 1913,3402 1963,3400 2013,3399 2063,3397 2113,3396 2163,3394 2213,3394 2263,3392 2313,3391 2363,3390 2412,3390 2462,3389 2512,3388 2562,3387 2612,3387 2662,3386 2712,3385 2762,3384 2812,3384 2862,3383"/>
                <TextEquiv>
                    <Unicode>einsetzten, gelungen sein, so knapp und so gescheit zugleich</Unicode>
                </TextEquiv>
            </TextLine>
            <TextLine id="r2l55" custom="readingOrder {index:54;}">
                <Coords points="1859,3446 2563,3427 2872,3458 2888,3386 1858,3404"/>
                <Baseline points="1866,3446 1916,3445 1967,3444 2018,3442 2068,3442 2119,3440 2170,3440 2220,3438 2271,3438 2322,3437 2373,3436 2423,3435 2474,3434 2525,3433 2575,3432 2626,3431 2677,3430 2727,3429 2778,3428 2829,3427 2880,3425"/>
                <TextEquiv>
                    <Unicode>die Geschichte der Frauen in der Kultur darzustellen, wie</Unicode>
                </TextEquiv>
            </TextLine>
            <TextLine id="r2l56" custom="readingOrder {index:55;}">
                <Coords points="1855,3491 2836,3489 2871,3451 1855,3454"/>
                <Baseline points="1864,3490 1914,3489 1964,3488 2014,3487 2064,3486 2114,3485 2164,3484 2214,3483 2264,3481 2314,3480 2364,3479 2414,3478 2464,3477 2514,3476 2564,3475 2614,3474 2664,3473 2714,3473 2764,3472 2814,3472 2864,3471"/>
                <TextEquiv>
                    <Unicode>der Ebner in dieser weisen „Dummen Geschichte“. Nun trug</Unicode>
                </TextEquiv>
            </TextLine>
            <TextLine id="r2l57" custom="readingOrder {index:56;}">
                <Coords points="1859,3532 2867,3534 2890,3474 1858,3496"/>
                <Baseline points="1867,3532 1917,3532 1968,3532 2019,3531 2070,3530 2120,3530 2171,3529 2222,3528 2273,3526 2323,3525 2374,3524 2425,3523 2476,3522 2526,3521 2577,3520 2628,3519 2679,3518 2729,3518 2780,3517 2831,3517 2882,3517"/>
                <TextEquiv>
                    <Unicode>Frau Schratt Chiavaccis Humoreske mit allermunterster</Unicode>
                </TextEquiv>
            </TextLine>
            <TextLine id="r2l58" custom="readingOrder {index:57;}">
                <Coords points="1861,3584 2880,3575 2879,3543 2817,3521 1860,3549"/>
                <Baseline points="1869,3576 1919,3576 1969,3576 2019,3576 2069,3576 2119,3575 2169,3574 2220,3573 2270,3572 2320,3571 2370,3569 2420,3568 2470,3567 2520,3566 2571,3565 2621,3564 2671,3564 2721,3563 2771,3563 2821,3564 2872,3564"/>
                <TextEquiv>
                    <Unicode>Wirkung vor und hierauf noch eine Reihe von Gedichten im</Unicode>
                </TextEquiv>
            </TextLine>
            <TextLine id="r2l59" custom="readingOrder {index:58;}">
                <Coords points="1857,3635 2778,3603 2852,3626 2876,3590 2686,3565 1856,3585"/>
                <Baseline points="1865,3623 1915,3623 1965,3623 2015,3623 2065,3622 2115,3621 2165,3620 2216,3619 2266,3617 2316,3616 2366,3614 2416,3613 2466,3612 2516,3610 2567,3609 2617,3609 2667,3608 2717,3608 2767,3607 2817,3608 2868,3609"/>
                <TextEquiv>
                    <Unicode>niederösterreichischen Dialekt von Stelzhamer,</Unicode>
                </TextEquiv>
            </TextLine>
            <TextLine id="r2l60" custom="readingOrder {index:59;}">
                <Coords points="1861,3666 2882,3665 2881,3622 2815,3604 1861,3632"/>
                <Baseline points="1870,3666 1920,3665 1970,3665 2020,3664 2070,3663 2121,3662 2171,3661 2221,3660 2271,3659 2321,3657 2372,3656 2422,3655 2472,3654 2522,3653 2572,3652 2623,3651 2673,3651 2723,3651 2773,3651 2823,3651 2874,3652"/>
                <TextEquiv>
                    <Unicode>Schadek und Fraungruber; einen liebens¬</Unicode>
                </TextEquiv>
            </TextLine>
            <TextLine id="r2l61" custom="readingOrder {index:60;}">
                <Coords points="1866,3731 2892,3715 2855,3661 2696,3649 1865,3676"/>
                <Baseline points="1873,3713 1923,3712 1974,3712 2024,3711 2075,3709 2125,3708 2176,3707 2226,3706 2277,3705 2327,3704 2378,3702 2429,3702 2479,3701 2530,3700 2580,3699 2631,3698 2681,3698 2732,3698 2782,3698 2833,3698 2884,3699"/>
                <TextEquiv>
                    <Unicode>würdigeren Abschluß konnte sie dem Abend nicht verleihen</Unicode>
                </TextEquiv>
            </TextLine>
            <TextLine id="r2l62" custom="readingOrder {index:61;}">
                <Coords points="1865,3761 2889,3757 2888,3724 2816,3703 1864,3734"/>
                <Baseline points="1872,3761 1922,3760 1972,3758 2023,3757 2073,3755 2124,3754 2174,3752 2224,3752 2275,3750 2325,3749 2376,3748 2426,3748 2476,3747 2527,3746 2577,3746 2628,3745 2678,3745 2728,3744 2779,3744 2829,3744 2880,3744"/>
                <TextEquiv>
                    <Unicode>und das Publikum gab seinem warmen Danke in lang¬</Unicode>
                </TextEquiv>
            </TextLine>
            <TextLine id="r2l63" custom="readingOrder {index:62;}">
                <Coords points="1850,3810 2021,3834 2229,3805 2271,3822 2309,3800 2420,3816 2419,3773 2364,3750 2344,3767 2200,3753 1849,3770"/>
                <Baseline points="1858,3804 1885,3804 1913,3804 1940,3804 1968,3804 1996,3803 2023,3803 2051,3802 2079,3801 2106,3800 2134,3799 2162,3798 2189,3797 2217,3796 2245,3795 2272,3794 2300,3793 2328,3792 2355,3792 2383,3791 2411,3791"/>
                <TextEquiv>
                    <Unicode>anhaltendem Beifalle Ausdruck.</Unicode>
                </TextEquiv>
            </TextLine>
            <TextEquiv>
                <Unicode>21- le.
Telephon 12891.
„OBSERVER
 I. österr. behördl. konz. Uniernehmen für Zeilungs-Ausschnitte
Wien, I., Concordiaplatz 4.
Vertretungen
in Berlin, Pudapest, Chicago, Christiania, Genf, Kepenhagen,
London, Madrid, Mailand, Minneapolis, New-Vork, Paris, Rom,
San Franciscö, Stockholm, St. Petersburg.
(Quelienangabe ohne Gewähr.)
Ausschnitt aus: Neues Wiener Tagblatt
vom:
LMRTDS

Knnnn
* (Frau Schratt am Vorlesetische.) Die Grill¬
parzer=Gesellschaft hatte gestern wieder einmal einen Glanz¬
abend: Frau Katharina Schratt, die man in dieser
Saison auf keiner Wiener Bühne zu Gesichte bekam, er¬
schien am Vorlesetische, und das Wiener Puolikum ließ sich
auch vom ausnehmend schlechten Wetter nicht abhalten, in
hellen Scharen in den Festsaal des Ingenieur= und
Architektenvereines zu strömen, um das so selten gewordene
Vergnügen zu genießen, Frau Schratt zu sehen und zu
hören. Unter den Anwesenden bemeriten wir unter
anderen: Unterrichtsminister Dr. p. Hartel, Graf
Lanckoronski und Gemahlin, Hofrat Professor
Dr. Theodor Gomperz und Hofschauspieler Lewinsky.
Frau Schratt, prächtig aussehend, war bei bester
Stimmung und las beinahe volle zwei Stunden. Alle
Register ihrer Kunst ließ sie springen: die vornehme Burg¬
schauspielerin und die ursprüngliche Volksschauspielerin
kamen im Hochdeutsch und im Dialekt der mit glücklichem
Geschmacke ausgewählten Stücke zur Geltung. Die herbe
Anmut dieser Künstlerin reicht in ihrer künstlerischen
Spannweite vom Tragischen durchs heiter Beistreiche bis
zum Burleskkomischen, und man wäre in Verlegenheit, zu
sagen, was ihr besser darzustellen gelang: die qualvolle Ge¬
wissensangst einer sündigenden und sich selbst ver¬
urteilenden Dame aus den wohlhabenden und gebildeten
Gesellschaftskreisen in der tragischen Satire „Die Toten
schweigen“ von Arthur Schnitzler oder die keifende Ge¬
schwätzigkeit einer Klatschbase aus der Wiener Vorstadt in
einer der wirksamsten Humoresken Chiavaccis
„Kommen S' bald wieder!" Jedes dieser Stücke las Frau
Schratt in seiner Art mit einer aus dem Innern quellenden
Kraft vor. Den Uebergang von Schnitzlers poesievollem
Seelengemälde zur Humoreske bildete zunächst die zwischen
Ernst und Heiterkeit spielende Reisegeschichte aus Italien
„Ja oder Nein?“ von Hevesi und dann „Eine dumme
Geschichte“ von Marie v. Ebner=Eschenbach, eines
der geistvollsten Produkte unserer Dichterin. Es dürfte wohl
keiner der vielen Dichterinnen, die sich für die Frauenrechte
einsetzten, gelungen sein, so knapp und so gescheit zugleich
die Geschichte der Frauen in der Kultur darzustellen, wie
der Ebner in dieser weisen „Dummen Geschichte“. Nun trug
Frau Schratt Chiavaccis Humoreske mit allermunterster
Wirkung vor und hierauf noch eine Reihe von Gedichten im
niederösterreichischen Dialekt von Stelzhamer,
Schadek und Fraungruber; einen liebens¬
würdigeren Abschluß konnte sie dem Abend nicht verleihen
und das Publikum gab seinem warmen Danke in lang¬
anhaltendem Beifalle Ausdruck.</Unicode>
            </TextEquiv>
        </TextRegion>
    </Page>
</PcGts>
