3276 4068
272 263 1305 334 8. Die Toten schweigen
490 1235 1555 1301 heute taciturn und wütig, morgen redselig, übermütig und
495 1293 1547 1347 neckend, recht (seufzt die Herder) einem Chamäleon gleich
496 1356 1550 1409 und längst, wie er's selbst im Scherze nennt, schon in Er¬
501 1399 1540 1459 furt, wenn die Leute glauben, er wäre noch in Weimar,
498 1459 1540 1505 und immer verändert, abgeworfene Häute hinter sich, immer
493 1507 1552 1565 den verzagenden Freunden wieder entrückt, und immer doch,
497 1562 1559 1631 wie er's auch treiben und sie verwundern und verwirren
492 1615 1554 1675 mag, bei sich im Stillen fest gewiß, daß ihm gottgeführten
500 1670 1541 1726 Menschen doch alles zuletzt zu Nutz und Frommen aus¬
497 1718 1548 1778 schlägt und gedeihen muß, weil's eben nicht er ist, der es
494 1773 1551 1835 macht, sondern es macht ihn. Die Welt und alles Leben,
502 1826 1541 1890 eigenes und fremdes, jetziges und einstiges, nahes und
492 1883 1541 1939 fernes, Wahrheit und Wahn, Offenbarung und Geheimnis,
496 1942 1550 1994 des Menschen Art und das Wachsen der Pflanzen und die
499 1991 1556 2052 Verwandlungen der Tiere, der Steine tiefverborgen wir¬
503 2045 1551 2105 kenden Trieb und der Sterne ewig gleichgestellten Lauf
499 2152 1545 2204 aus, wie ein Quell, unterirdisch versammelt, plötzlich aus
498 2194 1555 2260 dem Felsen aufspringt. So steht dieser einzige Mensch ganz
501 2253 1551 2310 willenlos, ganz triebmäßig, ganz naturhaft vor uns da,
495 2362 1545 2415 ist oder ein übriggebliebener Gott. Sein Wunder lernen
493 2425 1556 2474 wir nicht aus, und je mehr es scheint, daß wir hoffen dürfen,
496 2471 1555 2531 uns ihm mit dem Verstande zu nähern, desto weiter finden
492 2531 1545 2581 wir uns unversehens wieder von ihm entfernt. Denn in¬
502 2566 1557 2633 dem wir die höchste Kultur in ihm verehren, zu der sich
490 2632 1541 2690 jemals ein Deutscher herangebildet hat und ihr nun in Ehr¬
496 2685 1551 2740 furcht nachzufolgen gewillt sind, werden wir mit Schrecken
497 2735 1555 2797 gewahr, daß kein Weg des Gedankens zu ihm führt, weil
508 2786 1548 2847 ihn erkennen so wenig ihm nahe kommen heißt, als der
499 2842 1542 2901 Astronom sich vermessen darf, selbst ein Stern zu werden,
487 2895 1557 2960 deshalb, weil er einen ausgerechnet hat. Ja, diese einzige
1482 266 1826 357 box 1/6
2061 1230 3110 1296 Naturbegebenheit, die Goethe war, auch nuc zu begreifen,
2061 1299 3115 1357 müssen wir immer wieder verzagen, wie doch auch er selbst
2062 1355 3115 1406 mit einer hilflosen Verwunderung, mit einer nie verlöschen¬
2067 1401 3115 1457 den Andacht vor dem Inkalkuloblen, Inkommensurablen
2067 1454 3111 1516 seiner Existenz stand und nicht müde wurde, das unerforsch¬
2068 1510 3111 1572 liche Geheimnis seines eigenen Lebens und wie er darin,
2069 1552 3121 1614 einem Nachtwandler gleich, ahnend bis ans Herz der Natur
2068 1612 3116 1672 drang, immer wieder mit dankbarem Erstaunen zu betrach¬
2061 1679 3122 1726 ten. Und wir folgen ihm und lassen nicht ab, seinem Werden
2068 1733 3125 1791 nachzugehen und es nach dem Woher, Wie und Warum
2069 1783 3112 1829 auszufragen, von welchen dieses Phänomen eines Menschen,
2067 1835 3120 1891 der ganz Natur und dem die Kunst angewachsen war wie
2068 1882 3116 1936 der Apfel am Baum, wie der Strahl an der Sonne, ab¬
2066 1922 3115 1997 zuleiten und vor unseren armen Verstand zu bringen wäre.
2065 1984 3127 2045 Keinem glückt es. Jeder holt einen anderen Goethe her,
2076 2042 3131 2091 tausend Goethe sind's, der Goethe ist's nie. Und auf unsere
2066 2095 3124 2146 Fragen alle gibt's zuletzt nur eine Antwort und nur sie
2068 2145 3123 2202 klärt alles Geheimnis auf: er hat diese Mutter gehabt, die
2076 2196 3121 2265 Frau Rath! Seht sie euch an, und das Wunder ist auf¬
2069 2246 2830 2313 getan: er hatte ja die Natur zur Mama.
2147 2305 3117 2359 Auf den ersten Blick ist ein Gegensatz zwischen Mutter
2068 2364 3123 2422 und Sohn, wie sich ein größerer gar nicht denken läßt.
2079 2412 3125 2469 Scheint er ganz außerhalb der Menschheit zu stehen, so
2067 2469 3114 2526 steht sie mitten drin, und wenn er über alle Begriffe sich
2071 2510 3116 2582 von uns entfernt, so finden wir in ihr überall uns wieder,
2070 2563 3116 2632 uns selbst, die allgemeine Menschenweise, freilich auf das
2068 2620 3125 2680 reinste und vollkommenste dargestellt. Nichts ist in ihr,
2062 2681 3127 2741 wodurch sie irgendwie von einer gesunden und vergnügten
2074 2730 3120 2782 Bürgerin ihrer Zeit abstechen würde, nirgends sondert sie
2073 2784 3115 2842 sich, Seltenes oder Seltsames hat sie gar nichts. Nie wun¬
2068 2843 3126 2898 dert man sich darüber, wie sie ist; eigentlich könnte man
2062 2892 3121 2960 sich ehen wundern, daß nicht jede so ist, und man hat auch
2508 3000 2661 3067 — 9 —
