3228 4068
218 260 1259 354 8. Die Toten schweigen
1052 1252 1419 1339 Telephon 12801.
318 1526 1411 1579 □ I. österr. behördl. konz. Unternehmen für Zeitungs-Ausschnitte
467 1573 1312 1667 Wien, I., Concordiaplatz 4.
691 1652 1079 1715 Vertretungen
309 1685 1407 1754 □ in Berlin, Budapest, Chicago, Christiania, Genf, Kopen¬
301 1732 1409 1805 hagen, London, Madrid, Mailand, Minneapolis, New-Vork,
396 1779 1374 1829 Paris, Rom, San Francisco, Stockholm, St. Petersburg.
706 1816 1076 1869 (Quellenangabe ohne Gewähr.)
311 1832 365 1873 00
372 1813 1375 1946 Ausschnitt ansiner Börsencourler
301 1869 357 1916 *
947 1937 1197 2025 13 N001967
311 1974 505 2037 E vom:
796 2009 1400 2090 .ringe Bautat verliehen.
443 2059 1398 2145 Der Verein Bereiner Kaufleute und
392 2121 1403 2184 Industrieller hatte für seinen gestrigen zweiten
392 2147 1397 2234 Vortragsabend Hermann Bahr gewonnen, der über
393 2201 1396 2275 das Thema „Oesterreichische Dichter“, sprach.
394 2241 1396 2313 Aber was er gab, war nicht die von vielen Besuchern
385 2291 1384 2349 etzwartete Literaturskizze, sondern eine Vorlesung aus
388 2323 1385 2392 din Werken österreichischer Dichter. Zunächst brachte
385 2365 1386 2439 er aus den Schriften Marie von Ebner=Eschenbachs
377 2411 1388 2474 eine stimmungsvolle Jagdhundgeschichte „Crambam¬
391 2445 1387 2520 buli“ zum Vortrag, der er eine schaurige, quälende
387 2485 1381 2563 Ehebruchsgeschichte, düster wie der Titel „Die Toten
386 2527 1385 2602 schweigen“ von ArthunS#itzalgen ließ.
502 2553 656 2621 es
376 2565 491 2619 Hatte
657 2574 1246 2635 der Vörtragende verstanden
1301 2591 1383 2639 in
381 2609 1371 2678 der ersten Erzählung das Gemütvolle, Warm¬
378 2648 1384 2721 herzige, das der liebenswürdigen Dichterin eigen ist,
379 2690 1370 2760 besonders hervorzuheben, so wußte er in dem drama¬
368 2731 1384 2806 tisch=bewegten Wiener Straßenbilde, das Schnitzler
366 2782 1370 2834 mit den dunkelsten Farben aufgetragen, die Zuhörer
376 2811 1374 2877 in die rechte Spannung zu versetzen und sie die Qual
372 2849 1377 2922 der unglücklichen Heldin bis ins Innerste mitempfinden zu
374 2890 1379 2962 lassen. Dem lebhaften Beifall, der dem temperament¬
360 2940 1373 3009 vollen Rezitator gespendet wurde, hatten die Zuhörer
370 2982 1368 3046 noch eine kleine Zugabe zu verdanken, die nach schwerer
369 3013 1387 3101 Tragik auch dem sonnigen Wiener Humor zu seinem,
364 3054 1364 3127 Rechte verhalf. Es war eine kleine Liebesaffäre
371 3104 1366 3166 „Referenzen“ von Raoul Auenheimer. Der Rezitator
361 3138 1366 3209 brachte hier seine gemütliche Wiener Art vorzüglich
366 3186 1368 3249 zur Geltung, sodaß ihm neuer Beifall zu teil wurde.
1419 235 1771 325 box 1/6
2567 608 2917 694 Telephon 12801.
1855 864 2926 925 I. österr. behördl. konz. Unternehmen für Zeitungs-Ausschnitte
1987 922 2827 1009 Wien, I., Concordiaplatz 4.
1824 999 1883 1058 1
2207 997 2591 1065 Vertretungen
1829 1042 2923 1103 □ in Berlin, Budapest, Chicago, Christiania, Genf, Kopen¬
1827 1084 2925 1153 ## hagen, London, Madrid, Mailand, Minneapolis, New-Vork,
1837 1123 2889 1187 0 Paris, Rom, San Francisco, Stockholm, St. Petersburg.
2221 1167 2585 1234 (Quellanabgabe ohne Gewähr.)
1833 1186 1881 1226 00
1891 1227 2276 1299 Ausschnitt aus:
2330 1240 2606 1339 Preie scrn
1820 1311 2907 1392 E vom:# nise Zeitung, Berlin
1882 1375 2985 1450 Hermann Bahr las Dienstag abend auf Einladung des
1823 1419 2989 1482 Vereins Berliner Kaufleute und Industrieller
1833 1463 3004 1516 im Oberlichtsaal der Philharmonie aus Oesterreichischen
1835 1505 2995 1562 Dichtern und erzielte bei dem dichtgedrängten Auditorium sowohl
1827 1544 3001 1595 mit de halb epischen, halb lyrischen Geschichte des treuen Hundes
1825 1585 2998 1633 „Krambambuli“ vor Ebner=Eschenbach als auch mit der
1831 1627 2991 1670 dramatisch bewegten Novelle von Arthur Schnitzler „Die Toten
2665 1665 2995 1716 whr zählt heute
1830 1662 2446 1720 schweigen“ tiefgehende Wiche
1830 1708 2996 1749 mit seiner natürlichen, alle Register der Leidenschaft und des Aus¬
1826 1738 2995 1783 drucks beherrschenden Diktion, der jede Effekthascherei fremd ist,
1818 1776 2987 1829 lund die andererseits, unterstützt von einer ausdrucksvollen Mimik,
1822 1820 2993 1872 jeoe dichterische Nuance liebevoll hervorhebt zu unseren besten Vor¬
1831 1850 2992 1908 tragskünstlern. Bahr dankte den Zuhörern für den lebhaften und
1837 1896 2988 1960 inhaltenden Beifall durch die Zugabe einer kleinen Skizze
1842 1939 2998 1989 Referenzen“ von Raoul Aurnheimer, deren Wiedergabe
1836 1963 2665 2025 stürmische Heiterkeit beit den Zuhörern auslöste.
2293 2126 2653 2202 UPPPPUL-.
1893 2179 2980 2251 D in Berlin, Budapest, Chicago, Christiania, Genf, Kopen¬
1879 2223 2981 2296 hegen, London, Madrid, Mailand, Minneapolis, New-Vork,
1984 2269 2948 2329 varis, Rom, San Francisco, Stockholm, St. Petersburg.
2283 2306 2643 2369 (Ouallenangabe ehne Genähr.)
1903 2364 1937 2409 4
1914 2367 2315 2444 Ausschnitt aus
2304 2380 2551 2475 ssische
2614 2393 2666 2466 6
1868 2453 2362 2536 E vom: HANOV 190
1939 2554 2937 2618 reichische Dichter“ lautete das Losungswort en
2644 2592 2887 2656 Industriellek
1836 2605 2626 2659 vom Verein Berliner Kaufleute und
1834 2644 2879 2692 Dienstag im Oberlichtsaal der Philharmonie veranstalteten
1845 2682 2955 2733 fragsabends. Hermann Bahr hielt eine Vorlesung, die
1833 2726 2984 2771 Wesentlichen aus zwei Novellen literarischer Antipoden seines Hemat¬
1828 2754 2986 2810 Randes bestand. Marie von Ehner=Eschenbach, die deutsch=böhmnische
1837 2799 2979 2842 Dichterin, kam als Vertreterin der älteren, der Wiener Artur
1836 2832 2989 2873 Schnitzler als Repräsentant der neuen Richtung zu Worte. Die
1854 2863 2978 2920 sterin der Novelle hat sich in ihrer von Bahr vorgelesenen
1842 2912 2981 2962 Hunde= und Wilddiebgeschichte „Crambamboli“ wenn auch vielleicht
1832 2954 2976 3002 unbewust, an Reuters unvergleichliche lütte Vogel= und Menschen¬
1831 2989 2978 3039 geschichte „Hanye Nüte“ angelehnt. Die Tragik des Inhalks liegt
1839 3023 2986 3076 in der Treue des „Crambamboli“ gerannten, zwischen seinem alten
1837 3061 2980 3109 und seinem neuen Herrn einherpendelnden Hundes. Der neue, der
1837 3102 2976 3149 Jäger Bob, erschießt den andern, den Wilddieb, der unter
2152 3135 2976 3192 „der Gelbe“, die ganze Gegend unsicher
1837 3137 2151 3191 dem Spitznamen
1836 3179 2984 3227 macht und den strengen Oberförster aus dem Wege ge¬
1839 3218 2983 3263 räumt hat. Zwei Menschen= und eine Hundeleiche bilden den
1835 3253 2980 3306 traurigen Abschluß der Erzählung, in der das Ewigweibliche keine
1843 3288 2989 3336 Rolle spielt. Um so mehr ist dies in der zweiten Novelle „Die
1833 3331 2981 3379 Toten sprechen nicht“ der Fall. Es handelt sich hier um das be¬
1836 3361 2988 3413 kannte dreieckige Verhältnis: den alten gelehrten Professor die
1839 3412 2982 3452 junge blühende Frau und den Liebhaber, den eleganten Franz.
1839 3450 2984 3489 Dieser kommt bei einem Rendezvons durch die Schuld eines be¬
1845 3480 2989 3533 trunkenen Droschkenkutschers ums Leben. Die trostlose Dame verrät
1847 3520 2981 3568 sich infolge der furchtbaren Aufregung unwillkürlich dem ahnungs¬
1837 3555 2983 3609 losen Gatten. Im Halbsa af murmelt sie: „Die: Toten sprechen
2814 3592 2983 3647 Die Nach¬
1841 3603 2805 3642 nicht.“ Schluß. Bahrs Vortragskunst ist bekaunt.
1838 3641 2975 3682 ahmung weiblicher Gefühlsänßerungen gelingt ihm nicht; auch ge¬
1840 3672 2985 3719 lingt ihm das Tragische weniger als das Komische, das nur zum
1836 3711 2975 3757 Schluß in einer zugegebenen humoristischen Kleinigkeit, einer Wiene
1830 3747 2965 3798 Verlobungsgeschichte, ebenfalls mit dem Hintergrund eines „Ve
1832 3792 2995 3833 hältnisses“ vor leider bereits halbgeleertem Saal zu seinem Reche
1835 3822 2986 3879 kam. Das zahlreich erschienene Publikum kargte nicht mit seinm
1838 3861 1970 3918 Roifall.
