3532 4384
311 263 2220 367 17.2. Der tapfere Cassian box 227
1866 869 2204 1054 27 0
2271 1003 2431 1100 1589
874 1018 1248 1090 67. Jahrg. No. 45.
1480 1012 1815 1094 SIGNALE
882 1136 2411 1208 schauspiele. Dabei hat er ein beneidenswertes Stimmaterial, aber einen Stil, der
889 1196 2421 1266 fast unerträglich ist. Frau Mäta von Klintberg als Begleiterin war weit
886 1243 1170 1307 interessanter.
1984 1250 2333 1316 H. W. Draber.
1388 1357 1948 1463 Musikbriefe
1608 1450 1707 1509 aus
1341 1481 1966 1576 Leipzig, Paris und Moskau.
1163 1546 2412 1636 (V. Gewandhaus-Konzert: „Oberon“-Ouvertüre, E-moll¬
933 1602 1154 1662 Leipzig,
1163 1620 2405 1688 Violinkonzert von Spohr, „Sommernachtstraum“-Ouver¬
927 1654 1159 1700 4. November
1147 1666 2426 1746 türe, Solostücke für Violine, und E-moll-Symphonie von
899 1725 2417 1778 Brahms; Solist Prof. Willy Burmester.) Auch heute wieder hat es einen in
886 1772 2418 1840 jeder Hinsicht herrlichen Gewandhausabend gegeben; altliebe Meisterschöpfungen in
902 1818 2429 1887 schöner, und ganz vorübergehend durch ein paar widerspens' ge Horntöne getrübter
890 1868 2415 1934 Ausführungsvollkommenheit, und ein wirklich begnadeter Feingeiger als Solist ver¬
896 1917 2400 1981 halfen zu reicher Ohr- und Geisteslabe. Mit der „Sommernachtstraum“-Ouvertüre
904 1979 2427 2034 wurde auf den Todestag Mendelssohns hingedeutet, und zwischen den beiden in
894 2015 2430 2074 vollem Klangzauber erschimmernden Elfen-Ouvertüren hörte man freudig-befriedigt
891 2075 2427 2125 Prof. Willy Burmester mit seine wunderbar tonedlen Darbietung des E-moll¬
894 2120 2423 2173 Konzertes op. 38 ein würdig-schönes Ilangdenkmal über dem Grabe des vor fünfzig
901 2157 2428 2235 Jahren dahingeschiedenen Meisters Spohr errichten. Dabei feierten denn auch des
896 2216 2412 2284 Künstlers reiche Bogentechnik und reife Vortragskunst schöne Triumphe, und tief¬
908 2269 2416 2329 beglückt dankte man Burmester für die edle Spohr-Gabe sowie weiterhin auch für
899 2309 2428 2365 seinen entzückenden Vortrag einiger von ihm bearbeiteter alter Tanzstücke von
911 2357 2434 2414 Mändel, Dussek, Mehul, Cramer und Milandre. Den ernsten, tiefer greifenden
903 2415 2423 2474 Scnluss des Konzertes bildete eine vorzüglich gelingende Vorführung der E-moll¬
896 2453 2425 2512 Symphonie von Brahms, mit deren gewaltiger, den ersten Satzschluss ganz zum
898 2500 2435 2576 leidenschaftlichsten Seelendrama ausgestaltender und die Final-Variationen in ihrer
902 2568 2426 2615 vollen Erhabenheit erschöpfender Interpretation Herr Prof. Arthur Nikisch auch
902 2599 2424 2658 diesmal wieder sein intimstes Verhältnis zur Brahmsischen Kunst und insonderheit
908 2658 2433 2730 zu der E-moll-Symphonie als einer symphonischen Autobiographie des grossen
906 2709 1362 2761 „Abseiters“ offenbarte.
1234 2753 2435 2843 (Oscar Straus und seine drei Einakter ,Colombine“
937 2763 2426 2873 Leipzig.Der täpfere Kassian- und „Venus im Grünen“.
894 2814 1225 2906 29. Okt.—4. Nov.
1194 2874 2424 2930 J II. Philharmonisches Konzert: Kapellmeister Richard
902 2908 2441 2972 Hagel, Solist Télémaque Lambrino, Novität „Hero und Leander“ von
903 2952 2437 3024 Paul Ertel. Brahms-Abend der von Gustav Wohlgemuth geleiteten
908 3010 2430 3076 Vereine „Leipziger Männerchor“ und „Leipziger Singakademie“;
904 3060 2443 3118 Solistin Kgl. Hofopernsängerin Margarete Ober. Ellen Saatweber.
911 3108 2436 3167 Schlieper und Henri Marteau. Der Klavierspieler Ernst Münch und
905 3151 2423 3210 sein Lehrer Eduard Reuss als Instrumentator der Lisztschen „Dan.e¬
910 3204 2428 3268 Fantasie“. Meta Diestel und Adolf Benzinger. Clara Birgfeld, Käte
905 3272 2449 3315 Hörder und Carola Lorey-Mikorey und William Pitt Chatham.) Vom
913 3292 2443 3372 Schauspiele her, wo sie aus Sudermanns „Morituri“ aufgekommen war und weiterhuif!
902 3351 2439 3412 eifrig nachgebildet worden ist, pflanzt sich die Einakter-Trilogie nun auch auf die
907 3398 2422 3456 Opernbühne fort, und bezeichnenderweise hat man dem von der „bunten Bühne“
911 3452 2443 3516 herkommenden „Walzertraum“-Komponisten Oscar Straus den ersten bunten
910 3493 2443 3582 Opernabend zu verdanken. Im Neuen Theater gab es am 30. Oktober unter
