<?xml version="1.0" encoding="UTF-8" standalone="yes"?>
<PcGts xmlns="http://schema.primaresearch.org/PAGE/gts/pagecontent/2013-07-15" xmlns:xsi="http://www.w3.org/2001/XMLSchema-instance" xsi:schemaLocation="http://schema.primaresearch.org/PAGE/gts/pagecontent/2013-07-15 http://schema.primaresearch.org/PAGE/gts/pagecontent/2013-07-15/pagecontent.xsd">
    <Metadata>
        <Creator>prov=University of Rostock/Institute of Mathematics/CITlab/Gundram Leifert/gundram.leifert@uni-rostock.de:name=ONB_Newseye_GT_M1+(htr_id=10810)::::v=2.4.2
prov=University of Rostock/Institute of Mathematics/CITlab/Tobias Gruening/tobias.gruening@uni-rostock.de:name=de.uros.citlab.module.baseline2polygon.B2PSeamMultiOriented:v=2.4.2
prov=University of Rostock/Institute of Mathematics/CITlab/Tobias Gruening/tobias.gruening@uni-rostock.de:name=/mnt/transkribus/LA/DEA/URO/LA_news_onb_att.pb:de.uros.citlab.segmentation.CITlab_LA_ML:v=2.4.2
Transkribus</Creator>
        <Created>2019-10-07T11:32:03.657+02:00</Created>
        <LastChange>2019-10-08T12:08:30.726+02:00</LastChange>
        <TranskribusMetadata docId="223973" pageId="9499405" pageNr="71" tsid="16559454" status="IN_PROGRESS" userId="40391" imgUrl="https://files.transkribus.eu/Get?id=MSUZNSCNYUZXNZDTNEJUZNUN&amp;fileType=view" xmlUrl="https://files.transkribus.eu/Get?id=YXCMAHWXWJHSZCOXJMNBEIFE" imageId="6189627"/>
    </Metadata>
    <Page imageFilename="223973_0071.jpeg" imageWidth="3484" imageHeight="4384">
        <ReadingOrder>
            <OrderedGroup id="ro_1711450262512" caption="Regions reading order">
                <RegionRefIndexed index="0" regionRef="r1"/>
                <RegionRefIndexed index="1" regionRef="r2"/>
            </OrderedGroup>
        </ReadingOrder>
        <TextRegion orientation="0.0" id="r1" custom="readingOrder {index:0;}">
            <Coords points="266,314 266,3791 1609,3791 1609,314"/>
            <TextLine id="r1l1" custom="readingOrder {index:0;}">
                <Coords points="257,369 1411,400 1572,381 1574,316 635,288 539,333 327,278 258,312"/>
                <Baseline points="266,337 330,343 395,347 460,351 525,354 590,357 655,360 720,361 785,363 850,364 915,365 979,365 1044,366 1109,366 1174,367 1239,367 1304,368 1369,369 1434,369 1499,371 1564,372"/>
                <TextEquiv>
                    <Unicode>17.2. Der tanfere Cassian</Unicode>
                </TextEquiv>
            </TextLine>
            <TextLine id="r1l2" custom="readingOrder {index:1;}">
                <Coords points="500,1174 1576,1131 1573,1060 1459,1047 1405,1077 918,1070 498,1114"/>
                <Baseline points="508,1162 563,1158 619,1155 675,1151 730,1147 786,1144 842,1140 898,1137 953,1133 1009,1131 1065,1128 1121,1126 1176,1123 1232,1121 1288,1120 1344,1119 1399,1118 1455,1118 1511,1118 1567,1118"/>
                <TextEquiv>
                    <Unicode>Bitte Rückseite beachten!</Unicode>
                </TextEquiv>
            </TextLine>
            <TextLine id="r1l3" custom="readingOrder {index:2;}">
                <Coords points="1106,1225 1156,1237 1245,1220 1294,1233 1339,1217 1356,1232 1477,1211 1561,1228 1559,1174 1492,1147 1359,1147 1329,1131 1254,1161 1208,1152 1187,1168 1146,1154 1104,1170"/>
                <Baseline points="1113,1198 1138,1199 1164,1198 1190,1198 1216,1197 1241,1196 1267,1195 1293,1194 1319,1192 1344,1191 1370,1190 1396,1189 1422,1189 1447,1189 1473,1189 1499,1190 1525,1191 1551,1193"/>
                <TextEquiv>
                    <Unicode>Telephon 12.801.</Unicode>
                </TextEquiv>
            </TextLine>
            <TextLine id="r1l4" custom="readingOrder {index:3;}">
                <Coords points="1238,1353 1280,1320 1320,1342 1361,1314 1402,1329 1414,1317 1425,1318 1461,1292 1455,1237 1437,1243 1422,1236 1399,1250 1370,1242 1349,1252 1284,1246 1226,1253"/>
                <Baseline points="1243,1321 1269,1319 1295,1316 1322,1312 1348,1307 1374,1304 1401,1301 1427,1299 1454,1300"/>
                <TextEquiv>
                    <Unicode>D•</Unicode>
                </TextEquiv>
            </TextLine>
            <TextLine id="r1l5" custom="readingOrder {index:4;}">
                <Coords points="651,1441 685,1458 803,1413 983,1435 1033,1407 1298,1398 1397,1421 1392,1340 1351,1319 1318,1341 1276,1326 1186,1380 1106,1330 1001,1357 967,1328 925,1366 870,1340 823,1389 779,1367 649,1398"/>
                <Baseline points="660,1440 696,1431 732,1424 769,1417 805,1412 841,1409 878,1405 914,1403 950,1401 987,1400 1023,1399 1059,1399 1096,1398 1132,1398 1168,1397 1205,1396 1241,1396 1277,1394 1314,1392 1350,1389 1387,1386"/>
                <TextEquiv>
                    <Unicode>„OSSHRVIR</Unicode>
                </TextEquiv>
            </TextLine>
            <TextLine id="r1l6" custom="readingOrder {index:5;}">
                <Coords points="508,1507 1544,1476 1601,1453 1600,1414 506,1444"/>
                <Baseline points="516,1493 569,1491 623,1490 677,1488 731,1486 785,1484 839,1482 892,1480 946,1478 1000,1475 1054,1473 1108,1471 1162,1469 1216,1467 1269,1464 1323,1462 1377,1460 1431,1458 1485,1455 1539,1454 1593,1452"/>
                <TextEquiv>
                    <Unicode>I. österr. behördl. konz. Unternehmen für</Unicode>
                </TextEquiv>
            </TextLine>
            <TextLine id="r1l7" custom="readingOrder {index:6;}">
                <Coords points="810,1535 878,1552 910,1534 965,1534 990,1551 1041,1531 1082,1542 1119,1526 1257,1526 1287,1510 1286,1489 1237,1471 975,1496 848,1488 809,1504"/>
                <Baseline points="819,1528 844,1527 870,1527 895,1527 921,1526 946,1525 972,1524 997,1524 1023,1523 1049,1522 1074,1521 1100,1519 1125,1519 1151,1517 1176,1515 1202,1515 1227,1513 1253,1512 1279,1510"/>
                <TextEquiv>
                    <Unicode>Zeitungsausschnitte</Unicode>
                </TextEquiv>
            </TextLine>
            <TextLine id="r1l8" custom="readingOrder {index:7;}">
                <Coords points="529,1620 1177,1574 1285,1596 1603,1536 1309,1503 1104,1549 526,1560"/>
                <Baseline points="535,1594 588,1593 641,1591 694,1589 747,1587 800,1585 853,1583 906,1581 959,1579 1012,1577 1065,1575 1118,1572 1171,1571 1224,1569 1277,1567 1330,1564 1383,1563 1436,1561 1489,1559 1542,1558 1596,1556"/>
                <TextEquiv>
                    <Unicode>Wien, I., Konkordiaplatz 4.</Unicode>
                </TextEquiv>
            </TextLine>
            <TextLine id="r1l9" custom="readingOrder {index:8;}">
                <Coords points="920,1637 947,1633 980,1645 1059,1630 1103,1640 1115,1630 1129,1639 1172,1636 1215,1615 1214,1584 1176,1574 1151,1594 1110,1602 1070,1594 1023,1602 1008,1591 984,1605 966,1594 918,1595"/>
                <Baseline points="928,1628 953,1628 978,1628 1004,1628 1029,1627 1054,1627 1080,1626 1105,1625 1130,1624 1156,1622 1181,1621 1207,1619"/>
                <TextEquiv>
                    <Unicode>Vertretungen</Unicode>
                </TextEquiv>
            </TextLine>
            <TextLine id="r1l10" custom="readingOrder {index:9;}">
                <Coords points="527,1694 1608,1658 1616,1625 525,1647"/>
                <Baseline points="534,1684 587,1683 641,1681 695,1680 749,1679 802,1676 856,1674 910,1672 964,1670 1017,1668 1071,1665 1125,1663 1179,1661 1232,1659 1286,1657 1340,1656 1394,1654 1447,1652 1501,1651 1555,1650 1609,1649"/>
                <TextEquiv>
                    <Unicode>in Berlin, Basel, Budapest, Chicago, Cleveland, Christiania,</Unicode>
                </TextEquiv>
            </TextLine>
            <TextLine id="r1l11" custom="readingOrder {index:10;}">
                <Coords points="520,1733 1581,1699 1599,1656 518,1691"/>
                <Baseline points="527,1725 580,1724 633,1722 686,1720 739,1718 793,1716 846,1713 899,1712 952,1710 1005,1707 1059,1704 1112,1701 1165,1699 1218,1697 1271,1695 1325,1693 1378,1690 1431,1688 1484,1687 1537,1685 1591,1683"/>
                <TextEquiv>
                    <Unicode>Genf, Kopenhagen, London, Madrid, Mailand, Minneapolis,</Unicode>
                </TextEquiv>
            </TextLine>
            <TextLine id="r1l12" custom="readingOrder {index:11;}">
                <Coords points="518,1755 621,1782 1062,1745 1361,1762 1569,1739 1608,1698 517,1729"/>
                <Baseline points="527,1762 580,1760 634,1758 687,1756 741,1753 795,1751 848,1748 902,1746 956,1745 1009,1743 1063,1740 1117,1738 1170,1736 1224,1734 1278,1732 1331,1730 1385,1727 1439,1725 1492,1723 1546,1721 1600,1718"/>
                <TextEquiv>
                    <Unicode>New-Vork, Paris, Rom, San Francisco, Stockholm, St. Peters¬</Unicode>
                </TextEquiv>
            </TextLine>
            <TextLine id="r1l13" custom="readingOrder {index:12;}">
                <Coords points="921,1781 1013,1803 1077,1784 1153,1803 1229,1790 1227,1748 920,1758"/>
                <Baseline points="929,1786 955,1786 981,1786 1008,1785 1034,1784 1060,1783 1087,1781 1113,1780 1139,1778 1166,1777 1192,1776 1219,1775"/>
                <TextEquiv>
                    <Unicode>burg, Toronto.</Unicode>
                </TextEquiv>
            </TextLine>
            <TextLine id="r1l14" custom="readingOrder {index:13;}">
                <Coords points="767,1863 860,1882 1023,1847 1201,1860 1242,1837 1314,1863 1375,1838 1373,1793 1284,1764 1156,1803 967,1796 931,1820 864,1805 765,1825"/>
                <Baseline points="775,1851 804,1850 834,1849 863,1847 893,1846 923,1845 952,1844 982,1843 1011,1842 1041,1841 1071,1840 1100,1839 1130,1838 1159,1837 1189,1835 1219,1834 1248,1833 1278,1831 1307,1829 1337,1828 1367,1826"/>
                <TextEquiv>
                    <Unicode>(Quellenangabe ohne Gewähr).</Unicode>
                </TextEquiv>
            </TextLine>
            <TextLine id="r1l15" custom="readingOrder {index:14;}">
                <Coords points="529,1934 555,1928 580,1944 602,1930 685,1928 712,1949 744,1949 768,1928 920,1921 918,1874 625,1875 527,1900"/>
                <Baseline points="537,1925 563,1924 590,1923 617,1922 643,1920 670,1919 697,1918 724,1917 750,1915 777,1913 804,1912 830,1911 857,1909 884,1908 911,1907"/>
                <TextEquiv>
                    <Unicode>Ausschnitt aus:</Unicode>
                </TextEquiv>
            </TextLine>
            <TextLine id="r1l16" custom="readingOrder {index:15;}">
                <Coords points="787,1984 936,2002 1244,1935 1383,1957 1558,1941 1546,1839 1502,1837 781,1933"/>
                <Baseline points="794,1983 831,1983 869,1981 906,1979 944,1977 981,1973 1019,1970 1056,1967 1094,1962 1131,1958 1169,1953 1207,1947 1244,1943 1282,1937 1319,1932 1357,1927 1394,1923 1432,1918 1469,1914 1507,1909 1545,1905"/>
                <TextEquiv>
                    <Unicode>Meuts Wlaner Taphlacht</Unicode>
                </TextEquiv>
            </TextLine>
            <TextLine id="r1l17" custom="readingOrder {index:16;}">
                <Coords points="527,2074 704,2069 798,2083 899,2070 962,2083 963,2013 932,2012 902,1987 803,1993 769,1971 632,2008 528,2004"/>
                <Baseline points="536,2033 562,2036 588,2038 614,2041 640,2043 666,2044 692,2045 718,2046 745,2047 771,2047 797,2047 823,2047 849,2047 875,2046 901,2045 927,2044 954,2042"/>
                <TextEquiv>
                    <Unicode>vom AA MRT 1911—</Unicode>
                </TextEquiv>
            </TextLine>
            <TextLine id="r1l18" custom="readingOrder {index:17;}">
                <Coords points="599,2120 1523,2133 1523,2051 1300,2088 599,2082"/>
                <Baseline points="607,2111 652,2113 697,2114 743,2116 788,2117 834,2118 879,2118 924,2119 970,2119 1015,2120 1061,2120 1106,2120 1151,2120 1197,2119 1242,2119 1288,2118 1333,2117 1378,2116 1424,2115 1469,2114 1515,2112"/>
                <TextEquiv>
                    <Unicode>* (Marionettentheater.) Mit den zwei Puppen¬</Unicode>
                </TextEquiv>
            </TextLine>
            <TextLine id="r1l19" custom="readingOrder {index:18;}">
                <Coords points="482,2164 1518,2163 1518,2132 1315,2121 482,2130"/>
                <Baseline points="491,2165 544,2164 598,2164 651,2164 705,2164 759,2165 812,2165 866,2165 920,2165 973,2166 1027,2166 1080,2166 1134,2166 1188,2166 1241,2166 1295,2165 1349,2165 1402,2164 1456,2163 1510,2162"/>
                <TextEquiv>
                    <Unicode>spielen, die das Marionettentheater Münchener Künstler in</Unicode>
                </TextEquiv>
            </TextLine>
            <TextLine id="r1l20" custom="readingOrder {index:19;}">
                <Coords points="482,2219 1517,2227 1518,2181 482,2164"/>
                <Baseline points="489,2206 540,2206 591,2207 642,2208 693,2209 744,2210 795,2211 846,2211 897,2212 948,2212 999,2213 1050,2213 1101,2213 1152,2213 1203,2213 1254,2212 1305,2211 1356,2210 1407,2209 1458,2208 1510,2206"/>
                <TextEquiv>
                    <Unicode>der Urania in sein Repertoire wieder aufnahm, hatte es</Unicode>
                </TextEquiv>
            </TextLine>
            <TextLine id="r1l21" custom="readingOrder {index:20;}">
                <Coords points="476,2258 1137,2285 1492,2251 1466,2213 476,2220"/>
                <Baseline points="483,2256 533,2256 583,2257 633,2257 683,2257 733,2258 783,2258 833,2259 883,2260 933,2260 983,2260 1033,2261 1083,2261 1133,2260 1183,2260 1233,2259 1283,2258 1333,2257 1383,2254 1433,2252 1484,2249"/>
                <TextEquiv>
                    <Unicode>gestern einen schönen Erfolg. „Der tapfere Cassian“</Unicode>
                </TextEquiv>
            </TextLine>
            <TextLine id="r1l22" custom="readingOrder {index:21;}">
                <Coords points="489,2304 1363,2328 1517,2309 1517,2244 1139,2285 489,2275"/>
                <Baseline points="497,2302 547,2302 598,2303 648,2304 699,2304 749,2305 800,2305 850,2306 901,2306 951,2307 1002,2307 1053,2307 1103,2307 1154,2307 1204,2307 1255,2307 1305,2307 1356,2306 1406,2306 1457,2305 1508,2304"/>
                <TextEquiv>
                    <Unicode>von Acur Schnitzler ist von vornherein für ein</Unicode>
                </TextEquiv>
            </TextLine>
            <TextLine id="r1l23" custom="readingOrder {index:22;}">
                <Coords points="475,2356 1508,2354 1508,2311 1433,2304 475,2310"/>
                <Baseline points="483,2350 533,2349 584,2349 635,2349 686,2349 737,2349 788,2349 838,2350 889,2351 940,2351 991,2352 1042,2353 1093,2353 1144,2354 1194,2354 1245,2354 1296,2354 1347,2354 1398,2353 1449,2353 1500,2351"/>
                <TextEquiv>
                    <Unicode>MarsplichtentheatergedachteEs hat eine Zeit in seiner</Unicode>
                </TextEquiv>
            </TextLine>
            <TextLine id="r1l24" custom="readingOrder {index:23;}">
                <Coords points="485,2401 1512,2419 1499,2354 872,2383 486,2351"/>
                <Baseline points="494,2395 544,2396 595,2397 645,2398 696,2398 746,2399 797,2399 847,2400 898,2400 948,2401 999,2401 1049,2401 1100,2401 1150,2401 1201,2401 1251,2401 1302,2400 1352,2400 1403,2399 1453,2398 1504,2397"/>
                <TextEquiv>
                    <Unicode>dichterischen Tätigkeit gegeben, wo Schnitzler das ganze</Unicode>
                </TextEquiv>
            </TextLine>
            <TextLine id="r1l25" custom="readingOrder {index:24;}">
                <Coords points="480,2449 1516,2466 1516,2427 1452,2404 480,2401"/>
                <Baseline points="487,2443 538,2443 589,2443 640,2443 691,2443 742,2444 793,2444 844,2445 895,2445 946,2445 997,2446 1048,2446 1099,2446 1150,2446 1201,2446 1252,2446 1303,2446 1354,2445 1405,2444 1456,2443 1508,2442"/>
                <TextEquiv>
                    <Unicode>Menschenleben wie ein Spiel betrachtete und sich darin</Unicode>
                </TextEquiv>
            </TextLine>
            <TextLine id="r1l26" custom="readingOrder {index:25;}">
                <Coords points="478,2494 1490,2511 1514,2460 478,2462"/>
                <Baseline points="487,2493 538,2493 589,2493 640,2492 691,2492 742,2492 793,2492 844,2492 895,2492 946,2493 997,2493 1048,2493 1099,2493 1150,2493 1201,2493 1252,2493 1303,2493 1354,2493 1405,2493 1456,2492 1507,2491"/>
                <TextEquiv>
                    <Unicode>gefiel, tiefernste Seelenprobleme mit der ironisch=kühlen</Unicode>
                </TextEquiv>
            </TextLine>
            <TextLine id="r1l27" custom="readingOrder {index:26;}">
                <Coords points="492,2543 1543,2564 1528,2488 1452,2514 492,2503"/>
                <Baseline points="500,2537 551,2538 603,2538 655,2538 706,2538 758,2538 810,2539 861,2539 913,2539 965,2539 1017,2539 1068,2540 1120,2540 1172,2540 1223,2540 1275,2540 1327,2539 1378,2539 1430,2539 1482,2538 1534,2537"/>
                <TextEquiv>
                    <Unicode>Ueberlegenheit des Puppenspielens zu betrachten. Aus jener ##</Unicode>
                </TextEquiv>
            </TextLine>
            <TextLine id="r1l28" custom="readingOrder {index:27;}">
                <Coords points="483,2573 1032,2612 1157,2579 1254,2613 1506,2597 1506,2567 1358,2542 767,2563 482,2535"/>
                <Baseline points="491,2587 541,2587 591,2587 642,2587 692,2588 742,2588 793,2588 843,2588 893,2588 944,2588 994,2588 1044,2587 1095,2587 1145,2587 1195,2586 1246,2586 1296,2585 1346,2584 1397,2583 1447,2582 1498,2580"/>
                <TextEquiv>
                    <Unicode>Zeit stammen auch seine zum Teil ins Groteske um¬</Unicode>
                </TextEquiv>
            </TextLine>
            <TextLine id="r1l29" custom="readingOrder {index:28;}">
                <Coords points="494,2641 1508,2650 1508,2595 1405,2587 494,2600"/>
                <Baseline points="503,2635 552,2634 602,2633 652,2633 702,2633 752,2633 801,2633 851,2634 901,2634 951,2635 1001,2635 1050,2635 1100,2635 1150,2635 1200,2635 1250,2635 1299,2634 1349,2633 1399,2631 1449,2629 1499,2627"/>
                <TextEquiv>
                    <Unicode>schlagenden „Marionetten, wo er seinem phantastischen</Unicode>
                </TextEquiv>
            </TextLine>
            <TextLine id="r1l30" custom="readingOrder {index:29;}">
                <Coords points="476,2686 1513,2678 1463,2639 476,2642"/>
                <Baseline points="484,2678 535,2679 586,2679 637,2680 688,2680 739,2680 790,2681 841,2681 892,2681 943,2681 995,2681 1046,2681 1097,2681 1148,2681 1199,2680 1250,2680 1301,2679 1352,2678 1403,2676 1454,2675 1506,2674"/>
                <TextEquiv>
                    <Unicode>Humor ohne Zwang die Zügel schießen lassen konnte, und</Unicode>
                </TextEquiv>
            </TextLine>
            <TextLine id="r1l31" custom="readingOrder {index:30;}">
                <Coords points="484,2728 1515,2726 1489,2679 484,2687"/>
                <Baseline points="491,2723 541,2724 592,2726 643,2726 694,2727 745,2728 795,2728 846,2729 897,2729 948,2729 999,2729 1049,2729 1100,2728 1151,2728 1202,2728 1253,2727 1303,2727 1354,2726 1405,2726 1456,2725 1507,2724"/>
                <TextEquiv>
                    <Unicode>dazu gehört das Puppenspiel vom „Tapferen Cassian“. Das ist</Unicode>
                </TextEquiv>
            </TextLine>
            <TextLine id="r1l32" custom="readingOrder {index:31;}">
                <Coords points="485,2775 1519,2795 1519,2727 484,2736"/>
                <Baseline points="493,2769 543,2770 594,2771 645,2771 696,2772 747,2773 798,2773 848,2774 899,2774 950,2774 1001,2774 1052,2774 1103,2774 1154,2774 1204,2773 1255,2773 1306,2772 1357,2771 1408,2770 1459,2769 1510,2767"/>
                <TextEquiv>
                    <Unicode>der Miles gloriosus, der großsprecherische Prahlhans der alten</Unicode>
                </TextEquiv>
            </TextLine>
            <TextLine id="r1l33" custom="readingOrder {index:32;}">
                <Coords points="477,2833 1519,2811 1519,2785 1401,2776 477,2776"/>
                <Baseline points="485,2816 536,2818 587,2819 639,2820 690,2821 741,2821 793,2822 844,2822 895,2822 947,2822 998,2821 1049,2821 1101,2820 1152,2820 1203,2819 1255,2818 1306,2817 1357,2816 1409,2815 1460,2814 1512,2813"/>
                <TextEquiv>
                    <Unicode>Stehgreiflomödie, der den Studenten im Spiel und ln der</Unicode>
                </TextEquiv>
            </TextLine>
            <TextLine id="r1l34" custom="readingOrder {index:33;}">
                <Coords points="484,2877 1465,2879 1507,2865 1507,2817 484,2828"/>
                <Baseline points="492,2865 542,2865 592,2866 643,2867 693,2867 744,2868 794,2868 844,2868 895,2869 945,2869 996,2869 1046,2868 1096,2868 1147,2868 1197,2867 1248,2866 1298,2866 1348,2864 1399,2863 1449,2862 1500,2860"/>
                <TextEquiv>
                    <Unicode>Liebe besiegt. So spielerisch heiter der Scherz im Grunde</Unicode>
                </TextEquiv>
            </TextLine>
            <TextLine id="r1l35" custom="readingOrder {index:34;}">
                <Coords points="483,2900 602,2928 1506,2921 1493,2868 483,2876"/>
                <Baseline points="492,2911 542,2912 592,2913 642,2913 693,2914 743,2915 793,2915 844,2916 894,2916 944,2916 995,2916 1045,2916 1095,2916 1145,2916 1196,2915 1246,2915 1296,2914 1347,2914 1397,2913 1447,2912 1498,2911"/>
                <TextEquiv>
                    <Unicode>ist, so hört man doch, zumal in der ersten Hälfte des</Unicode>
                </TextEquiv>
            </TextLine>
            <TextLine id="r1l36" custom="readingOrder {index:35;}">
                <Coords points="485,2971 1476,2981 1504,2920 485,2923"/>
                <Baseline points="494,2959 544,2959 594,2960 644,2961 694,2961 744,2962 794,2962 844,2963 894,2963 944,2963 995,2964 1045,2964 1095,2963 1145,2963 1195,2963 1245,2962 1295,2962 1345,2961 1395,2960 1445,2959 1496,2957"/>
                <TextEquiv>
                    <Unicode>Spieles, jenen warmen, tiefen Ton, mit dem Schnitzler</Unicode>
                </TextEquiv>
            </TextLine>
            <TextLine id="r1l37" custom="readingOrder {index:36;}">
                <Coords points="485,3020 1519,3021 1519,2968 484,2971"/>
                <Baseline points="493,3007 543,3007 594,3006 645,3006 696,3006 747,3006 798,3007 848,3007 899,3008 950,3008 1001,3009 1052,3009 1103,3010 1154,3010 1204,3009 1255,3009 1306,3008 1357,3006 1408,3005 1459,3002 1510,2999"/>
                <TextEquiv>
                    <Unicode>seinen dramatischen Dialag immer, poetisch fesselnd zu ge¬</Unicode>
                </TextEquiv>
            </TextLine>
            <TextLine id="r1l38" custom="readingOrder {index:37;}">
                <Coords points="477,3059 1505,3070 1487,3013 477,3007"/>
                <Baseline points="485,3052 535,3052 586,3053 636,3053 687,3053 737,3053 788,3054 838,3054 889,3054 939,3054 990,3055 1041,3055 1091,3055 1142,3055 1192,3054 1243,3054 1293,3054 1344,3053 1394,3052 1445,3051 1496,3050"/>
                <TextEquiv>
                    <Unicode>stalten weiß. Die heiter=spannende Handlung litt in der</Unicode>
                </TextEquiv>
            </TextLine>
            <TextLine id="r1l39" custom="readingOrder {index:38;}">
                <Coords points="470,3115 1508,3104 1443,3061 470,3066"/>
                <Baseline points="479,3101 530,3101 581,3101 632,3101 683,3100 734,3100 785,3100 836,3100 887,3100 938,3100 989,3100 1040,3100 1091,3100 1142,3100 1193,3100 1244,3100 1295,3099 1346,3099 1397,3099 1448,3098 1499,3097"/>
                <TextEquiv>
                    <Unicode>gestrigen Darstellung anfänglich unter dem Dunkel, worin die</Unicode>
                </TextEquiv>
            </TextLine>
            <TextLine id="r1l40" custom="readingOrder {index:39;}">
                <Coords points="470,3141 620,3167 1508,3151 1508,3105 470,3115"/>
                <Baseline points="479,3147 530,3147 581,3148 632,3148 683,3148 734,3148 785,3148 836,3148 887,3148 938,3148 989,3148 1040,3148 1091,3148 1142,3147 1193,3147 1244,3147 1295,3147 1346,3146 1397,3146 1448,3146 1500,3146"/>
                <TextEquiv>
                    <Unicode>ohnehin kleine Marionettenbühne gehalten wurde. Mozarts</Unicode>
                </TextEquiv>
            </TextLine>
            <TextLine id="r1l41" custom="readingOrder {index:40;}">
                <Coords points="482,3209 1512,3202 1512,3163 1413,3155 482,3155"/>
                <Baseline points="491,3195 541,3195 592,3196 642,3196 693,3196 744,3196 794,3196 845,3197 895,3197 946,3197 997,3197 1047,3197 1098,3197 1148,3197 1199,3196 1250,3196 1300,3196 1351,3196 1401,3196 1452,3195 1503,3195"/>
                <TextEquiv>
                    <Unicode>in jungen Jahren geschriebenes Schäferspiel „Bastien</Unicode>
                </TextEquiv>
            </TextLine>
            <TextLine id="r1l42" custom="readingOrder {index:41;}">
                <Coords points="472,3235 1511,3248 1511,3196 472,3209"/>
                <Baseline points="481,3240 532,3240 583,3241 634,3241 685,3242 736,3242 787,3242 839,3243 890,3243 941,3243 992,3243 1043,3243 1094,3243 1145,3243 1197,3243 1248,3243 1299,3242 1350,3242 1401,3242 1452,3241 1504,3241"/>
                <TextEquiv>
                    <Unicode>und Bastienne“ das hierauf folgte, verdankt nicht bloß</Unicode>
                </TextEquiv>
            </TextLine>
            <TextLine id="r1l43" custom="readingOrder {index:42;}">
                <Coords points="472,3297 1433,3305 1500,3285 1500,3248 472,3254"/>
                <Baseline points="480,3284 530,3286 581,3288 631,3289 682,3289 732,3290 783,3290 833,3291 884,3291 934,3290 985,3290 1036,3290 1086,3290 1137,3289 1187,3289 1238,3288 1288,3288 1339,3287 1389,3287 1440,3287 1491,3287"/>
                <TextEquiv>
                    <Unicode>seiner anmutigen Musik, sondern auch der liebenswürdigen</Unicode>
                </TextEquiv>
            </TextLine>
            <TextLine id="r1l44" custom="readingOrder {index:43;}">
                <Coords points="479,3336 1503,3348 1503,3308 1456,3291 1107,3314 1066,3289 1010,3317 915,3292 870,3318 479,3295"/>
                <Baseline points="487,3332 537,3333 587,3335 638,3336 688,3337 739,3337 789,3337 839,3338 890,3338 940,3338 991,3338 1041,3337 1091,3337 1142,3337 1192,3337 1243,3336 1293,3336 1343,3336 1394,3336 1444,3336 1495,3336"/>
                <TextEquiv>
                    <Unicode>Wirkung der überaus geschickt und ausdrucksvoll bewegten</Unicode>
                </TextEquiv>
            </TextLine>
            <TextLine id="r1l45" custom="readingOrder {index:44;}">
                <Coords points="479,3374 594,3403 1505,3393 1505,3350 1445,3339 479,3335"/>
                <Baseline points="487,3378 537,3380 587,3382 638,3382 688,3383 739,3384 789,3384 840,3384 890,3384 941,3384 991,3383 1041,3383 1092,3382 1142,3382 1193,3381 1243,3381 1294,3380 1344,3380 1395,3379 1445,3379 1496,3380"/>
                <TextEquiv>
                    <Unicode>Marionetten und den trefflichen Sängern ihren neuen Erfolg.</Unicode>
                </TextEquiv>
            </TextLine>
            <TextLine id="r1l46" custom="readingOrder {index:45;}">
                <Coords points="467,3432 1298,3450 1473,3443 1506,3393 467,3404"/>
                <Baseline points="475,3426 526,3428 577,3429 628,3430 679,3430 730,3431 781,3432 832,3432 883,3432 934,3433 986,3433 1037,3433 1088,3432 1139,3432 1190,3431 1241,3430 1292,3430 1343,3429 1394,3427 1445,3426 1497,3425"/>
                <TextEquiv>
                    <Unicode>Für die Bastienne sang Fräulein Sax, für den Bastien</Unicode>
                </TextEquiv>
            </TextLine>
            <TextLine id="r1l47" custom="readingOrder {index:46;}">
                <Coords points="466,3488 1447,3496 1501,3483 1501,3447 466,3448"/>
                <Baseline points="475,3474 525,3475 576,3476 627,3477 678,3478 729,3479 780,3480 830,3480 881,3480 932,3480 983,3480 1034,3480 1085,3480 1136,3480 1186,3479 1237,3479 1288,3478 1339,3478 1390,3477 1441,3476 1492,3476"/>
                <TextEquiv>
                    <Unicode>Dr. Edgar Neumann, für Colas Herr Max Krall.</Unicode>
                </TextEquiv>
            </TextLine>
            <TextLine id="r1l48" custom="readingOrder {index:47;}">
                <Coords points="475,3540 1437,3541 1505,3523 1505,3480 475,3488"/>
                <Baseline points="483,3521 533,3521 584,3522 634,3523 685,3524 736,3524 786,3525 837,3526 888,3526 938,3526 989,3527 1040,3527 1090,3527 1141,3527 1192,3526 1242,3526 1293,3525 1344,3524 1394,3523 1445,3521 1496,3520"/>
                <TextEquiv>
                    <Unicode>Solch einem altmodischen Schäferspiel konn in der Tat nur</Unicode>
                </TextEquiv>
            </TextLine>
            <TextLine id="r1l49" custom="readingOrder {index:48;}">
                <Coords points="477,3574 1440,3590 1507,3577 1507,3525 477,3539"/>
                <Baseline points="485,3568 535,3568 586,3569 636,3569 687,3570 738,3571 788,3571 839,3572 890,3573 940,3573 991,3574 1042,3575 1092,3575 1143,3575 1194,3575 1244,3574 1295,3574 1346,3573 1396,3572 1447,3570 1498,3568"/>
                <TextEquiv>
                    <Unicode>noch die Marionettenbühne neuen Reiz abgewinnen; es ist</Unicode>
                </TextEquiv>
            </TextLine>
            <TextLine id="r1l50" custom="readingOrder {index:49;}">
                <Coords points="484,3645 1507,3626 1507,3580 484,3580"/>
                <Baseline points="491,3614 541,3616 591,3618 642,3620 692,3621 743,3622 793,3623 843,3624 894,3624 944,3624 995,3624 1045,3624 1095,3623 1146,3623 1196,3622 1247,3621 1297,3620 1347,3618 1398,3617 1448,3616 1499,3614"/>
                <TextEquiv>
                    <Unicode>wie dafür geschaffen. Die starke Teilnahme des Publikums</Unicode>
                </TextEquiv>
            </TextLine>
            <TextLine id="r1l51" custom="readingOrder {index:50;}">
                <Coords points="477,3669 1388,3689 1502,3677 1502,3625 477,3646"/>
                <Baseline points="486,3662 536,3665 586,3667 637,3669 687,3671 738,3672 788,3673 838,3673 889,3673 939,3673 990,3672 1040,3672 1090,3671 1141,3670 1191,3670 1242,3669 1292,3668 1342,3667 1393,3667 1443,3666 1494,3666"/>
                <TextEquiv>
                    <Unicode>an der gestrigen Vorstellung bewies, wie viele Freunde sich</Unicode>
                </TextEquiv>
            </TextLine>
            <TextLine id="r1l52" custom="readingOrder {index:51;}">
                <Coords points="484,3729 1209,3735 1240,3693 485,3672"/>
                <Baseline points="493,3709 531,3710 570,3711 609,3713 648,3714 687,3715 726,3716 765,3717 804,3718 843,3718 881,3719 920,3719 959,3719 998,3719 1037,3718 1076,3717 1115,3716 1154,3714 1193,3713 1232,3711"/>
                <TextEquiv>
                    <Unicode>das Marionettentheater schon erworben hat.</Unicode>
                </TextEquiv>
            </TextLine>
            <TextLine id="r1l53" custom="readingOrder {index:52;}">
                <Coords points="566,3784 1511,3796 1511,3743 1373,3727 1094,3753 566,3727"/>
                <Baseline points="575,3776 621,3777 667,3778 714,3778 760,3779 807,3779 853,3780 900,3780 946,3780 993,3780 1039,3780 1085,3780 1132,3779 1178,3779 1225,3779 1271,3778 1318,3777 1364,3777 1411,3776 1457,3776 1504,3775"/>
                <TextEquiv>
                    <Unicode>* (Zu hen feornnttihan Memeinha#chlon 1 Mna</Unicode>
                </TextEquiv>
            </TextLine>
            <TextEquiv>
                <Unicode>17.2. Der tanfere Cassian
Bitte Rückseite beachten!
Telephon 12.801.
D•
„OSSHRVIR
I. österr. behördl. konz. Unternehmen für
Zeitungsausschnitte
Wien, I., Konkordiaplatz 4.
Vertretungen
in Berlin, Basel, Budapest, Chicago, Cleveland, Christiania,
Genf, Kopenhagen, London, Madrid, Mailand, Minneapolis,
New-Vork, Paris, Rom, San Francisco, Stockholm, St. Peters¬
burg, Toronto.
(Quellenangabe ohne Gewähr).
Ausschnitt aus:
Meuts Wlaner Taphlacht
vom AA MRT 1911—
* (Marionettentheater.) Mit den zwei Puppen¬
spielen, die das Marionettentheater Münchener Künstler in
der Urania in sein Repertoire wieder aufnahm, hatte es
gestern einen schönen Erfolg. „Der tapfere Cassian“
von Acur Schnitzler ist von vornherein für ein
MarsplichtentheatergedachteEs hat eine Zeit in seiner
dichterischen Tätigkeit gegeben, wo Schnitzler das ganze
Menschenleben wie ein Spiel betrachtete und sich darin
gefiel, tiefernste Seelenprobleme mit der ironisch=kühlen
Ueberlegenheit des Puppenspielens zu betrachten. Aus jener ##
Zeit stammen auch seine zum Teil ins Groteske um¬
schlagenden „Marionetten, wo er seinem phantastischen
Humor ohne Zwang die Zügel schießen lassen konnte, und
dazu gehört das Puppenspiel vom „Tapferen Cassian“. Das ist
der Miles gloriosus, der großsprecherische Prahlhans der alten
Stehgreiflomödie, der den Studenten im Spiel und ln der
Liebe besiegt. So spielerisch heiter der Scherz im Grunde
ist, so hört man doch, zumal in der ersten Hälfte des
Spieles, jenen warmen, tiefen Ton, mit dem Schnitzler
seinen dramatischen Dialag immer, poetisch fesselnd zu ge¬
stalten weiß. Die heiter=spannende Handlung litt in der
gestrigen Darstellung anfänglich unter dem Dunkel, worin die
ohnehin kleine Marionettenbühne gehalten wurde. Mozarts
in jungen Jahren geschriebenes Schäferspiel „Bastien
und Bastienne“ das hierauf folgte, verdankt nicht bloß
seiner anmutigen Musik, sondern auch der liebenswürdigen
Wirkung der überaus geschickt und ausdrucksvoll bewegten
Marionetten und den trefflichen Sängern ihren neuen Erfolg.
Für die Bastienne sang Fräulein Sax, für den Bastien
Dr. Edgar Neumann, für Colas Herr Max Krall.
Solch einem altmodischen Schäferspiel konn in der Tat nur
noch die Marionettenbühne neuen Reiz abgewinnen; es ist
wie dafür geschaffen. Die starke Teilnahme des Publikums
an der gestrigen Vorstellung bewies, wie viele Freunde sich
das Marionettentheater schon erworben hat.
* (Zu hen feornnttihan Memeinha#chlon 1 Mna</Unicode>
            </TextEquiv>
        </TextRegion>
        <TextRegion orientation="0.0" id="r2" custom="readingOrder {index:1;}">
            <Coords points="1711,335 1711,4094 3036,4094 3036,335"/>
            <TextLine id="r2l1" custom="readingOrder {index:0;}">
                <Coords points="1703,365 1885,374 1943,362 2018,387 2103,359 2171,368 2171,317 2134,294 1903,326 1819,302 1785,313 1740,287 1704,301"/>
                <Baseline points="1711,361 1736,360 1761,359 1786,359 1811,359 1836,359 1861,360 1886,360 1911,361 1937,361 1962,362 1987,363 2012,363 2037,364 2062,364 2087,364 2112,362 2137,362 2163,360"/>
                <TextEquiv>
                    <Unicode>box 22/7</Unicode>
                </TextEquiv>
            </TextLine>
            <TextLine id="r2l2" custom="readingOrder {index:1;}">
                <Coords points="1908,769 2827,731 2917,757 2929,683 2093,709 2050,676 1906,709"/>
                <Baseline points="1917,776 1967,769 2017,763 2067,756 2118,751 2168,748 2218,744 2269,741 2319,739 2369,736 2420,735 2470,734 2520,733 2570,733 2621,732 2671,732 2721,732 2772,732 2822,732 2872,732 2923,732"/>
                <TextEquiv>
                    <Unicode>Bitte Rückseite beachten!</Unicode>
                </TextEquiv>
            </TextLine>
            <TextLine id="r2l3" custom="readingOrder {index:2;}">
                <Coords points="2519,837 2974,826 2973,778 2915,759 2814,752 2715,778 2697,765 2519,766"/>
                <Baseline points="2527,804 2552,804 2578,805 2604,805 2630,804 2655,804 2681,804 2707,803 2733,803 2758,802 2784,802 2810,801 2836,801 2861,800 2887,800 2913,800 2939,801 2965,801"/>
                <TextEquiv>
                    <Unicode>Telephon 12.801.</Unicode>
                </TextEquiv>
            </TextLine>
            <TextLine id="r2l4" custom="readingOrder {index:3;}">
                <Coords points="2731,953 2742,953 2760,932 2774,926 2810,945 2870,942 2864,855 2827,856 2808,849 2787,868 2773,861 2767,866 2759,860 2724,861"/>
                <Baseline points="2737,927 2767,919 2798,917 2829,917 2860,916"/>
                <TextEquiv>
                    <Unicode>44</Unicode>
                </TextEquiv>
            </TextLine>
            <TextLine id="r2l5" custom="readingOrder {index:4;}">
                <Coords points="2044,1047 2718,1024 2811,1005 2808,942 2774,925 2730,965 2683,944 2622,978 2558,978 2512,937 2406,967 2358,944 2334,972 2290,944 2251,974 2196,950 2042,1003"/>
                <Baseline points="2052,1045 2089,1038 2127,1031 2164,1026 2202,1022 2239,1018 2277,1014 2314,1012 2352,1011 2389,1009 2427,1008 2465,1007 2502,1007 2540,1006 2577,1006 2615,1005 2652,1005 2690,1004 2727,1003 2765,1001 2803,1000"/>
                <TextEquiv>
                    <Unicode>„USSERVER</Unicode>
                </TextEquiv>
            </TextLine>
            <TextLine id="r2l6" custom="readingOrder {index:5;}">
                <Coords points="1900,1087 2069,1118 2158,1087 3010,1075 3009,1036 2754,1007 2539,1051 1899,1051"/>
                <Baseline points="1908,1100 1962,1098 2017,1095 2072,1093 2126,1091 2181,1089 2236,1087 2290,1086 2345,1084 2400,1083 2455,1082 2509,1081 2564,1080 2619,1079 2673,1078 2728,1077 2783,1076 2837,1074 2892,1073 2947,1072 3002,1070"/>
                <TextEquiv>
                    <Unicode>I. österr. behördl. konz. Unternehmen für</Unicode>
                </TextEquiv>
            </TextLine>
            <TextLine id="r2l7" custom="readingOrder {index:6;}">
                <Coords points="2216,1154 2253,1141 2406,1154 2485,1137 2542,1158 2615,1134 2686,1137 2698,1102 2649,1082 2427,1095 2401,1079 2214,1102"/>
                <Baseline points="2223,1134 2249,1134 2275,1135 2301,1135 2327,1134 2353,1134 2379,1134 2405,1133 2431,1132 2457,1131 2483,1131 2509,1129 2535,1129 2561,1128 2587,1127 2613,1126 2639,1125 2665,1125 2691,1124"/>
                <TextEquiv>
                    <Unicode>Zeitungsausschnitte</Unicode>
                </TextEquiv>
            </TextLine>
            <TextLine id="r2l8" custom="readingOrder {index:7;}">
                <Coords points="1928,1192 2247,1218 3021,1178 2982,1135 2784,1130 2267,1169 2024,1143 1927,1173"/>
                <Baseline points="1936,1198 1989,1197 2043,1196 2097,1195 2151,1194 2205,1192 2259,1191 2312,1190 2366,1188 2420,1187 2474,1185 2528,1184 2582,1183 2636,1181 2689,1180 2743,1179 2797,1177 2851,1176 2905,1175 2959,1174 3013,1173"/>
                <TextEquiv>
                    <Unicode>Wien, I., Konkordiaplatz 4.</Unicode>
                </TextEquiv>
            </TextLine>
            <TextLine id="r2l9" custom="readingOrder {index:8;}">
                <Coords points="2324,1251 2363,1248 2376,1258 2442,1240 2530,1252 2550,1243 2598,1246 2610,1242 2609,1190 2550,1191 2487,1210 2451,1201 2437,1211 2395,1209 2355,1196 2323,1203"/>
                <Baseline points="2332,1240 2358,1239 2385,1238 2412,1238 2439,1237 2466,1237 2493,1237 2520,1237 2547,1236 2574,1235 2601,1233"/>
                <TextEquiv>
                    <Unicode>Vertretungen</Unicode>
                </TextEquiv>
            </TextLine>
            <TextLine id="r2l10" custom="readingOrder {index:9;}">
                <Coords points="1920,1297 2984,1279 3019,1270 3018,1209 1919,1257"/>
                <Baseline points="1929,1288 1983,1288 2037,1288 2091,1287 2145,1286 2199,1285 2253,1283 2307,1282 2361,1280 2415,1279 2470,1277 2524,1276 2578,1274 2632,1273 2686,1271 2740,1270 2794,1269 2848,1269 2902,1268 2956,1268 3011,1268"/>
                <TextEquiv>
                    <Unicode>in Berlin, Basel, Budapest, Chicago, Cleveland, Christiania,</Unicode>
                </TextEquiv>
            </TextLine>
            <TextLine id="r2l11" custom="readingOrder {index:10;}">
                <Coords points="1916,1336 2989,1320 3003,1276 1915,1297"/>
                <Baseline points="1924,1327 1977,1327 2031,1327 2084,1327 2138,1326 2191,1325 2245,1323 2298,1322 2352,1321 2405,1319 2459,1317 2513,1316 2566,1314 2620,1312 2673,1311 2727,1309 2780,1308 2834,1307 2887,1306 2941,1305 2995,1305"/>
                <TextEquiv>
                    <Unicode>Genf, Kopenhagen, London, Madrid, Mailand, Minneapolis,</Unicode>
                </TextEquiv>
            </TextLine>
            <TextLine id="r2l12" custom="readingOrder {index:11;}">
                <Coords points="1912,1382 3004,1365 3003,1318 1911,1338"/>
                <Baseline points="1920,1367 1973,1366 2027,1365 2081,1364 2135,1363 2188,1362 2242,1360 2296,1359 2350,1358 2403,1356 2457,1355 2511,1353 2565,1351 2618,1350 2672,1349 2726,1347 2780,1346 2833,1344 2887,1343 2941,1342 2995,1341"/>
                <TextEquiv>
                    <Unicode>New-Vork, Paris, Rom, San Francisco, Stockholm, St. Peters¬</Unicode>
                </TextEquiv>
            </TextLine>
            <TextLine id="r2l13" custom="readingOrder {index:12;}">
                <Coords points="2317,1401 2337,1410 2371,1404 2411,1421 2491,1401 2533,1419 2626,1401 2626,1373 2567,1357 2531,1366 2460,1358 2421,1368 2361,1370 2351,1360 2335,1373 2317,1368"/>
                <Baseline points="2325,1393 2351,1394 2378,1394 2404,1394 2431,1394 2458,1394 2484,1393 2511,1392 2538,1392 2564,1392 2591,1393 2618,1394"/>
                <TextEquiv>
                    <Unicode>burg, Toronto.</Unicode>
                </TextEquiv>
            </TextLine>
            <TextLine id="r2l14" custom="readingOrder {index:13;}">
                <Coords points="2155,1462 2227,1479 2501,1457 2597,1477 2628,1456 2713,1474 2771,1447 2770,1416 2642,1422 2610,1403 2569,1420 2502,1405 2473,1432 2429,1414 2219,1416 2155,1444"/>
                <Baseline points="2163,1464 2193,1462 2223,1461 2253,1460 2283,1458 2313,1457 2343,1456 2373,1455 2403,1455 2433,1454 2463,1453 2493,1453 2523,1452 2553,1452 2583,1452 2613,1451 2643,1451 2673,1451 2703,1451 2733,1450 2763,1450"/>
                <TextEquiv>
                    <Unicode>(Quellenangabe ohne Gewähr).</Unicode>
                </TextEquiv>
            </TextLine>
            <TextLine id="r2l15" custom="readingOrder {index:14;}">
                <Coords points="1916,1545 2345,1521 2923,1565 2923,1502 2773,1467 2320,1463 2206,1495 2143,1467 1917,1499"/>
                <Baseline points="1925,1536 1974,1533 2024,1530 2073,1528 2123,1526 2172,1523 2222,1522 2271,1520 2321,1519 2370,1518 2420,1518 2469,1519 2519,1520 2568,1521 2618,1523 2667,1527 2717,1531 2766,1536 2816,1542 2865,1549 2915,1556"/>
                <TextEquiv>
                    <Unicode>Ausschnitt austfi##er Mittags-Zeitung</Unicode>
                </TextEquiv>
            </TextLine>
            <TextLine id="r2l16" custom="readingOrder {index:15;}">
                <Coords points="1914,1637 2041,1651 2122,1633 2267,1644 2323,1624 2436,1635 2461,1625 2458,1575 2252,1576 2221,1560 2143,1581 2119,1566 2046,1602 1983,1594 1912,1616"/>
                <Baseline points="1923,1651 1949,1649 1976,1648 2002,1647 2029,1644 2055,1643 2082,1641 2108,1639 2135,1637 2161,1635 2188,1633 2214,1632 2241,1630 2267,1628 2294,1627 2320,1625 2347,1624 2373,1624 2400,1623 2426,1622 2453,1622"/>
                <TextEquiv>
                    <Unicode>vom 4. 8 MRa. 1111</Unicode>
                </TextEquiv>
            </TextLine>
            <TextLine id="r2l17" custom="readingOrder {index:16;}">
                <Coords points="2093,1830 2527,1805 2602,1847 2778,1854 2856,1839 2858,1741 2375,1757 2293,1728 2095,1727"/>
                <Baseline points="2101,1809 2138,1805 2175,1803 2213,1800 2250,1799 2287,1798 2325,1798 2362,1798 2399,1799 2437,1800 2474,1801 2511,1803 2549,1804 2586,1806 2623,1807 2661,1809 2698,1810 2735,1812 2773,1812 2810,1812 2848,1812"/>
                <TextEquiv>
                    <Unicode>Häter und Kunst.</Unicode>
                </TextEquiv>
            </TextLine>
            <TextLine id="r2l18" custom="readingOrder {index:17;}">
                <Coords points="1987,1843 1999,1843 2008,1854 2037,1855 2055,1842 2072,1843 2080,1835 2090,1835 2096,1675 2068,1674 2060,1680 2023,1674 2006,1684 1993,1682"/>
                <Baseline points="1997,1819 2025,1820 2054,1820 2083,1823"/>
                <TextEquiv>
                    <Unicode>0</Unicode>
                </TextEquiv>
            </TextLine>
            <TextLine id="r2l19" custom="readingOrder {index:18;}">
                <Coords points="2826,1887 2841,1883 2876,1897 2893,1891 2917,1861 2969,1857 2982,1840 3003,1835 3040,1804 3029,1757 3018,1761 3001,1752 2962,1777 2919,1772 2910,1783 2895,1778 2862,1786 2840,1818 2811,1822"/>
                <Baseline points="2831,1869 2856,1865 2882,1859 2907,1852 2933,1845 2959,1837 2984,1832 3010,1826 3036,1824"/>
                <TextEquiv>
                    <Unicode>DA</Unicode>
                </TextEquiv>
            </TextLine>
            <TextLine id="r2l20" custom="readingOrder {index:19;}">
                <Coords points="2166,1893 2223,1918 2315,1895 2511,1928 2674,1900 2676,1856 2576,1838 2495,1856 2378,1831 2273,1845 2230,1832 2167,1854"/>
                <Baseline points="2174,1886 2199,1886 2225,1886 2251,1887 2277,1888 2303,1889 2329,1889 2355,1890 2381,1892 2407,1893 2432,1894 2458,1895 2484,1896 2510,1897 2536,1898 2562,1899 2588,1900 2614,1900 2640,1901 2666,1901"/>
                <TextEquiv>
                    <Unicode>Marionettenthater.</Unicode>
                </TextEquiv>
            </TextLine>
            <TextLine id="r2l21" custom="readingOrder {index:20;}">
                <Coords points="1875,1971 2464,1950 2897,2009 3015,1999 3017,1941 1878,1883"/>
                <Baseline points="1884,1937 1940,1940 1996,1942 2052,1945 2108,1947 2164,1949 2220,1951 2277,1952 2333,1954 2389,1956 2445,1957 2501,1959 2557,1961 2613,1963 2670,1966 2726,1967 2782,1971 2838,1974 2894,1978 2950,1982 3007,1987"/>
                <TextEquiv>
                    <Unicode>Der tapfere Cassian“ von Artur Schnitler.</Unicode>
                </TextEquiv>
            </TextLine>
            <TextLine id="r2l22" custom="readingOrder {index:21;}">
                <Coords points="1938,2009 2812,2037 2899,2021 2900,1992 2301,1954 2179,1975 2003,1941 1939,1967"/>
                <Baseline points="1946,1989 1993,1990 2040,1992 2087,1994 2135,1996 2182,1997 2229,1999 2276,2001 2324,2002 2371,2004 2418,2005 2465,2006 2513,2007 2560,2008 2607,2009 2654,2011 2702,2012 2749,2012 2796,2013 2843,2014 2891,2014"/>
                <TextEquiv>
                    <Unicode>„Bastien und Bastienne“ von Mozart.</Unicode>
                </TextEquiv>
            </TextLine>
            <TextLine id="r2l23" custom="readingOrder {index:22;}">
                <Coords points="1973,2050 2987,2079 2989,2027 1974,1998"/>
                <Baseline points="1981,2036 2030,2038 2080,2041 2130,2042 2180,2044 2230,2046 2280,2048 2330,2050 2380,2051 2430,2053 2480,2054 2529,2055 2579,2056 2629,2057 2679,2059 2729,2059 2779,2060 2829,2060 2879,2061 2929,2061 2979,2061"/>
                <TextEquiv>
                    <Unicode>Eine Schnitzler=Komödie, von Marionetten gespielt!</Unicode>
                </TextEquiv>
            </TextLine>
            <TextLine id="r2l24" custom="readingOrder {index:23;}">
                <Coords points="1856,2084 2977,2123 2978,2078 2896,2065 1857,2038"/>
                <Baseline points="1863,2080 1918,2082 1973,2084 2028,2086 2084,2088 2139,2090 2194,2091 2250,2093 2305,2095 2360,2097 2416,2098 2471,2100 2526,2102 2581,2104 2637,2105 2692,2106 2747,2107 2803,2109 2858,2110 2913,2111 2969,2112"/>
                <TextEquiv>
                    <Unicode>Seltsamer Kontrast, könnte man denken. Ein Meister Der</Unicode>
                </TextEquiv>
            </TextLine>
            <TextLine id="r2l25" custom="readingOrder {index:24;}">
                <Coords points="1848,2144 2979,2182 2995,2139 2890,2107 1849,2097"/>
                <Baseline points="1857,2133 1913,2134 1969,2135 2026,2137 2082,2138 2139,2140 2195,2141 2252,2143 2308,2145 2365,2146 2421,2148 2477,2149 2534,2151 2590,2152 2647,2154 2703,2155 2760,2156 2816,2157 2873,2158 2929,2159 2986,2159"/>
                <TextEquiv>
                    <Unicode>modernen Bühnenform schrieb einen Zyklus „Marionesten</Unicode>
                </TextEquiv>
            </TextLine>
            <TextLine id="r2l26" custom="readingOrder {index:25;}">
                <Coords points="1855,2198 2785,2222 2952,2218 2976,2176 1856,2143"/>
                <Baseline points="1863,2182 1918,2182 1973,2183 2028,2184 2084,2186 2139,2187 2194,2189 2249,2190 2305,2192 2360,2193 2415,2195 2470,2196 2526,2198 2581,2199 2636,2200 2691,2201 2747,2202 2802,2203 2857,2203 2912,2204 2968,2203"/>
                <TextEquiv>
                    <Unicode>Gliederpuppenmenschen! Aber Cassian, Martin und Sophie</Unicode>
                </TextEquiv>
            </TextLine>
            <TextLine id="r2l27" custom="readingOrder {index:26;}">
                <Coords points="1850,2231 2853,2266 2983,2264 2984,2230 1851,2197"/>
                <Baseline points="1859,2231 1914,2232 1970,2233 2026,2234 2082,2235 2138,2237 2193,2238 2249,2240 2305,2241 2361,2243 2417,2244 2472,2246 2528,2247 2584,2248 2640,2249 2696,2251 2751,2251 2807,2252 2863,2253 2919,2253 2975,2253"/>
                <TextEquiv>
                    <Unicode>muten gar nicht leblos an, gar nicht hölzern ist ihre</Unicode>
                </TextEquiv>
            </TextLine>
            <TextLine id="r2l28" custom="readingOrder {index:27;}">
                <Coords points="1847,2280 2979,2312 2947,2259 1848,2240"/>
                <Baseline points="1855,2276 1910,2278 1966,2280 2022,2282 2078,2284 2134,2285 2189,2286 2245,2288 2301,2288 2357,2289 2413,2290 2468,2291 2524,2292 2580,2292 2636,2294 2692,2294 2747,2296 2803,2297 2859,2299 2915,2300 2971,2303"/>
                <TextEquiv>
                    <Unicode>Sprache, und der Wortklang hat nichts Steifes, Lebloses</Unicode>
                </TextEquiv>
            </TextLine>
            <TextLine id="r2l29" custom="readingOrder {index:28;}">
                <Coords points="1854,2339 2976,2369 2948,2310 1856,2284"/>
                <Baseline points="1862,2327 1917,2329 1972,2331 2028,2332 2083,2333 2138,2334 2194,2335 2249,2336 2304,2336 2360,2337 2415,2338 2470,2339 2526,2339 2581,2341 2636,2342 2692,2343 2747,2344 2802,2346 2858,2348 2913,2351 2969,2353"/>
                <TextEquiv>
                    <Unicode>an sich. Vielmehr duftet blühend frisches Leben aus ihnen</Unicode>
                </TextEquiv>
            </TextLine>
            <TextLine id="r2l30" custom="readingOrder {index:29;}">
                <Coords points="1847,2378 2983,2413 2984,2375 2834,2347 1848,2343"/>
                <Baseline points="1855,2377 1911,2377 1967,2377 2023,2377 2079,2377 2135,2378 2191,2379 2247,2380 2303,2381 2359,2383 2415,2384 2471,2386 2527,2388 2583,2389 2639,2391 2695,2393 2751,2394 2807,2396 2863,2397 2919,2398 2975,2400"/>
                <TextEquiv>
                    <Unicode>und die alte Schnitzlersche Tragik vom Lieben und Sterben</Unicode>
                </TextEquiv>
            </TextLine>
            <TextLine id="r2l31" custom="readingOrder {index:30;}">
                <Coords points="1841,2432 2981,2442 2981,2412 2894,2397 1842,2375"/>
                <Baseline points="1849,2425 1905,2426 1961,2426 2017,2427 2073,2428 2129,2428 2185,2429 2242,2431 2298,2432 2354,2433 2410,2434 2466,2435 2522,2437 2578,2438 2635,2439 2691,2440 2747,2441 2803,2442 2859,2443 2915,2444 2972,2445"/>
                <TextEquiv>
                    <Unicode>spinnt sich durch Worte und Gebärden. Und gar nicht</Unicode>
                </TextEquiv>
            </TextLine>
            <TextLine id="r2l32" custom="readingOrder {index:31;}">
                <Coords points="1855,2483 2976,2486 2952,2447 1856,2433"/>
                <Baseline points="1864,2474 1919,2474 1974,2474 2029,2475 2084,2476 2140,2476 2195,2477 2250,2478 2305,2479 2360,2480 2416,2482 2471,2483 2526,2484 2581,2485 2636,2486 2692,2487 2747,2488 2802,2489 2857,2489 2912,2490 2968,2491"/>
                <TextEquiv>
                    <Unicode>stelzenhaft mutet es an, wenn der tapfere Schwadroneur und</Unicode>
                </TextEquiv>
            </TextLine>
            <TextLine id="r2l33" custom="readingOrder {index:32;}">
                <Coords points="1848,2527 2874,2559 2974,2515 1849,2480"/>
                <Baseline points="1856,2519 1911,2520 1966,2521 2022,2522 2077,2524 2133,2525 2188,2526 2244,2527 2299,2528 2355,2529 2410,2530 2465,2531 2521,2532 2576,2533 2632,2534 2687,2534 2743,2535 2798,2536 2854,2536 2909,2536 2965,2536"/>
                <TextEquiv>
                    <Unicode>Landsknecht Cassian seinen schwärmerischen Vetter Martin</Unicode>
                </TextEquiv>
            </TextLine>
            <TextLine id="r2l34" custom="readingOrder {index:33;}">
                <Coords points="1845,2575 2980,2602 2981,2540 1846,2525"/>
                <Baseline points="1853,2567 1911,2569 1970,2570 2029,2571 2088,2572 2147,2574 2206,2575 2265,2576 2324,2577 2383,2578 2441,2579 2500,2580 2559,2581 2618,2582 2677,2583 2736,2584 2795,2585 2854,2585 2913,2586 2972,2587"/>
                <TextEquiv>
                    <Unicode>um der Liebe eines gerühmten Weibes willen totsticht. Sie</Unicode>
                </TextEquiv>
            </TextLine>
            <TextLine id="r2l35" custom="readingOrder {index:34;}">
                <Coords points="1853,2622 2951,2655 2984,2611 1854,2579"/>
                <Baseline points="1862,2615 1917,2616 1973,2618 2029,2620 2084,2621 2140,2622 2196,2623 2251,2625 2307,2626 2363,2627 2419,2628 2474,2629 2530,2630 2586,2631 2641,2632 2697,2632 2753,2633 2808,2634 2864,2635 2920,2636 2976,2637"/>
                <TextEquiv>
                    <Unicode>ist gar nicht da, die griechische Tänzerin Eleonore, und ein</Unicode>
                </TextEquiv>
            </TextLine>
            <TextLine id="r2l36" custom="readingOrder {index:35;}">
                <Coords points="1842,2670 2973,2680 2973,2647 2891,2637 1843,2625"/>
                <Baseline points="1851,2666 1906,2666 1962,2666 2017,2666 2073,2667 2129,2668 2184,2669 2240,2670 2296,2671 2351,2673 2407,2674 2463,2676 2518,2677 2574,2678 2630,2680 2685,2681 2741,2681 2797,2682 2852,2682 2908,2682 2964,2681"/>
                <TextEquiv>
                    <Unicode>Mensch blutet ihrem Gedenken. Da ist nur die hausbackene</Unicode>
                </TextEquiv>
            </TextLine>
            <TextLine id="r2l37" custom="readingOrder {index:36;}">
                <Coords points="1849,2715 2776,2750 2925,2746 2980,2692 1850,2681"/>
                <Baseline points="1857,2710 1912,2711 1968,2713 2024,2714 2080,2715 2135,2717 2191,2718 2247,2720 2303,2721 2358,2723 2414,2724 2470,2725 2526,2726 2581,2727 2637,2728 2693,2729 2749,2729 2804,2730 2860,2730 2916,2729 2972,2729"/>
                <TextEquiv>
                    <Unicode>Gretchen=Sophie, die sich zum Fenster hinausstürzt, weil</Unicode>
                </TextEquiv>
            </TextLine>
            <TextLine id="r2l38" custom="readingOrder {index:37;}">
                <Coords points="1844,2771 2965,2783 2965,2746 2886,2734 2360,2750 1846,2712"/>
                <Baseline points="1853,2757 1908,2759 1963,2761 2018,2763 2073,2764 2129,2766 2184,2767 2239,2768 2294,2770 2349,2771 2405,2772 2460,2773 2515,2773 2570,2774 2625,2775 2681,2776 2736,2777 2791,2778 2846,2778 2901,2779 2957,2780"/>
                <TextEquiv>
                    <Unicode>Cassian derselben Rivalin zueilt, wie Martin es wollte:</Unicode>
                </TextEquiv>
            </TextLine>
            <TextLine id="r2l39" custom="readingOrder {index:38;}">
                <Coords points="1842,2809 2970,2848 2971,2799 2923,2782 1843,2770"/>
                <Baseline points="1850,2806 1905,2807 1961,2808 2016,2809 2072,2810 2128,2811 2183,2812 2239,2813 2294,2814 2350,2816 2406,2817 2461,2818 2517,2819 2572,2821 2628,2822 2684,2823 2739,2824 2795,2825 2850,2826 2906,2827 2962,2828"/>
                <TextEquiv>
                    <Unicode>Liebe — Tod. Weltschmerzliche Ironie ist es, wenn Martin</Unicode>
                </TextEquiv>
            </TextLine>
            <TextLine id="r2l40" custom="readingOrder {index:39;}">
                <Coords points="1844,2861 2928,2892 2972,2888 2973,2851 1844,2822"/>
                <Baseline points="1852,2853 1907,2854 1963,2856 2018,2858 2074,2859 2130,2860 2185,2862 2241,2863 2296,2864 2352,2865 2408,2866 2463,2867 2519,2868 2574,2869 2630,2870 2686,2872 2741,2873 2797,2874 2852,2875 2908,2877 2964,2878"/>
                <TextEquiv>
                    <Unicode>mit den Worten stirbt: „Und ich bin gar nicht aufgelegt,</Unicode>
                </TextEquiv>
            </TextLine>
            <TextLine id="r2l41" custom="readingOrder {index:40;}">
                <Coords points="1836,2915 2179,2897 2694,2943 2973,2917 2957,2886 2554,2903 1837,2855"/>
                <Baseline points="1844,2906 1900,2906 1956,2906 2012,2907 2068,2908 2124,2909 2180,2910 2236,2911 2292,2913 2348,2914 2404,2915 2460,2916 2516,2917 2572,2918 2628,2919 2684,2920 2740,2921 2796,2921 2852,2921 2908,2922 2964,2921"/>
                <TextEquiv>
                    <Unicode>Flöte zu blasen.“ Wir, die oft sahen, wie unter Stümper¬</Unicode>
                </TextEquiv>
            </TextLine>
            <TextLine id="r2l42" custom="readingOrder {index:41;}">
                <Coords points="1841,2948 2835,2999 2961,2972 2945,2931 1841,2912"/>
                <Baseline points="1848,2952 1903,2953 1958,2954 2013,2954 2068,2955 2124,2956 2179,2958 2234,2959 2289,2960 2344,2962 2400,2963 2455,2964 2510,2965 2565,2966 2620,2968 2676,2969 2731,2969 2786,2970 2841,2971 2896,2971 2952,2971"/>
                <TextEquiv>
                    <Unicode>händen Blutmenschen zu Drahtzieherfiguren degenerierten,</Unicode>
                </TextEquiv>
            </TextLine>
            <TextLine id="r2l43" custom="readingOrder {index:42;}">
                <Coords points="1833,3002 2965,3035 2954,2976 1834,2967"/>
                <Baseline points="1842,2999 1897,3001 1953,3003 2009,3004 2065,3005 2120,3007 2176,3007 2232,3008 2288,3008 2343,3009 2399,3009 2455,3010 2511,3010 2566,3011 2622,3011 2678,3012 2734,3013 2789,3014 2845,3016 2901,3017 2957,3020"/>
                <TextEquiv>
                    <Unicode>erlebten die Sensation: Marionetten wurden lebendig, man</Unicode>
                </TextEquiv>
            </TextLine>
            <TextLine id="r2l44" custom="readingOrder {index:43;}">
                <Coords points="1835,3053 2956,3069 2922,3021 1836,3018"/>
                <Baseline points="1843,3049 1898,3050 1953,3052 2008,3053 2063,3054 2119,3055 2174,3056 2229,3057 2284,3058 2339,3058 2395,3059 2450,3060 2505,3060 2560,3061 2615,3062 2671,3062 2726,3063 2781,3064 2836,3065 2891,3066 2947,3067"/>
                <TextEquiv>
                    <Unicode>mußte aufgehen im Spielen und Weinen der drei Holz¬</Unicode>
                </TextEquiv>
            </TextLine>
            <TextLine id="r2l45" custom="readingOrder {index:44;}">
                <Coords points="1830,3101 2296,3092 2854,3143 2959,3114 2893,3071 2118,3057 2001,3085 1831,3053"/>
                <Baseline points="1838,3098 1893,3098 1949,3099 2004,3100 2060,3101 2116,3102 2171,3103 2227,3104 2283,3106 2338,3107 2394,3108 2450,3109 2505,3110 2561,3111 2617,3111 2672,3112 2728,3112 2784,3113 2839,3113 2895,3113 2951,3112"/>
                <TextEquiv>
                    <Unicode>puppen. Dabei schien die innere Tragik vom Per¬</Unicode>
                </TextEquiv>
            </TextLine>
            <TextLine id="r2l46" custom="readingOrder {index:45;}">
                <Coords points="1828,3157 2502,3149 2800,3184 2956,3169 2957,3112 2853,3143 1829,3102"/>
                <Baseline points="1836,3147 1891,3147 1947,3147 2002,3148 2058,3148 2114,3149 2169,3150 2225,3151 2281,3152 2336,3153 2392,3155 2448,3156 2503,3157 2559,3159 2615,3160 2670,3160 2726,3161 2782,3162 2837,3163 2893,3163 2949,3163"/>
                <TextEquiv>
                    <Unicode>sönlichen der Schauspielertruppe ganz losgelöst und</Unicode>
                </TextEquiv>
            </TextLine>
            <TextLine id="r2l47" custom="readingOrder {index:46;}">
                <Coords points="1832,3206 2881,3228 2967,3218 2968,3185 1833,3151"/>
                <Baseline points="1840,3193 1898,3194 1957,3195 2016,3196 2075,3197 2134,3198 2193,3199 2252,3199 2311,3200 2370,3201 2428,3202 2487,3203 2546,3203 2605,3204 2664,3205 2723,3206 2782,3207 2841,3208 2900,3209 2959,3210"/>
                <TextEquiv>
                    <Unicode>Kunstwerkes wurden zu scharfen Konturen. Cassian, Sophie</Unicode>
                </TextEquiv>
            </TextLine>
            <TextLine id="r2l48" custom="readingOrder {index:47;}">
                <Coords points="1830,3249 2891,3275 2971,3237 1831,3205"/>
                <Baseline points="1838,3243 1894,3244 1950,3244 2006,3245 2063,3245 2119,3246 2175,3247 2231,3247 2288,3248 2344,3248 2400,3249 2456,3249 2513,3250 2569,3251 2625,3252 2681,3252 2738,3253 2794,3254 2850,3256 2906,3257 2963,3258"/>
                <TextEquiv>
                    <Unicode>und Martin waren nicht mehr: Liebe und Tod. Begrisse</Unicode>
                </TextEquiv>
            </TextLine>
            <TextLine id="r2l49" custom="readingOrder {index:48;}">
                <Coords points="1827,3303 2951,3318 2963,3272 1828,3250"/>
                <Baseline points="1836,3292 1894,3293 1953,3293 2012,3294 2071,3294 2130,3294 2189,3295 2248,3295 2307,3296 2366,3297 2424,3297 2483,3298 2542,3299 2601,3300 2660,3301 2719,3301 2778,3303 2837,3303 2896,3304 2955,3306"/>
                <TextEquiv>
                    <Unicode>sprachen und zündeten. Daß es dazu kommen konnte, ist</Unicode>
                </TextEquiv>
            </TextLine>
            <TextLine id="r2l50" custom="readingOrder {index:49;}">
                <Coords points="1826,3349 2876,3369 2965,3333 1827,3311"/>
                <Baseline points="1834,3339 1890,3338 1946,3338 2002,3338 2058,3338 2114,3339 2170,3339 2227,3340 2283,3341 2339,3342 2395,3344 2451,3345 2507,3347 2563,3348 2620,3349 2676,3351 2732,3352 2788,3353 2844,3353 2900,3354 2957,3354"/>
                <TextEquiv>
                    <Unicode>das Verdienst der Münchner, ihnen ist zu danken, daß sie</Unicode>
                </TextEquiv>
            </TextLine>
            <TextLine id="r2l51" custom="readingOrder {index:50;}">
                <Coords points="1822,3386 2954,3413 2932,3359 2841,3387 2516,3346 1823,3344"/>
                <Baseline points="1831,3389 1886,3388 1942,3387 1998,3387 2054,3387 2109,3387 2165,3388 2221,3389 2277,3390 2332,3391 2388,3393 2444,3394 2500,3395 2555,3397 2611,3398 2667,3399 2723,3400 2778,3400 2834,3400 2890,3400 2946,3399"/>
                <TextEquiv>
                    <Unicode>uns diese eigenartige Ausdrucksform näher brachten. Die</Unicode>
                </TextEquiv>
            </TextLine>
            <TextLine id="r2l52" custom="readingOrder {index:51;}">
                <Coords points="1818,3433 2960,3462 2960,3413 2921,3406 2087,3417 1819,3383"/>
                <Baseline points="1827,3434 1883,3435 1939,3435 1995,3436 2051,3437 2108,3437 2164,3438 2220,3439 2276,3439 2332,3440 2389,3441 2445,3441 2501,3442 2557,3442 2613,3443 2670,3444 2726,3445 2782,3445 2838,3446 2894,3447 2951,3448"/>
                <TextEquiv>
                    <Unicode>Dekorationen und Kostüme der Professoren Taschner und</Unicode>
                </TextEquiv>
            </TextLine>
            <TextLine id="r2l53" custom="readingOrder {index:52;}">
                <Coords points="1826,3490 2960,3492 2960,3461 2795,3450 1827,3446"/>
                <Baseline points="1834,3483 1889,3483 1945,3483 2001,3483 2057,3484 2113,3484 2169,3485 2225,3486 2281,3487 2337,3488 2393,3489 2448,3490 2504,3491 2560,3492 2616,3494 2672,3495 2728,3495 2784,3496 2840,3497 2896,3498 2952,3498"/>
                <TextEquiv>
                    <Unicode>Bradl, die erschütternden und robusten Akzente des Fräulein</Unicode>
                </TextEquiv>
            </TextLine>
            <TextLine id="r2l54" custom="readingOrder {index:53;}">
                <Coords points="1819,3521 2954,3565 2955,3508 2921,3503 1820,3486"/>
                <Baseline points="1828,3529 1883,3531 1939,3532 1995,3533 2051,3535 2107,3535 2163,3536 2219,3536 2275,3537 2331,3537 2387,3537 2442,3537 2498,3538 2554,3538 2610,3538 2666,3539 2722,3539 2778,3540 2834,3541 2890,3542 2946,3544"/>
                <TextEquiv>
                    <Unicode>Falkor und der Herren Marx und Wieland umrahmten</Unicode>
                </TextEquiv>
            </TextLine>
            <TextLine id="r2l55" custom="readingOrder {index:54;}">
                <Coords points="1824,3584 1897,3603 1971,3576 2024,3599 2526,3603 2526,3558 2484,3546 1825,3543"/>
                <Baseline points="1832,3577 1866,3577 1900,3577 1934,3577 1969,3577 2003,3577 2037,3578 2072,3578 2106,3579 2140,3579 2175,3580 2209,3580 2243,3581 2277,3581 2312,3582 2346,3582 2380,3583 2415,3583 2449,3583 2483,3583 2518,3583"/>
                <TextEquiv>
                    <Unicode>stilvoll das Ornament der Dichtung.</Unicode>
                </TextEquiv>
            </TextLine>
            <TextLine id="r2l56" custom="readingOrder {index:55;}">
                <Coords points="1939,3624 2955,3646 2956,3603 2702,3568 2592,3610 2383,3616 1940,3586"/>
                <Baseline points="1948,3626 1998,3626 2048,3627 2098,3627 2148,3628 2198,3629 2248,3630 2298,3632 2348,3633 2398,3634 2448,3635 2498,3636 2548,3637 2598,3638 2648,3639 2698,3640 2748,3640 2798,3640 2848,3640 2898,3639 2948,3639"/>
                <TextEquiv>
                    <Unicode>Mozarts Jugend=Oper „Bastien und Bastienne" fühlt</Unicode>
                </TextEquiv>
            </TextLine>
            <TextLine id="r2l57" custom="readingOrder {index:56;}">
                <Coords points="1813,3680 2953,3694 2953,3654 2900,3648 1814,3628"/>
                <Baseline points="1821,3676 1877,3676 1933,3676 1989,3677 2045,3678 2102,3678 2158,3679 2214,3680 2270,3681 2326,3682 2383,3682 2439,3683 2495,3684 2551,3685 2607,3685 2664,3686 2720,3687 2776,3687 2832,3688 2888,3688 2945,3688"/>
                <TextEquiv>
                    <Unicode>sich auf der Bühne des geschmackvollen „Urania“=Saales</Unicode>
                </TextEquiv>
            </TextLine>
            <TextLine id="r2l58" custom="readingOrder {index:57;}">
                <Coords points="1815,3732 2963,3752 2963,3703 2865,3690 1816,3677"/>
                <Baseline points="1824,3726 1880,3725 1937,3725 1993,3725 2050,3725 2106,3725 2163,3726 2219,3726 2276,3727 2332,3728 2389,3729 2446,3730 2502,3731 2559,3732 2615,3733 2672,3734 2728,3735 2785,3735 2841,3736 2898,3737 2955,3737"/>
                <TextEquiv>
                    <Unicode>bereits heimisch. Die Bastienne von damals, Fräulein</Unicode>
                </TextEquiv>
            </TextLine>
            <TextLine id="r2l59" custom="readingOrder {index:58;}">
                <Coords points="1825,3769 2739,3778 2946,3814 2965,3754 1825,3740"/>
                <Baseline points="1833,3772 1889,3772 1945,3772 2001,3773 2057,3773 2113,3774 2169,3775 2226,3775 2282,3776 2338,3777 2394,3777 2450,3778 2506,3779 2562,3779 2619,3780 2675,3781 2731,3781 2787,3782 2843,3782 2899,3782 2956,3783"/>
                <TextEquiv>
                    <Unicode>Angela Sax, konnte heute nur ihren silberhellen Sopran der</Unicode>
                </TextEquiv>
            </TextLine>
            <TextLine id="r2l60" custom="readingOrder {index:59;}">
                <Coords points="1824,3834 2953,3857 2953,3806 2874,3787 2705,3813 2210,3776 2169,3807 1825,3769"/>
                <Baseline points="1832,3817 1887,3818 1943,3818 1998,3818 2054,3819 2110,3819 2165,3820 2221,3820 2276,3821 2332,3822 2388,3823 2443,3824 2499,3825 2554,3825 2610,3826 2666,3827 2721,3828 2777,3829 2832,3831 2888,3832 2944,3833"/>
                <TextEquiv>
                    <Unicode>Pup#e leihen. Dr. Edgar Neumann atmete dem eisersüchtigen</Unicode>
                </TextEquiv>
            </TextLine>
            <TextLine id="r2l61" custom="readingOrder {index:60;}">
                <Coords points="1817,3857 1858,3884 2956,3877 2909,3841 1818,3832"/>
                <Baseline points="1826,3863 1882,3863 1938,3864 1994,3864 2050,3865 2106,3866 2162,3867 2218,3868 2274,3869 2330,3870 2386,3871 2442,3872 2498,3873 2554,3874 2610,3875 2666,3875 2722,3876 2778,3876 2834,3877 2890,3877 2947,3876"/>
                <TextEquiv>
                    <Unicode>Bestien seinen schönen Tenor ein. Besser als im Gesangs¬</Unicode>
                </TextEquiv>
            </TextLine>
            <TextLine id="r2l62" custom="readingOrder {index:61;}">
                <Coords points="1807,3941 2217,3906 2950,3945 2961,3892 1863,3879 1808,3849"/>
                <Baseline points="1816,3910 1872,3910 1929,3910 1986,3910 2043,3911 2100,3911 2156,3912 2213,3913 2270,3914 2327,3915 2384,3917 2440,3918 2497,3919 2554,3920 2611,3921 2668,3922 2724,3923 2781,3924 2838,3924 2895,3925 2952,3925"/>
                <TextEquiv>
                    <Unicode>gkeil wür diesmal im Sprechpart Herr Krall. Die musikalische</Unicode>
                </TextEquiv>
            </TextLine>
            <TextLine id="r2l63" custom="readingOrder {index:62;}">
                <Coords points="1821,3964 2941,3987 2961,3944 1821,3926"/>
                <Baseline points="1829,3957 1885,3957 1941,3958 1997,3958 2053,3959 2109,3960 2165,3961 2222,3962 2278,3963 2334,3965 2390,3966 2446,3967 2502,3968 2558,3970 2615,3971 2671,3972 2727,3973 2783,3973 2839,3974 2895,3974 2952,3974"/>
                <TextEquiv>
                    <Unicode>Leitung in besten Händen bei Herrn Kurt Pastor, die</Unicode>
                </TextEquiv>
            </TextLine>
            <TextLine id="r2l64" custom="readingOrder {index:63;}">
                <Coords points="1812,4024 2864,4017 2943,4062 2944,3986 2881,3972 1813,3969"/>
                <Baseline points="1820,4007 1875,4007 1931,4007 1987,4007 2043,4008 2098,4009 2154,4010 2210,4011 2266,4011 2321,4012 2377,4014 2433,4015 2489,4016 2544,4017 2600,4018 2656,4019 2712,4021 2767,4022 2823,4023 2879,4024 2935,4025"/>
                <TextEquiv>
                    <Unicode>Dekérationen des Professor Bradl von feinnervigem Ge¬</Unicode>
                </TextEquiv>
            </TextLine>
            <TextLine id="r2l65" custom="readingOrder {index:64;}">
                <Coords points="1816,4084 1900,4061 1998,4075 2072,4067 2100,4080 2118,4073 2118,4016 2092,4023 2066,4015 2045,4026 1996,4011 1968,4024 1892,4027 1881,4016 1843,4014 1816,4025"/>
                <Baseline points="1824,4060 1849,4059 1875,4059 1901,4059 1927,4060 1953,4060 1979,4060 2005,4060 2031,4060 2057,4060 2083,4060 2109,4059"/>
                <TextEquiv>
                    <Unicode>schmack beseelt.</Unicode>
                </TextEquiv>
            </TextLine>
            <TextLine id="r2l66" custom="readingOrder {index:65;}">
                <Coords points="2229,4111 2281,4110 2306,4094 2319,4097 2356,4084 2379,4093 2421,4087 2420,4055 2381,4037 2355,4037 2322,4011 2290,4036 2278,4027 2265,4030 2242,4056 2227,4058"/>
                <Baseline points="2236,4082 2261,4080 2286,4079 2311,4078 2337,4077 2362,4076 2387,4076 2413,4077"/>
                <TextEquiv>
                    <Unicode></Unicode>
                </TextEquiv>
            </TextLine>
            <TextEquiv>
                <Unicode>box 22/7
Bitte Rückseite beachten!
Telephon 12.801.
44
„USSERVER
I. österr. behördl. konz. Unternehmen für
Zeitungsausschnitte
Wien, I., Konkordiaplatz 4.
Vertretungen
in Berlin, Basel, Budapest, Chicago, Cleveland, Christiania,
Genf, Kopenhagen, London, Madrid, Mailand, Minneapolis,
New-Vork, Paris, Rom, San Francisco, Stockholm, St. Peters¬
burg, Toronto.
(Quellenangabe ohne Gewähr).
Ausschnitt austfi##er Mittags-Zeitung
vom 4. 8 MRa. 1111
Häter und Kunst.
0
DA
Marionettenthater.
Der tapfere Cassian“ von Artur Schnitler.
„Bastien und Bastienne“ von Mozart.
Eine Schnitzler=Komödie, von Marionetten gespielt!
Seltsamer Kontrast, könnte man denken. Ein Meister Der
modernen Bühnenform schrieb einen Zyklus „Marionesten
Gliederpuppenmenschen! Aber Cassian, Martin und Sophie
muten gar nicht leblos an, gar nicht hölzern ist ihre
Sprache, und der Wortklang hat nichts Steifes, Lebloses
an sich. Vielmehr duftet blühend frisches Leben aus ihnen
und die alte Schnitzlersche Tragik vom Lieben und Sterben
spinnt sich durch Worte und Gebärden. Und gar nicht
stelzenhaft mutet es an, wenn der tapfere Schwadroneur und
Landsknecht Cassian seinen schwärmerischen Vetter Martin
um der Liebe eines gerühmten Weibes willen totsticht. Sie
ist gar nicht da, die griechische Tänzerin Eleonore, und ein
Mensch blutet ihrem Gedenken. Da ist nur die hausbackene
Gretchen=Sophie, die sich zum Fenster hinausstürzt, weil
Cassian derselben Rivalin zueilt, wie Martin es wollte:
Liebe — Tod. Weltschmerzliche Ironie ist es, wenn Martin
mit den Worten stirbt: „Und ich bin gar nicht aufgelegt,
Flöte zu blasen.“ Wir, die oft sahen, wie unter Stümper¬
händen Blutmenschen zu Drahtzieherfiguren degenerierten,
erlebten die Sensation: Marionetten wurden lebendig, man
mußte aufgehen im Spielen und Weinen der drei Holz¬
puppen. Dabei schien die innere Tragik vom Per¬
sönlichen der Schauspielertruppe ganz losgelöst und
Kunstwerkes wurden zu scharfen Konturen. Cassian, Sophie
und Martin waren nicht mehr: Liebe und Tod. Begrisse
sprachen und zündeten. Daß es dazu kommen konnte, ist
das Verdienst der Münchner, ihnen ist zu danken, daß sie
uns diese eigenartige Ausdrucksform näher brachten. Die
Dekorationen und Kostüme der Professoren Taschner und
Bradl, die erschütternden und robusten Akzente des Fräulein
Falkor und der Herren Marx und Wieland umrahmten
stilvoll das Ornament der Dichtung.
Mozarts Jugend=Oper „Bastien und Bastienne" fühlt
sich auf der Bühne des geschmackvollen „Urania“=Saales
bereits heimisch. Die Bastienne von damals, Fräulein
Angela Sax, konnte heute nur ihren silberhellen Sopran der
Pup#e leihen. Dr. Edgar Neumann atmete dem eisersüchtigen
Bestien seinen schönen Tenor ein. Besser als im Gesangs¬
gkeil wür diesmal im Sprechpart Herr Krall. Die musikalische
Leitung in besten Händen bei Herrn Kurt Pastor, die
Dekérationen des Professor Bradl von feinnervigem Ge¬
schmack beseelt.
</Unicode>
            </TextEquiv>
        </TextRegion>
    </Page>
</PcGts>
