3484 4320
1709 188 2163 276 box 22/7
260 191 1555 300 17.2. Der tanfereGassian
1223 508 2167 572 als Bajazzo wie als Straßenräuber. In drei
1225 548 2178 609 verschiedenen Aufgaben konnte Herr Schroth
1220 587 2176 651 seinen biegsamen Tenor entfalten. Die ver¬
254 539 1193 701 „Theater und Mulik,
1217 621 2173 689 schieden geartete Sinnlichkeit der Colombine
1224 658 2184 726 und der Giulietta brachte Fräulein Flad¬
566 655 1049 740 Rar
1217 702 2180 767 nitzer zu bester Wirkung, die gleich Fräulein
285 713 1185 798 Drei Novitäten von Oskar Straus.
1840 743 2179 798 ertz vortrefflich
1237 761 1813 810 Bartsch und Herrn Lup!
1231 782 2174 843 sang und „spielte. Nicht minderes Lob ge¬
673 775 1174 856 Leipzig, 30. Oktober.
1231 818 2176 880 bührt Fräülein Sanden als Viola. Der
485 817 1199 894 einstige Ueberbrettlmeister und
339 838 490 901 Der
1226 852 2177 926 Kompomist konnte sich nach jedem Stück mehr¬
702 868 1212 941 „Walzertraum“ = Erfinder
264 882 636 945 kriumphgewohnte
1240 919 1815 983 fach gof der Bühne zeigen.
266 915 1191 966 Oscar Straus stellte heute im Neuen
1860 913 2141 993 O. Sonne.
266 962 1219 1018 Theäte drei Einakter, und zwar eine
262 986 1225 1056 Oper, ein Singspiel und ein Scherzspiel zur
254 1051 1099 1097 Schau, von denen die beiden letzten:
597 1040 1225 1130 ssian“ und „Venus im
254 1082 503 1137 tapfere
251 1108 1221 1170 Grünen“ überhaupt zum ersten Male der
1124 1146 1222 1198 es
263 1153 1134 1202 Oeffentlichkeit präsentiert wurden, indessen
260 1191 1225 1246 sich bei der Oper „Colombine“ wohl um
257 1219 1217 1284 ein Jugendwerk, um nicht zu sagen: Jugend¬
2055 1221 2444 1319 Telephon 12.801.
260 1266 1218 1326 sünde des Komponisten handelt. Diese „Co¬
252 1306 1225 1369 lombine“, deren Texibuch Arthur Pserhofer nach
362 1344 1217 1401 glechnamigen Bajazzade von Erich Korn
2099 1339 2233 1421 Die
259 1384 1222 1449 verarbeitet hat, ist arm an wirklich musikali¬
1471 1383 2202 1490 = „UDSERVEN
255 1421 1221 1487 schem Fluidum, das die Skizzenhaftigkeit der
265 1459 1215 1516 Anlage zu verbergen vermöchte. Die Mischung
1337 1441 2455 1556 I. österr. behördl. konz. Unternehmen für Zeitungs-Ausschnitte
262 1507 1212 1566 von Frivolität, Sentimentalität und Mystik ist
263 1538 1218 1603 nicht von demjenigen Reiz, der den nichts
1485 1517 2337 1610 Wien, I., Concordiaplatz 4.
259 1573 1224 1645 weniger als sympathischen Stoff: ein Spieler
1682 1604 2126 1674 Vertrefungen
253 1622 1211 1681 wird durch eine Dirne zum Einbrecher und
257 1655 1213 1715 endet durch Selbstmord, dauernd genießbar
1354 1633 2451 1731 In Berlin, Budapest, Chicago, Christiania, Genf, Kopen¬
253 1692 1214 1759 machen könnte, so geschickt auch ein geheimnis¬
1353 1698 2446 1769 hagen, Lundon, Madrid, Mailand,, Minneapölis, New-Vork,
259 1737 1219 1791 volles Halbdunkel der Stimmung gewahrt und
1404 1740 2411 1820 Paris, Rom, San Francisco, Stockholm, St. Petersburg.
1699 1775 2132 1842 (Quellenangabe ohne Gewähr).
257 1776 1217 1822 die dramatische Steigerung herausgearbeitet ist.
263 1820 1223 1876 Auch in „Der tapfere Kassian“ kommt uns
261 1857 1211 1907 Straus ganz ernsthaft. Kein Geringerer als
1347 1834 1743 1931 Ausschnift aus:
1403 1894 1693 1963 2- 11.199
267 1902 1225 1952 Arthur Schnitzler schrieb den Text zu diesem
264 1930 1217 1989 Singspiel, das ist der Holzschnittmanier ver¬
1678 1880 2434 2050 Efänkischer Sourisr, Kürnbern
1366 1942 1521 2013 vom:
262 1969 1220 2017 gangener Tage die Tragödie des Studenten
2492 1970 2661 2047 Kann
260 2012 1226 2065 Martin schildert, dem es in der Dachkammer
2271 2020 3282 2109 strierung viele gefällige Lichter. Der Inhalt ist
265 2042 1217 2114 bei der Liebe seiner Sophie zu eng geworden
2274 2085 3296 2140 der, daß Martin, der Student, an seinen Vetter
258 2087 1223 2138 ist, dem, als er in die Ferne ziehen will, der
262 2120 1230 2182 Landsknecht Kassian entgegentritt, ein Mittel¬
2283 2134 3302 2188 Kassian alles verliert, Gut, Geld, Mädel und selbst
1238 1992 2158 2254 Feuilleton.
255 2170 1212 2213 bing zwischen Uebermensch und Großmaul, um
2283 2177 3310 2233 das Leben, als er sich von seinem Mädel
259 2209 1209 2260 ihm in kurzer Frist die Liebe seines Mädchens,
2290 2223 2582 2292 trennen will.
268 2248 1218 2304 sein Geld und auch sein Leben abzunehmen.
1254 2185 2291 2320 3 neue Einakter von Oskar Straus.
2335 2268 3300 2329 Das dritte Werk des Abends, das musikalische
257 2283 1210 2339 Eine ganz simpele Geschichte, die aber durch
1329 2295 2279 2379 sk. Leipzig, 31. Okt. Im Neuen Theater
255 2316 1215 2374 des Dichters Kunst in ein eigenartiges Licht
2289 2314 3267 2378 Scherzspiel „Venusim Grünen“ zeigt Strau
253 2373 1213 2415 getaucht ist, so daß ihr etwas von dem Mag¬
1256 2360 2287 2418 in Leipzig haben am Samstag drei einaktige
2290 2367 3197 2428 ganz in seinem Element als Komponist gefäll
1056 2405 1214 2451 Oscar
263 2400 1027 2450 netismus alter Balladen anhaftet.
1268 2410 2289 2464 Opern von Oskar Straus die Erstaufführung
2283 2419 3194 2483 prickelnder, berauschender Walzermelodien, die
258 2430 1216 2487 Straus legte bei der musikalischen Einkleidung
1263 2458 3309 2515 erlebt, von denen zwei: „Der tapfere Herkunft von der Donau blauem Strande nicht
262 2489 1214 2537 den Schwerpunkt auf das Festhalten eines
1265 2502 3310 2571 Kassian“ und „Venus im Grünen“ in verleugnen können. Rudolf Lothar hat das
259 2527 1219 2573 altertümelnden Koloriis; er gibt sich ganz ein¬
1271 2554 2282 2616 Uraufführung herauskamen. Die einaktige Oper
255 2569 1217 2629 fach, so daß der Ton naver Liederspiele ver¬
2294 2542 3318 2609 lustige Buch zu dieser Burleske geschrieben, die
259 2590 1212 2655 gangener Zeiten an vielen Stellen durchaus
1266 2596 3320 2673 „Kolombine“, zu der Artur Pserhofer nach durchaus operettenhaft anmutet. Eine Umkleide¬
257 2637 1210 2688 getroffen wird. Daß er zur Unterstützung
1268 2647 2285 2713 einer Idee von Erich Korn den Text geschrieben
2293 2648 3325 2725 szene von unfehlbarer Wirkung und ein gemütlicher
256 2671 1208 2733 keiner Absichten das Klavier zu Hilfe ruft, er¬
1271 2704 3309 2745 hat und die schon an anderen Bühnen die Feuer= Bandit, dessen Ahnen in „Fra Diavolo" und
257 2717 1202 2784 scheint aber als ein verhängnisvoller Fehlgriff.
1268 2732 3342 2817 probe der Erstaufführung bestanden hat, leitete den „Stradella“ zu suchen sind, sorgten für den Humor
389 2759 1212 2805 o ganz in seinem Element ist der Kon¬
250 2765 1210 2846 ponist erst in dem kecken (man kann auch
1272 2794 3313 2860 Abend ein. Die Musik, die nicht sehr originell ist der Situation, dem auch die Musik in einer Fülle
255 2836 1210 2887 sagen: unauständigen) Fastnachspiel „Venus im
1330 2843 3307 2915 z. B. hat Humperdinck mit seinem „Hänsel und witziger und melodiöser Einfälle zu seinem vollen
254 2872 1206 2916 Grünen“ das Rudolf Lothar zum Vater hat.
1268 2893 2607 2965 Gretel“ sehr dabei Pate gestanden —, ist gefällig Recht verhilft.
253 2912 1208 2961 Es ist eine Räubergeschichte, deren Witz darin
1276 2937 2293 2994 und weist namentlich in der Instrumentierung
2338 2917 3309 2996 Der Komponist dirigierte die Aufführung selbst.
261 2952 1210 3012 besteht, daß zwei nicht allzu prüde Mägdelein
256 2988 1206 3030 im Wald ihrer Kleider beraubt werden, die
1265 2984 3313 3036 klangliche Feinheit auf. Das Buch erzählt die alte Der unbestrittene Erfolg der drei Einakter rief den
254 3028 1211 3071 dann den Spitzbuben zur Kostümierung dienen
1277 3026 3330 3098 Geschichte vom Bajazzo, der aus Liebe zu Kolom= Komponisten mit den Darstellern nach jedem Akt
255 3072 1215 3113 müssen. Der Liebe tut die Maskerade keinen
1274 3078 2293 3135 bine zum Spieler und Dieb wird, ihr mit ge¬
2286 3074 3326 3138 schluß vor die Rampe, auch Rudolf Lothar durfte
245 3108 1213 3146 Abbruch. Diese Ver= bezw. Entkleidungsszene
1279 3122 3314 3189 stohlenem Geld Reichtümer erwerben will, wäh= dankend erscheinen. Eine große Anzahl auswär¬
257 3151 1207 3199 ist mit keckem Behagen ausgeschlachtet und von
1270 3177 3300 3246 rend daheim Baron Harlekin Kolombine die Courstiger Theaterleiter und Journalisten wohpte dem
260 3185 1218 3239 Straus mit einer prickelnden, potpourriartig
1151 3228 1204 3281 in
254 3221 1117 3265 wirkenden Musik versehen worden, die
1279 3223 2290 3280 schneidet. In einem pantomimischen Zwischenspiel,
2289 3220 2867 3298 künstlerischen Ereignis bei.
260 3260 1133 3324 jedem Tokt Pikanterie und Charme atmet.
1274 3272 2296 3330 das von der Musik in dramatischer Steigerung
248 3294 1214 3358 Die Wienergabe der drei Einakter unter der
2710 3306 2940 3401 S
1280 3314 2299 3386 illustriert wird, sieht Bajazzo noch einmal sein
245 3330 1208 3397 temperawentvollen Leitung von Oscar Straus
1278 3363 2289 3438 Leben traumhaft an sich vorbeiziehen, bis der
246 3380 1208 3430 selbst und unter der verständnisinnigen Regie
260 3411 1210 3470 des Dr. Loewenfeld wurde den Licht¬
1281 3402 2295 3485 „Knochenmann“ die Sense hebt und ein Schuß, Ba¬
250 3453 1218 3502 seiten von Text und Musik durchaus gerecht.
1280 3455 1879 3544 jazzos Leben ein Ende macht.
249 3492 1240 3566 Dus größte Verdienst erwarb sich Herr Kase!
1334 3496 2305 3578 „Der tapfere Kassian“, dessen Libretto
1271 3544 2313 3613 von Artur Schnitzler ist, figuriert auf dem
1271 3586 2308 3661 Zettel als Singspiel. Die Musik ist in glücklicher
1264 3642 2301 3716 Weise auf einen etwas altertümelnden volkslied¬
1261 3694 2332 3778 mäßigen Ton gestimmt und erhält in der Orche¬
