3436 4320
263 201 2173 288 17.2. Der tapfere Gassian box 22/7
1701 1018 1787 1102 45
1016 1121 2444 1196 um Anige Grad tränenduseliger ein: wippte nur so in verlogener Mlusik¬
1021 1192 2456 1265 Resignation und machte auf diese Weise selber einen Harlekin zum suffisanten
1018 1220 2454 1308 Jammerlappen, der halb in Elegie und halb in borniertem Egoismus plät¬
1014 1282 2440 1366 schert. Airgends charaktervolle Tongebung — alles zerschwimmt in ohren¬
1021 1336 2450 1408 gefällig=billiger Instrumentation, die sowohl im heuchlerischen Pianissimo
1019 1385 2447 1459 wie im unmotivierten, im gequälten Forte nur einen Endzweck kennt: den
1017 1424 2447 1499 Zuhörer zu verblüffen, ihm eine Lüge zum brünstigen Evangelium werden
1025 1481 2451 1558 zu lassen. Es gehört wirklich nicht viel Musikverständnis dazu, um diese
1015 1537 2457 1592 Irreführung sofort herauszufühlen. Das große Publikum freilich ... Ja,
1016 1570 1354 1644 das Publikum!
1094 1621 2456 1699 Um den „Tapfern Kassian“ steht's nicht viel besser. Hier heuchelt der
1011 1667 2437 1751 Komponist zum Teil schlichte Alltagsnaivität, zum Teil will er (mit selbst¬
1018 1722 2456 1796 verständlich=simplen) Mitteln ein ungezügeltes Kraftmeiertum, musikalisch
1022 1763 2451 1847 illustrieren. Wohl gemerkt: er will es. Mit einem Pianoforte im Orchester
1021 1838 2445 1899 aber läßt sich eine solche Naivität nicht erzwingen. Auch nicht mit etwas
1010 1862 2450 1928 Flöten#delei. Nein: um Schlichtheit in Musik umzusetzen, muß Empfin¬
1019 1923 2447 1989 dung beim Kompanisten vorhanden sein: Seele, nicht Klügelei; Herz, nicht
1006 1971 2436 2029 Kontrapunkt=Weihrauch. Bei Oskar Straus dominiert auch hier die Be¬
1006 2026 2449 2092 rechnung. Er lüßt den Wert „4“ nicht etwa höchst selbstverständlich aus
1012 2060 2445 2144 2+ 2 oder 222 entstehen; nein, er gestikuliert dorfschulmeisterlich pathetisch:
1004 2118 2442 2193 1+ ¼+ ½2- 1/3- 2/3+ 1/6+ 5/+ 1/8+ 3/16 + 1/16 + 9/16+ 1/16 . . .: das alles
1005 2171 2448 2248 zusammen, Kinder, ja das alles gibt ganze 4!! Und: Kinderchen, mit was
1012 2228 2450 2310 für einfachen, mit was für schlichten Mittelchen habe ich das alles, habe ich
1009 2263 1455 2326 meine „vier“ erreicht!
1080 2305 2352 2373 Der reine schollenduftige Volksliedersänger — sagen dumme Leute.
1076 2344 2435 2428 Lieber, bester Herr Oskar Straus, alles das ist Mache bei Ihnen. Sie
1009 2417 2435 2482 sind nämlich ein lüsterner Geselle durch und durch, und wenn Sie Volks¬
1014 2465 2445 2537 weisen simulieren, dann kenne ich Ihre eigene Empfindung: Perversion,
1012 2516 2438 2577 bester Herr — wie der Junker, der sich schließlich auch nach simplen Mägden
1017 2554 2445 2628 sehnt, nach Poussaden, die (unter anderm) auch den Reiz des Heudufts von
1014 2608 2444 2666 sich ausgehen lassen mögen. Es ist das die schlüpfrigste Musik ohn¬
1000 2657 2440 2725 mächtigen Dekadententums. Ich danke dafür. Danke trotz Cimbalo.
997 2692 2409 2777 Danke trotz Flöte. Mir ist das wirklich ein wenig zu viel an Flunkerei.
1075 2767 2447 2828 Käme zum Schluß: Venus im Grünen. Das Ding mag gehen; denn
1001 2797 2437 2874 hier ist dieser Herr Straus beim Walzer als seiner eigentlichen Domäne an
1000 2859 2445 2929 gekommen. Und hieser Walzer (zwar zeigt er allenthalben bekannte Motive)
1003 2906 2440 2962 klingt, fördert Rhythmus zutage und gibt sich als echtes Kind seines Schöpfers:
994 2955 2434 3023 er verzapft nackten Dreivierteltakt und läßt die Violine und die Lippen der
1000 2996 2430 3066 Choristen sinnlich bis zum Exzeß summen und wispern. Da ist also Freund¬
991 3028 2438 3106 chen Oskar Straus echt: Schlüpfrigkeit mit Haselnußbäumen und etwas
994 3102 2436 3155 Ringelringel=Rosenkranz im Hintergrund — Sentiment und Sexualapplomb
1002 3156 2435 3211 zu einem Brei vermischt. Igitur: das Publikum girrte und fing unter so¬
1004 3194 2439 3269 tanen Weisen an auf den Sitzen zu rutschen. Die Politik Strausens siegte:
993 3226 2449 3311 ein System für ein System! Und das ist am Ende in unseren nervösen Zeiten
993 3287 1353 3350 auch etwas wert.
1063 3343 2007 3424 Regisseur für das Ganze: Herr Dr. Löwenfeld.
1648 3404 1784 3489 1359
