3484 4320
1791 210 2178 328 box 22/
328 229 1636 344 17.2. Der tanfere Cassian
700 1386 1001 1458 das Pring..
691 1519 3073 1584 spieler“ an Fäden geleitet werden, und zwar mit über= märchen, die Wirkung erhöhen, anstatt sie zu mindern.
698 1569 3066 1599 raschender Geschicklichkeit. Die Sprecher oder Sänger stehen Jedenfalls ist es der Leitung der „Lit. Ges.“ sehr zu danken,
684 1607 3069 1654 in den Kulissen. Ein komplizierter, an Vielseitigkeit den daß sie diese interessanten Gäste herbeirief, und den Beifall
696 1629 3072 1686 Vorrichtungen der großen Bühnen nicht nachstehender der den Künstlern hinter und vor den Kulissen zuteil warb,
704 1676 1885 1733 Apparat regiert die elektrische Beleuchtung. Die Dekoratio¬
2792 1685 3042 1749 B. W—g.1
1870 1689 2559 1754 hatten sie alle reichlich verdient.
714 1720 1877 1776 nen sind von tüchtigen Künstlern gemalt, die Möbel und
1938 1706 2973 1765 Die Literarische Gesellschaft ist in der Lage, für
685 1744 3040 1808 Requisiten gediegen und wertvoll. Das vortrefflichste sind die morgen nachm tag ½4 Uhr stattfindende Aufführung des
680 1782 3047 1850 Marinonetten selbst. Es sind wahre Kunstwerke ganz Marionettentheaters eine beschränkte Anzahl von Billetts
675 1830 3072 1915 hervorragender Könner wie Ignatius Taschner und Josef auch an Nichtmitglieder abzugeben. Die Karten sind in
678 1869 2888 1954 Wackerle. Aber der Leser wird nach der Gesamtwirkung der Hofbuchhandlung und an der Kasse erhältlich.
683 1904 1890 1988 aller dieser interessanten Dinge fragen. Sie ist jedenfalls
2450 1907 3076 1997 ##a#d nan Rudaff Presber.
677 1946 1891 2014 bemerkenswert; das #schmackvolle Hans bildet einen stil¬
684 1988 1889 2053 gerechten Rahmen um die Guckkastenöffnung, über der ein
682 2022 1898 2095 schelmischer Rokokoherr allegorisch seine Maske lüftet, und
685 2062 1898 2130 die Verdunkelung des Saales konzertriert die Aufmerk¬
677 2099 1897 2172 samkeit auf das kleine helle Viereck. Den Mitteln dieser
677 2146 1888 2207 Kunst schien ein puppenhaft zierlich, naiv altmodisches Werk
680 2181 1902 2234 wie die „Serva Padrona“ allerdings noch mehr angemessen
675 2225 1892 2292 als A. Schnitzlers „Tapferer Kassian“ der zwar als Puppen¬
686 2260 1888 2323 spiel gebacht ist, aber in seiner halbtragischen, doch mehr
682 2298 1896 2356 aufs Psychologisch=Charakteristische ausgehenden Art dem
680 2337 1896 2388 Wesen der Marionettenbühne ein wenig zu widerstreben
702 2379 1886 2446 scheint. Gesprochen und gesungen wurde übrigens ganz
679 2397 1890 2487 trefflich; den Kassian sprach Direktor Braun, die übrigen
678 2453 1888 2519 Mitwirkenden waren Dresdner Künstler, die ungenannt zu
684 2497 1892 2565 bleiben wünschen. Die Klavierbegleitung besorgte der fein¬
683 2535 1888 2598 sinnige Karl Pretzsch. Um noch einmal auf die agieren¬
679 2580 1889 2632 den Künstler, die Marinoetten nämlich, zurückzu¬
684 2614 1867 2669 kommen: was am längsten im Gedächtnis bleibt, ist
674 2647 1896 2717 die Feinheit, Ausdrucksfähigkeit und Beweglichkeit ihrer
687 2694 1886 2763 Hände. Dagegen wird ein gewisser Gegensatz zwischen der
687 2733 1874 2795 Starrheit des Puppengesichts und diesen sprechenden Hän¬
691 2775 1866 2827 den wohl immer empfunden werden. Diese Starrheit
681 2808 1903 2881 würde freilich unter Umständen, etwa in einem Schauer¬
