3436 4384
211 244 1518 347 17.2. Der tanfere Gassian
1668 251 2134 347 box 22/7
1763 741 2165 835 Telephon 12.801.
1795 847 1954 927 Pr.
1115 890 1251 969 e
1276 890 1900 992 „UBSERVEI
1057 964 2163 1036 4. österr. behördl. konz. Unternehmen für Zeitungs-AuSSchlltte
1187 1031 2028 1121 Wien, I., Concordiaplatz 4.
1386 1115 1816 1182 Verfretungen
1062 1157 2136 1214 in Berlin, Budapest, Chicago, Christiania, Genf, Kopen¬
1058 1219 2136 1268 hagen, London, Madrid, Mailand, Minneapolis, New-Vork,
1102 1254 2100 1318 Paris, Rom, San Francisco, Stockholm, St. Petersburg.
1397 1290 1814 1353 (Quellenangabe ohne Gewähr).
1053 1333 1336 1418 Ausschnitt
1347 1344 1439 1413 us:
1160 1395 1811 1502 18 fnz Grünia, Wien
1061 1439 1211 1510 vom:
986 1568 2131 1646 Marionetten-Theater Münchener
1405 1646 1733 1733 Künstler.
1044 1754 2169 1816 Der eigenartige Zauber, welchen die Darbietungen des
954 1800 2160 1851 Marionetten-Theaters Münchener Künstler ausüben, wirkt nach
962 1833 2171 1898 wie vor mit ungeschmälerter Anziehungskraft, so daß das
963 1878 2166 1924 Gastspiel dieses reizenden Miniaturtheaters in der Urania an¬
955 1916 2165 1972 dauernd einen lebhaften Besuch aufweist. Das Repertoire des
957 1953 2168 1998 Marionetten-Theaters umfaßt gegenwärtig die Hanswurstiaden
965 2000 2152 2030 „Die Zaubergeiges und „Kasperl als Porträt¬
963 2027 2164 2091 malers von Franz Graf Pocci, die Puppenspiele =König
960 2074 2156 2128 Violon und Prinzessin Klarinettes von Siegfried
963 2113 2164 2181 August Mahlmann und =Der tapfere Cassiang von
963 2158 2172 2196 Artur Schnitzier, und die komischen Operetten „Das
959 2199 2154 2260 Mädchen Von-Elizondos von Jacques Offenbach,
961 2239 2164 2294 eLa serva badronac (Wie die Zofe Herrin wirde) von
956 2267 2153 2339 Giovanni Pergolese, und =Bastien und Bastiennee
948 2320 2163 2363 von Mozart, die bei den täglich stattfindenden Vorstellun¬
955 2355 1829 2419 gen abwechseind zur Aufführung gelangen.
1044 2401 2147 2456 Besondere Beachtung finden die beiden jüngsten Novi¬
946 2447 2153 2503 täten =Der tapfere Cassiane und -Bastien und
944 2482 2160 2550 Bastiennes. Das groteske Puppenspiel „Der tapfere
950 2525 2160 2585 Cassianz ist eine urkomische Parodie auf Liebe und Treue,
943 2560 2156 2634 in der gezeigt wird, wie ein kühner Prahlhaus einem Schwäch¬
937 2602 2158 2679 ling die Liebste entreißt. Der schmächtige Flötist Martin liebt
951 2646 2150 2703 die wankelmütige Sophie, hält ihr aber nicht die Treue. Sein
952 2679 2149 2758 Vetter, der muskelstarke, großmäulige, tapfere Cassian, ist
936 2726 2142 2789 sein Rivale. Von ihm wird Martin in wildem Zweikampf er¬
943 2766 2142 2832 stochen, der bei Mondenschein seinen Geist aufgibt. Und nun
943 2804 2149 2871 fliegt sofort Sophie dem tapferen Bramarbas an den Hals. So
941 2845 2148 2902 erleht man ein Stück Welt im Raum einer Puppenstube, ein
945 2885 2160 2954 kleines Schicksal, dargestellt von geschnitzten Holzfigürchen,
944 2923 2148 2982 die unsichtbare kunstgeübte Hände leiten und für die echte
948 2979 2151 3034 dramatische Künstler hinter der Szene sprechen. In unserer
947 3003 2154 3065 Erinnerung verknüpft sich das Gesehene völlig mit den Holz¬
942 3039 2150 3117 puppen, die uns zu Symbolen unseres eigenen Wesens ge¬
940 3081 1216 3141 worden sind.
1040 3123 2149 3202 „Bastien und Bastiennes ist ein zierliches
945 3166 2147 3231 Schüferspiel, ein Rokokoidyll, dessen niedliche, entzückende
947 3211 2145 3280 Musik Mozart im Alter von zwölf Jahren geschrieben hat.
945 3257 2141 3322 Wieder nehmen wir an einer Liebesgeschichte teil, die aber
934 3305 2150 3367 diesmal glücklich verläuft. Die schöne Schäferin Bastienne
940 3342 2146 3406 sucht den Dortzauberer, den alten Schäfer Colas, auf, der
930 3389 2152 3442 auf einsamer Höhe haust, diesem ihr Liebesleid zu klagen.
938 3423 2145 3471 Bastien, ihr flatterhafter Liebhaber, hat der gefall¬
928 3468 2168 3508 süchtigen Phyllis zu tief in die dunklen Augen geblickt. Da soll“
937 3489 2152 3551 der wunderliche Alte heifen. Doch sein Ruf als Zauberer be¬
932 3552 2140 3599 ruht eigentlich nur auf einiger Menschenkenntnis; er rät der
936 3579 2138 3635 Verlassenen, sich von einem anderen zum Schein den Hof
930 3617 2136 3686 machen zu lassen. Als Bastien den Hügel hinangeschritten
932 3661 2152 3728 kommt, läßt er sie in seine Hütte verschwinden und weiß nun
932 3693 2151 3743 des ungetreuen Schäfers Eifersucht mit der Erzählung von
927 3748 2142 3807 der Liebe Bastiennes zu einem anderen geschickt zu wecken.
933 3766 2154 3829 Bastien will Bastienne sehen und sprechen; da zieht der
933 3822 2149 3866 schlaue Zauberer mit seinem Zauberstabe geheimnisvolle
927 3864 2131 3907 Kreise, und als Bastien sich wieder umdreht, ist Bastienne
920 3893 2099 3972 zur Stelle. Gegenseitige Vorwürfe führen zur Versöhnung.
