3484 4320
1663 274 2150 394 box 2277
222 291 1553 394 17.2. Der tapfere Cassian
1112 633 1798 784 (T htr u. (
554 854 2732 957 Prof.Geerg Wilkonsky in der Zeitschrift für Bücherfreunde.
1125 939 2758 1028 Arthur Schnitzler, Der tapfere Cassi an, Puppen¬
1116 1039 2559 1091 spiel in einen Akt.Steinzeichnungen von
2099 1073 2554 1169 Nr. 1-50 auf
1119 1073 2061 1161 O. Laske Vien, Karl König.
2035 1083 2115 1150 3000
1153 1132 2753 1239 Japon-Dokumentenpapier, von Auter und Künst-
1121 1195 1672 1297 1er signiert
634 1286 2698 1410 Das grausig-lustige Stiel vom tapferen Gasstan und seinen
628 1370 2697 1442 glückverl-assenen Vetter Mart in hat—1r bäske den besten
635 1448 2709 1517 Bildermann gefunden. Die Puppen tanzen auf sein Geheiss,
634 1519 2622 1579 dass es nur so eine ärt hat und das Schundrosa, das
641 1566 2707 1645 Preussischblau, das Giftgrün spielt auf eigene Faust eine
638 1638 2618 1693 Zuschkastenkönödie, Der Druck in der alten Schwabacher
1412 1676 2743 1754 Söhne, der hübsche Einband vollenden
642 1676 1420 1772 von Christeph Reissers
633 1733 2832 1825 den einheitlichen, sehr guten Eindruck dieser Ausgabe für echte
642 1803 2708 1886 Bücherfreunde, Schieber seinen vor dem Ankauf gewarnt, Das
630 1874 2013 1972 Buch ist veder erotisch noch protzig.
629 1962 1557 2105 Berliner Börsen Ceurier:
643 2096 2652 2197 Ar thur Schitzlers Puppenspiel'Der tapfere Cassia ist,
637 2172 2639 2267 uchl anlässlich des 60.Geburtstages des Dichters, in einer
636 2256 2624 2325 sehr reizvollen Ausstattung im Verlag von Karl König,
651 2293 2760 2383 Vien, erschienen. Das Buch enthält al Titelbild und ganz¬
635 2360 2696 2445 seitige IIlnstratichen, farbige Steinzeichnungen von Oakar
644 2414 2817 2501 Laske, die in farbenkräftigen Figuren den Huner des Maricnet¬
642 2484 1685 2586 tentuns wirks an widerstrahlen.
632 2611 1995 2716 Prof.Minde-Peuets „Leipzig im Cicerone:
642 2700 2821 2806 Arbhur Schnitzlers PuprenspielDer tupfere Cassim hat den
644 2783 2823 2874 Verlag Karl König in Wien in einer hübschen Sonderausgabe
649 2856 2790 2941 zu den Dichters 6C. Geburtstage herausgebracht. In einer alten
647 2914 2817 2998 Schwabacher von der Offizin Christoph Reissers Söhne in Wien
649 2979 2779 3053 gedruckt und mit 6 ganzseitigen, farbigen Steinzeichnungen von
646 3049 2885 3119 Oskar Laske geschmückt,die in Stil und Farbe das Spiel fanos
648 3089 2694 3173 1lustrieren; auch der farbig lithographierte Bildunschlag
653 3145 2987 3254 des Buches, das fast Quadratform hat, lässt gelungen die Stimmun g
649 3202 2652 3307 des Spieles anklingan, Ner Spott, Irchie und Skepsis, die
1202 3306 2735 3375 Zun und Treiben des Lobens niccht ernst
651 3294 1179 3379 Lehren, all das
1155 3337 2804 3428 graziöse Attribute der Schnitzlerschen Kunat be¬
661 3362 1142 3436 zu nehmen, als
1148 3422 2805 3503 die Vahl dieses Puppenspiels für diese Huldi¬
650 3428 1149 3511 trachtet, wird
661 3479 2105 3574 gung des Dichters ganz geeignet finden.
656 3528 2250 3626 WWir spielen imner, wer es veiss, ist klug.“
641 3617 2250 3745 Prof.Saligmann in der Neuen freien Presse“:
658 3746 2808 3870 Auch andere neue Verlagsanstalten sicht man mutig gegen die
649 3835 2823 3920 Ungunat der Zeiten ankämpfen, sc die von Karl König, der eine
650 3888 2757 4000 zehnradtertePlätter umfassende Folge von Beethuben-Phanta..
651 3960 2700 4083 sien unseres in Leipzig als Professer wirkenden Landsmannes
