3436 4384
228 323 1541 436 17.2. Der tapfere Gassian
1695 338 2147 420 box 22/7
1009 721 2246 816 teuern, daß ein anderer mehr Mühe hätte, sie zu erfinden,
1009 787 2240 839 als es mir gemacht hat, sie zu überstehen." Es ist kein
1017 841 2235 900 Wunder, daß dieser Mordskerl in den drei Stunden, in
1007 873 2246 950 denen sich die Handlung zuträgt, dem Martin im Würfel¬
1007 942 2245 1002 spiel alles Hab und Gut, durch seinen übermännlichen
1010 986 2236 1041 Zauber die hübsche Sophie und schließlich im Zweikampf
1013 1034 2247 1094 auch noch das Leben nimmt. Überdies hatte der Vetter
1011 1084 2245 1141 Martin die Absicht, just an diesem Abend die gute Sophie
1012 1121 2253 1194 schnöde zu verlassen und nach Homburg zu fahren, um
1001 1174 2244 1225 dort mit Gold und schönen Worten um die Gunst der
1009 1220 2232 1274 Tänzerin Eleonora Lambriani zu werben. Rachsüchtig ent¬
1000 1270 2244 1344 hüllt Martin im Sterben diesen vereitelten Plan seiner
999 1323 2243 1387 Sophie, die so schnell zu Cassian übergelaufen ist, und er
999 1377 2243 1433 bittet den tapferen Cassian, bei Eleonora sein Erbe zu
1005 1425 2241 1475 sein. Dem Cassian braucht man so was nicht zweimal
999 1463 2235 1520 zu sagen; er ist gleich bereit. Entsetzt über die Unbeständig¬
996 1525 2238 1581 keit des neu gewonnenen Verehrers, der ihr bloß eine
1000 1569 2231 1639 Nacht widmen will, springt Sophie zum Fenster hinaus.
1009 1613 2243 1663 Aber Cassian springt ihr nach, und dem sterbenden
1007 1667 2240 1735 Martin meldet der Diener: „Höchst Wundersames hat
996 1717 2235 1762 sich ereignet. Der springende Herr hat das springende
1004 1763 2237 1828 Fräulein in der Luft aufgefangen und beide sind wohlbe¬
996 1812 2246 1873 halten unten angelangt.... Gleich darauf hört man
1006 1852 2233 1915 schon von unten Cassian um den Reisesack brüllen, das
1001 1912 2237 1979 Posthorn klingt, der tapfere Cassian macht mit Sophie
1004 1959 2232 2026 die Nachtfahrt nach Homburg; Martin spielt noch ein
995 2007 2240 2075 bißchen sein Lieblingsinstrument, die Flöte und erklärt
1001 2065 2230 2116 dann: „Es ist bitter, allein zu sterben, wenn man eine
1005 2109 2230 2173 Viertelstunde vorher noch geliebt, wohlhabend und der
1003 2153 2226 2225 herrlichsten Hoffnungen voll war. Wahrlich, es ist ein übler
1003 2212 2235 2277 Spaß, und ich bin eigentlich gar nicht gelaunt, Flöte zu
996 2246 2231 2321 spielen“, läßt die Flöte fallen und stirbt.... Dir. Stor
1001 2302 2227 2370 Braun beiont bei der Aufführung des sanftmelancholischen
994 2356 2223 2427 und ironiereichen Spaßes in wirksamer Weise das Ma¬
997 2389 2231 2480 rionettenhafte, das er manchmal, weit über die szenischen
995 2453 2221 2500 Angaben des Dichters hinausgehend, auch verstärkt. Dem
993 2490 2227 2570 tapferen Cassian selbst wird ein dröhnendes Lachen mit
993 2553 2232 2620 auf den Weg gegeben, zu dem sich das Püppchen gar
993 2604 2231 2668 poffierlich schüttelt. Die zapplige Heiterkeit steigert sich,
987 2649 2226 2697 wenn sich Cassian, Martin und Sophie zu Tisch setzen und
993 2694 2231 2761 Cassian seine aufschneiderischen Mären zum besten gibt,
989 2753 2223 2816 wobei sich in sein gröhlendes Gelächter das Gepipse des
993 2793 2217 2851 Fräukeins sowie das schüchterne Lachen Martins ergötz¬
989 2825 2238 2915 lich mischt und alle drei gar kräftiglich wackeln. Köstlich ist
997 2886 2220 2966 auch der Doppelsprung aus dem Fenster. Das Würfel¬
997 2947 2213 2996 spielen und den Zweikampf verlegt die löbliche Regie hin¬
999 2986 2212 3061 ter oder wenigstens nahe an die Kulisse. Nur die figür¬
988 3032 2226 3112 liche Darstellung des unglückseligen Flötenspiels am Schlusse
988 3091 2221 3162 will nicht recht gelingen ... Der Gesamteindruck dieses
989 3145 2215 3213 in unserer Literatur ziemlich vereinzelt dastehenden mo¬
988 3182 2211 3259 dernen Puppenspiels ist jedenfalls so entzückend, daß
991 3245 2221 3298 man nur wünschen kann, Schnitzler möchte es auf diesem
987 3294 2206 3352 aparten Gebiet nicht bei dem einen Versuch bewenden
987 3344 2205 3404 lassen. Es gibt Variationen des Schnitzlerschen Themas
997 3390 2217 3437 von der Bittersüßigkeit von Tod, Liebe und Leben, die
995 3437 2209 3510 sich durch Marionetten wirklich besser wiedergeben lassen
997 3484 2208 3545 als durch lebendige Menschen, so daß auch der Dichter
991 3535 2218 3600 des „jungen Medardus“ im Abfassen neuer Puppenspiele
999 3584 1932 3643 keine capitis diminutio zu erblicken brauchte.
1077 3630 2216 3693 Dem Schauspiel folgte, etwas weniger wirksam, Mo¬
993 3684 2206 3739 zarts Singspiel von den Launen der Verliebten „Bastien
989 3716 2217 3797 und Bastienne“. Die bekanntlich recht schematische Ver¬
998 3772 2203 3848 söhnungshandlung des zerzankten Schäferpaares durch den
996 3824 2212 3902 devin du village Colas kommt der Darstellung durch
999 3878 2202 3935 Marionetten mehr entgegen als die Handlung der serva
996 3931 2202 3994 padrona, die ein sehr sorgsames Mienenspiel verlangt.
987 3980 2205 4044 Leider ist in Wien — in Berlin war das anders — der
993 4025 2199 4081 Sänger des Colas stimmlich unzulänglich; seinem Gesang
995 4077 2208 4137 fehlt des Basses Grundgewalt und seine Prosa bleibt
982 4132 2198 4188 nahezu unverständlich. Dafür singen Herr Dr. Neumann
1002 4179 2197 4240 (Bastien) und Fräulein Sax (Bastienne) sehr hübsch. Un¬
1002 4226 2196 4279 sagbar zierlich sind die ländliche Dekoration und die Püpp¬
