3484 4384
1329 241 1374 304 8
240 228 1539 332 17.2. Der tanferasan
432 1112 1431 1192 Faris, Kom, oan Francisco, Stockholm, St. Petersburg.
710 1181 1138 1250 (Quellenengabe ahne Gewahr).
379 1236 790 1321 Ausschnift aus:
994 1276 1156 1338 W.
580 1280 1455 1390 in 3 191Alontass-Mate (pest. 2 20.), Wis
387 1352 530 1433 vom:
490 1428 1234 1538 Abühnenweit.
612 1484 1388 1575 Die „Concordia“=Matinee.
494 1552 1600 1602 Die vom Journalisten= und Schriftstellervereine Con¬
379 1602 1604 1648 cordia“ gestern Nachmittag im Carltheater veranstaltete Matinee
394 1631 1604 1678 #rn künstlerischer und gesellschaftlicher Hinsicht ein Ereignis
386 1674 1599 1724 Eßen Ranges. Die Matinee begann mit der Uraufführung von
381 1725 1606 1769 (Kameraden“ dramatische Situation von Peter Nansen.
376 1758 1604 1798 In sehr amüsanter Weise wird hier die Wiederverlobung zweier
390 1798 1599 1837 Entlobter erzählt und von Herrn Leopold Kramer und Frl.
384 1837 1601 1893 Erika von Wag,ner sehr charmant wiedergegeben. Mit großem
384 1877 1608 1914 Interesse hörte man das Schnitzlarsche Singspiel „Der
380 1912 1605 1971 tapfere Kassiar“ mit dMüsk von Bsrar=Straus. Die
376 1957 1604 1998 Dichtung gewinnt durch die Musik entschieden an Wirksamkeit
373 2000 1605 2051 und man muß es Oskar Straus konzedieren, daß er sich im Stile
367 2021 1603 2093 seiner Musik dem Charakter der Dichtung anzupassen wußte.
366 2066 1606 2130 Frau Hedwig Francillo=Kauffmann sang die Sophie
376 2117 1602 2165 wundervoll. Herr Hofbauer war ein stimmgewaltiger tapfe¬
372 2147 1603 2216 rer Kassiem. Recht gut war auch Herr Maikl als Martin.
365 2195 1595 2244 Schalk dirigierte und holte aus der Partitur alle Feinheiten.
365 2230 1589 2286 Der Komponist konnte im Vereine mit den Hauptdarstellern
360 2271 1210 2313 wiederholt für den starken Beifall danken.
1216 2269 1591 2327 Der Schlager der
356 2305 1600 2343 Matinee war „Das neue Fiakerlied", Text von Philipp
364 2347 1597 2396 Pollak, Musik von Ludwig Engländer, vorgetragen von
358 2391 1602 2424 Alexander Girardi. Alle jene großen Vorzüge, die dem alten
365 2436 1588 2487 Fiakerliede, das dem Wiener aus dem Herzen gesungen ward
356 2469 1593 2529 zu seiner großen Popularität verhalfen, findet man hier wieder:
362 2501 1594 2572 es ist das Lied des modernen Fiakers, mit dem man ordentlich
354 2541 1595 2598 mitfühlt, wenn er in den Klageruf ausbricht: „Mi hab'n s’spritzt
354 2585 752 2634 aus meinem Wien
749 2591 1583 2642 — mit Taxameter und Benzin: Das Lied
363 2625 1591 2670 trägt die Popularitätsmarke in jedem Worte und das ist umso
370 2667 1577 2714 interessanter, als der Verfasser kein Schriftsteller von Beruf,
357 2707 1588 2746 sondern der ehemalige Mitchef der bekannten Firma Koppel,
352 2740 1579 2796 Frisch u. Comp. ist, der sich seit einiger Zeit ins Privatleben
353 2795 1588 2840 zurückgezogen hat. Ludwig Engländer hat die Musik dazu
354 2828 1574 2877 geschrieben und damit seine Meisterschaft aufs Neue bewiesen.
360 2855 1588 2919 Engländer, der „König der Operette“ wie er in Amerika genannt
354 2890 1585 2937 wurde, ist der Meister des flotten Stils. Ils unser Landsmann
351 2937 1586 2981 kennt er die heimische Note genau und man ist verblüfft, wie
355 2984 1588 3045 echt und bodenständig seine Musik klingt. Das Lied werden die
360 3017 1581 3059 Wiener gerne singen. Daß es durch den meisterhaften unver¬
356 3065 1578 3101 gleichlichen Vortrag Girardis noch gewann, ist selbstverständ¬
361 3108 1579 3142 lich. Hier bewundert man immer aufs Neue die höchste Kunst
363 3141 1577 3191 im Vortrage. Girardi und Ludwig Engländer, der am
356 3184 1582 3238 Dirigentenpulte saß, wurden bejubelt. Girardi mußte das
357 3224 1585 3285 iesche Lied ein zweitesmal singen. Das neue Fiakerlied ist
355 3263 1575 3330 er stärkste Schlager, den Wien seit Langem auf diesem Gebiete
353 3298 486 3360 hatte.
466 3321 1574 3382 Den Schluß machte das bekannte Leo Fall'sche Alte=Wie¬
352 3373 1572 3434 ier=Singspiel „Brüderlein fein“ mit Fritz Werner als
354 3414 1575 3465 Drechsler, Mizzi Zwerenz als Toni und Gerda Walde als
352 3461 1579 3516 zugend. Das anmutige Werk hat nichts von seinem Liebreiz ver¬
360 3502 1575 3543 oren. Mizzi Zwerenz und Fritz Werner waren ein köstliches
358 3541 1569 3595 Paar, das den alt=Wiener=Ton wunderbar traf. Frl. Walde war
345 3583 1581 3642 als Jugend wie verkörperte Anmut. Das Publikum spendete,
341 3617 1581 3702 Diesem“ leuchtenden; Dreigestirn reichen und wohlverdienten
335 3634 520 3722 Beifall.
1691 243 2133 323 box 22/7
1870 1178 2864 1271 Telle, . -oin, et. Tuleisbnig.
2166 1256 2573 1324 (Ouelionenpbe en Gou##).
1822 1300 2227 1399 Ausschnltt aus:
2209 1365 2761 1527 De Uorgan Plh
1831 1433 2345 1520 Be
1783 1578 2928 1648 Die „Concordia“=Matinee im Carltheater.
1853 1625 2926 1697 „Den von der „Concordia“ veranstalteten Aufführungen
1787 1679 2909 1737 wird flets mit Spannung entgegengesehen, da diese Vorstel¬
1787 1727 2910 1796 lungen abseits von der Schablone dem Publikum Neues in
1795 1781 2919 1853 der Form und oft auch in der Sache bieten. So erwartete man
1790 1834 2915 1896 gestern mit Neugierde den von Oskar Strauß vertonten
1784 1870 2913 1937 tapferen Kassian Artur Schnitzlers. Mag sein, daß
1793 1923 2933 1988 dieses phantastisch heiter ernste Singspiel in dem eigenartigen?
1784 1966 2930 2040 Rahmen der Puppenspiele besser paßt, aber es war doch immer¬
1784 2020 2926 2088 hin ein interessanter Versuch, diesen Einakter als kleine Oper
1790 2069 2931 2136 vorgeführt zu sehen, um so mehr, als die besten Kräfte der
1792 2120 2924 2186 Hofoper sich des Werkes warm annahmen. Frl. Francillo¬
1778 2151 2931 2226 Kaufmann sang die Sophie, Mackl und Hofbauer
1819 2214 2927 2284 — beide in Spiel und Gesang vortrefflich — waren als Martin
1785 2282 2925 2331 und Kassian gleichwertige Partner und Herr Markhoff
1779 2310 2933 2374 kündete das traurige Verhängnis gespensterhaft an. Am Diri¬
1793 2363 2923 2431 gentenpult saß Herr Schalk und die Regie hatte Herr von
1779 2408 2929 2478 Wymetal glänzend geführt. Alle Darsteller und der anwesende
1791 2462 2931 2528 Komponist waren Gegenstand großer Beifallskundgebungen.¬
1857 2510 2919 2582 Ein Stück scheidendes Wien verkörperte Alexander
1789 2563 2931 2622 Girardi mit dem Vortrag eines neuen Fiakerliedes, zu dem
1789 2601 2931 2670 Philipp Pollak den Text und Engländer eine echte
1779 2650 2935 2726 Wiener Stimmungsmusik geschrieben hat. Girardi als Fiaker
1844 2707 2937 2780 Beifall, Jubel und Wiederholung! „Brüderlein
1782 2737 2940 2827 fein“, das reizende Altwiener Singspiel von Julius Wil¬
1785 2817 2928 2880 helm und Leo Fall, hat gestern wieder seine Zugkraft aus¬
1779 2874 2934 2917 geübt. Mizzi Zwerenz, Gerda Walde und Herr Wer¬
1783 2902 2933 2961 ner boten Leistungen von so künstlerischem Empfinden, wie sie
1788 2951 2928 3012 bei den modernen Operetten jetzt nur selten zu sehen sind.
1787 3010 2926 3070 Die enthusiastische Aufnahme bewies, daß auch diese seinen
1790 3053 2941 3124 Kabinettstücke der Operette bejubelt werden. Die Vorstellung
1791 3100 2928 3167 wurde von einem Dialog Peter Nansens „Kameraden“.
1792 3158 2938 3215 einbegleitet, den Herr Kramer und Erika Wagner im
1787 3199 2938 3257 amüsanten Stile des Volkstheaters führten. Das Gelingen der
1793 3263 2933 3316 Matinee ist auch dem Dirigenten des Carltheaters Herrn
1794 3298 2843 3362 Holzer und dem Oberregisseur Wallner zu danken.
