3484 4384
678 215 1894 262 rionettenhafte, das er manchmal, weit über die szenischen
666 259 1885 325 Angaben des Dichters hinausgehend, auch verstärkt. Dem
660 317 1896 376 tapferen Cassian selbst wird ein dröhnendes Lachen mit
660 364 1886 410 auf den Weg gegeben, zu dem sich das Püppchen gar
669 405 1888 473 possierlich schüttelt. Die zapplige Heiterkeit steigert sich,
1540 455 1571 487 2
669 458 1887 524 wenn sich Cassian, Martin und Sophie zu Tisch setzen und
666 506 1889 561 Cassian seine aufschneiderischen Mären zum besten gibt,
657 551 1881 623 wobei sich in sein gröhlendes Gelächter das Gepipse des
664 602 1883 671 Fräuleins sowie das schüchterne Lachen Martins ergötz¬
661 656 1893 717 lich mischt und alle drei gar kräftiglich wackeln. Köstlich ist
671 702 1877 769 auch der Doppelsprung aus dem Fenster. Das Würfel¬
659 756 1879 817 spielen und den Zweikampf verlegt die löbliche Regie hin¬
668 803 1887 851 ter oder wenigstens nahe an die Kulisse. Nur die figür¬
665 846 1889 910 liche Darstellung des unglückseligen Flötenspiels am Schlusse
665 891 1878 943 will nicht recht gelingen ... Der Gesamteindruck dieses
659 944 1875 1003 in unserer Literatur ziemlich vereinzelt dastehenden mo¬
670 986 1886 1065 dernen Puppenspiels ist jedenfalls so entzückend, daß
667 1041 1884 1095 man nur wünschen kann, Schnitzler möchte es auf diesem
662 1095 1884 1157 aparten Gebiet nicht bei dem einen Versuch bewenden
659 1139 1880 1210 lassen. Es gibt Variationen des Schnitzlerschen Themas
671 1187 1882 1259 von der Bittersüßigkeit von Tod, Liebe und Leben, die
665 1231 1884 1309 sich durch Marionetten wirklich besser wiedergeben lassen
659 1295 1872 1358 als durch lebendige Menschen, so daß auch der Dichter
657 1342 1890 1407 des „jungen Medardus“ im Abfassen neuer Puppenspiele
659 1389 1613 1447 keine capitis diminutio zu erblicken brauchte.
745 1424 1880 1505 Dem Schauspiel folgte, etwas weniger wirksam, Mo¬
662 1492 1879 1559 zarts Singspiel von den Launen der Verliebten „Bastien
666 1538 1873 1603 und Bastienne“. Die bekanntlich recht schematische Ver¬
657 1582 1876 1632 söhnungshandlung des zerzankten Schäferpaares durch den
653 1629 1874 1701 devin du village Colas kommt der Darstellung durch
664 1687 1874 1741 Marionetten mehr entgegen als die Handlung der serva
665 1733 1864 1803 padrona, die ein sehr sorgsames Mienenspiel verlangt.
657 1778 1872 1852 Leider ist in Wien — in Berlin war das anders — der
656 1834 1864 1899 Sänger des Colas stimmlich unzulänglich; seinem Gesang
662 1873 1866 1934 fehlt des Basses Grundgewalt und seine Prosa bleibt
661 1942 1862 2000 nahezu unverständlich. Dafür singen Herr Dr. Neumann
653 1975 1863 2045 (Bastien) und Fräulein Sax (Bastienne) sehr hübsch. Un¬
658 2029 1860 2090 sagbar zierlich sind die ländliche Dekoration und die Püpp¬
651 2081 1865 2129 chen, beides von Professor Jakob Bradl entworfen. Die
652 2135 1862 2192 Schäferin hat einen rosenfarbenen Reifrock an, unter dem
655 2175 1869 2254 die weißen Strümpfchen lieblich hervorlugen, und sie
647 2218 1862 2300 trägt einen Stab mit Bändern in dem zarten Händchen.
654 2275 1868 2332 Er, der Schäfer, hat lilafarbene kurze Sammethosen, die
644 2336 1865 2392 am Knie mit roten Mascherln geschmückt sind, zu denen
641 2370 1863 2422 das rote Band des Strohhütchens harmonisch paßt. Als
652 2424 1867 2488 dörflicher deus ex machina erinnert Colas an das Vertigo¬
657 2468 1866 2536 Figürchen im „Mädchen von Elizondo“, mit seinen kleinen
657 2525 1860 2578 Wackelbeinchen, dem pfiffigen Faungesicht und den schwar¬
654 2564 1865 2634 zen Zotteln. Einen Separaterfolg erzielte Bastien, als er
653 2617 1862 2687 sich während der Auseinandersetzung mit Bastienne zwei¬
644 2670 1860 2708 mal gar artig mit dem linken Arm an den Steinrand eines
644 2708 1865 2798 Brunnen lehnte, der im Mittelpunkt des Bühnenbildes
650 2757 807 2830 stand
740 2801 1858 2884 Ein besonderes Kapitel wäre den Dekorationen und
639 2867 1860 2936 Beleuchtungskünsten des Marionettentheaters zu wid¬
639 2912 1844 2981 men, von denen hier noch nicht gesprochen wurde. Bilder,
647 2980 1853 3031 wie der Tannenwald in der „Zaubergeige“, der von Kerzen
641 3018 1852 3069 erhellte Saal beim Fürsten, der mondbeglänzte Garten,
649 3069 1842 3127 in dem Kasperl seine Fensterpromenaden macht, das Stadt¬
647 3110 1850 3173 gemälde mit dem Galgen, an den Kasperl gehängt werden
639 3167 1846 3223 soll, oder die Dachstube des 17. Jahrhunderts, in der
647 3204 1840 3272 sich die erschreckliche Historie vom tapfern Cassian zuträgt,
645 3265 1852 3327 sind Kunstwerke für sich. Ebenso die Sonnenauf= und
647 3314 1840 3388 untergänge, der blasse Mondenschein, der einmal auf Be¬
641 3351 1852 3429 sehl Kasperls prompt verlischt, und sonstige Lichteffekte,
632 3399 1843 3477 die nur bei der Première des Cassian nicht ganz Order
639 3440 1003 3521 parieren wollten
1029 3457 1845 3516 ... Und ein Märchen ist der bunte Vor¬
627 3497 1840 3575 hang, auf dem ein Ritter in einem Zauberwald einher¬
627 3573 1851 3630 reitet, ein holdseligs Fräulein vor sich auf dem stolzen
625 3599 1846 3684 Rosse, einen ganz zahmen gräulich=grünen Drachen an
621 3654 1831 3714 der Leine führend. Wer von den verehrten Brünner Da¬
624 3712 1832 3769 men und Herren Lust verspürt, gelegentlich eine Stunde
624 3757 1841 3834 in einem Zauberwald zuzubringen, der versäume es, wenn
631 3819 1835 3875 er in Wien ist, ja nicht, dem Marionettentheater in der
626 3863 1839 3928 Urania am Aspernplatz einen Besuch abzustatten. In
622 3898 1849 3983 drei Stunden des Nachmittags oder des Abends lassen sich
615 3954 1856 4029 die schönsten Gaben des Spielplans dieses Theaterchens ge¬
628 3990 1638 4087 nießen, und niemand wird den Besuch bereuen.
