3436 4320
284 216 1582 325 17.2. Der tanfere Cassian
1168 586 1549 674 Telephon 12801.
403 733 485 796 *
926 756 976 817 5
415 744 944 836 M
997 758 1506 853 AESN
407 840 1540 915 ∆ l. österr. behördl. kenz. Unternehmen für Zeitungs-Ausschnitte
561 896 1450 989 Wien, I., Concordiaplatz 4.
383 943 493 1008 2
792 961 1228 1037 Vertretungen
427 1002 461 1056 0
462 1006 1533 1098 in Berlin, Budapest, Chicago, Christiania, Genf, Kopen¬
385 1036 1537 1128 hagen, London, Madrid, Mailand, Minneapolis, New-Vork,
488 1097 1501 1161 Paris, Röm, San Francisco, Stockholm, St. Petersburg.
808 1137 1200 1192 (Quellénangabe ohne Gewähr.)
391 1173 1520 1257 & Aussohnitt aus: Wiener Mittags-Zeilung
386 1242 479 1291 230
379 1267 885 1351 E vom: 9177 1903
395 1349 473 1443 V
556 1339 1592 1446 (Flepermans.) Ein origlmähfr Einzel, Kiese Maroneien¬
456 1417 1590 1496 spiele zum Fühfuhr=Tee in „der „Flcherpäus“. Große, sauber
453 1462 1601 1547 geschnitzte sund fein herausstäfßerté Püpben, von naiv=kräftigem
445 1516 1604 1578 Humor in ihren charaktenstischen“ Formen, in ihrem eckigen
444 1566 1600 1631 Trippeln, ich und Hontieren. Ein Kinderspiel, aber mit viel
450 1610 1403 1681 Kunstfertigkik, und tchnisch fortgeschrittenen Behelfen
1429 1631 1594 1695 heraus¬
443 1649 1441 1752 gehoben aus den Kinderschuhen des Puppent#eaters,
1457 1679 1593 1735 über¬
445 1706 1589 1790 feinert un kultiviert, ein Spiel mit sprechenden, sinnig
441 1754 1597 1830 agierenden Puppen — die Stimmen natürlich hinter der Szene
438 1794 1591 1897 herausgezaubert — und von volkstümlich heiteren Texten be¬
446 1850 1599 1932 gleitet: „Das Eulenschloß", eine groteske Zauberkomödie von
442 1896 1583 1971 Graf Pocci, dann ein feiner ersonnenes Puppenspiel von
439 1945 1579 2030 Arthur Schnitzler, „Der tapfere Kassan“, und noch eine Serie
433 2007 1586 2076 einschlägiger Schwänke. Lina Vetter leiht den weiblichen
444 2050 1587 2115 Figuren ungesehen ihre puppenzarte, transparente Stimme, die
442 2103 1589 2162 sich so füß ins Gehör schmeichelt. Die harmlosen Puppen¬
431 2154 1590 2218 schwänke zur Jausenzeit werden sicher alltäglich ein vergnügt
425 2193 1591 2271 jauchzendes Kinderpublikum finden. Die „Fledermaus“ hat jetzt
435 2245 1577 2323 ein doppeltes Gesicht: nachts Kabarett, am Tag Marionette.
1225 2559 1607 2637 Telephon 12801.
442 2715 549 2768 4
479 2717 896 2808 * MAUMMUNSN
769 2735 1593 2826 n
452 2803 1595 2874 O l. österr. behördl. konz. Unternehmen für Zeitungs-Ausschnitte
624 2863 1506 2951 Wien, I., Concordiaplatz 4.
837 2939 1271 3011 Vertretungen
473 2976 1593 3057 0 in Berlin, Budapest, Chicagp, Christiania, Genf, Kopen¬
444 3026 1597 3102 hagen, London, Madrid, Mailand, Minneapolis, New-Vork,
550 3072 1561 3147 Paris, Rom, San Francisco, Stockholm, St. Petersburg.
862 3111 1253 3184 (Guclienangebe ohne Gewähr.)
443 3145 870 3237 6 Ausschnitt au
1041 3155 1663 3288 u. Montags Zeitung, Wien
802 3199 1052 3280 — MNL 1308
421 3258 681 3319 E vom:
516 3318 1583 3388 (Das Marionettentheater in der „Fleder maus“.)
409 3369 1606 3417 Das Münchner Marionettentheater des Paul Braun mit Figuren
396 3416 1568 3463 der Künstler Bradl und Taschner hat in den Räumen der
400 3444 1573 3505 „Fledermaus“ ein kurzes Gastspiel begonnen. Etwas Entzückenderes und
406 3491 1563 3532 Herzigeres kann man sich kaum vorstellen, als diese winzige Bühne,
410 3532 1567 3577 mit den winzigen Menschen, Möbeln und Dekorationen darauf, die
407 3564 1563 3618 doch vollkommen naturgetreu sind und die den Eindruck machen als
403 3610 1576 3662 wäre das alles eine große wirkliche Bühne mit einem sehr scharfen,
403 3650 1586 3699 aber verkehrten Opernglas betrachtet. Man spielt dort jetzt den
417 3691 1564 3734 „tapferen Cassian“ von Artur Schnikler und eine Beamten¬
400 3729 1581 3777 persiflage „Das Eulenschloß“ von Franz Graf Pocci. Beide Stücke
392 3765 1583 3837 haben guten Eindruck gemacht, nur daß das „Eulenschloß“ unserem
401 3798 980 3853 Geschmacke kaum mehr entspricht.
1739 212 2180 296 box 2277
2273 466 2856 669 a
2008 663 3160 722 O l. österr. behördl. konz. Unternehmen für Zeitungs-Ausschnitte
2046 713 2095 758 7
2184 713 3060 800 Wien, I., Concordiaplatz 4.
2002 791 2116 846 4
2410 784 2838 850 Vertretungen
2025 826 3155 885 0 in Berlin, Budapest, Chicago, Christiania, Genf, Kopen¬
2015 869 3166 931 hagen, London, Madrid, Mailand, Minneapolis, New-Vork,
2116 921 3129 969 Paris, Rom, San Francisco, Stockholm, St. Petersburg.
2418 955 2819 1009 (Quellenangabe ohne Gewähr.)
2030 994 3074 1082 * Anate aener Extrablatt, Wien
2663 1058 2820 1126 1000
2373 1084 2828 1170 7. MRLRt 1999.
2019 1119 2230 1185 E vom:
2728 1192 3107 1272 In der „Fleder¬
2217 1197 2715 1282 Cabaret „Fledermaus“.
2092 1251 3109 1312 maus“ gibt es in der letzten Zeit immer etwas
2100 1293 3100 1349 Besonderes. Entweder eine hochbegabte Bauchtänzerin
2100 1325 3104 1389 oder liebeswürdige Barfüßlerinnen, die uns
2091 1368 3106 1421 Beethoven'sche Sonaten reizend wienerisch tanzen,
2092 1414 3094 1458 oder geniale Ma er, die singen können, oder Sänger,
2105 1445 3106 1495 die auch nicht singen können, oder zarte Diseusen, die
2989 1484 3099 1540 kurz,
2104 1486 2931 1532 von lieblichster, duftigster Unbegabtheit sind
2108 1531 3105 1570 immer etwas Apartes! Kolo Moser erhebt Peter!
2093 1555 3025 1617 Altenberg's Gedankenstriche zum Quadrat
2719 1585 3108 1649 Kolo'schen Qua¬
2446 1601 2598 1648 dafür
2598 1596 2708 1654 die
2268 1600 2431 1658 zerlegt
2761 1616 3111 1692 die Meister er¬
2094 1630 2675 1693 drateln in Gedankenstriche
2976 1664 3107 1723 Alles
2760 1687 2799 1718 800
2100 1662 2765 1729 gänzen sich wundersam. Und
2110 1704 3117 1759 sehr amusant ... Gestern waren die Besonderen von
2101 1741 3108 1791 Wien und ein paar Sceptiker als Aufputz zu einer
2104 1780 3122 1839 Generalprobe geladen. Das Marionetten=Theater der
2104 1824 3115 1882 Münchener Künstler stellte sich vor. Das ist nun
2107 1867 3100 1912 wirklich wunderhübsch, ur=deutsch, eine humorvolle,
2111 1900 3115 1952 sehr geistreiche, dabei kernfeste Kunst. Zwei veritable
2110 1936 3112 1994 ausgewachsene Komödien wurden uns vorgehampelt.
2116 1977 3112 2030 Zuerst kam „Der tapfere Cassian“ daran, ein
2103 2019 3116 2069 überaus herziges Puppenspiel von unserem Arthur
2108 2047 3113 2102 Schnitzler. Man weiß, wie innig dieser Dichter mit
2105 2085 3105 2155 den Marronerken verschwistert ist, wie sein feines
2113 2125 3108 2178 Poetenherz an ihnen hängt. In seiner Kunst
2113 2168 3118 2228 nimmt die Puppenspielerei ein so breites Feld
2847 2196 3124 2251 die Liebe.
2556 2202 2848 2252 *Tod oder
2114 2210 2502 2261 ein, wie etwa
2346 2235 3044 2297 das Leben Marionetten=Komödie
2105 2251 2240 2300 Ihm
2115 2271 3131 2355 dafür das Marionetten=Theater — Leben! Erhat den
2561 2312 2930 2362 ormiate
2074 2382 3081 2427 guten Blick für alle Nervendrähte, an denen wir
2077 2416 3068 2464 armen Menschlein Alle zappeln. Wundervoll trifft er
2062 2464 3070 2500 den naiv=ironischen, sich selbst verlächerlichenden Ton
2063 2486 3065 2540 der alten Puppenkomödie. Das ist die geistreichste
2061 2528 3061 2578 Parodie von seltsamen Zuständen und phankastischen
2066 2566 3066 2608 Ereignissen. Wie innerlich wichtig thut doch der
2078 2613 3074 2655 Student Martin, der seine ihn liebende Sosie schnöde
2065 2633 3070 2680 verläßt wegen einer büßerischen, leider sehr laster¬
2067 2685 3065 2728 haften Tänzerin; aber die Sosie betrügt ihn flugs
2066 2706 3062 2765 mit dem bramarbasirenden, gransamen Kriegsmann
2070 2754 3064 2802 Cassian. Zuletzt stirbt der Martin und bläst sich noch
2074 2797 3066 2837 etwas schmerzliche Flöte vor zu seinem eigenen
2068 2843 3068 2881 traurigen Tode. Sein Geld hat er Alles verwürfelt,
2070 2875 3075 2920 seine Liebe dazu und einen Degenslich im Bauch hat
2077 2901 3062 2947 er auch — das ist Alles so furchtbat traurig! Die
2077 2939 3062 2998 Figuren waren von witziger Künstlerhand ausgeführt
2077 2983 3062 3025 und agirten unendlich drollig. Bei allem Spaß war
2076 3019 3060 3057 sogar dramatische Spannung in der Action. Schnitzler
2070 3053 3067 3107 ist in Wien noch nie besser gespielt worden. Hierauf
2067 3097 3069 3154 wurde „Das Eulenschloß“ geaeben, ein mit
2080 3124 3063 3178 „unglaublicher Zauberei vermischtes Drama“ in vier
2073 3171 3065 3217 Aufzügen von Franz Grafen v. Pocci, die Musik
2076 3208 3071 3246 von Alfred Pauer. Graf Pocci ist der Classiker des
2075 3242 3070 3288 deutschen Puopenspiels. Seine Phantasie hat Witz, sein
2078 3289 3067 3330 Witz ist immer zu phantastisch=romantischen Escapaden
2082 3326 3073 3370 bereit. Er war eine gründlich verspielte und ver¬
2073 3360 3055 3411 träumte Natur, der alte Graf. Sein Kasperl Larifari
2075 3398 3060 3451 lernt eine furchtbar gespenstische Eule kennen, der
2082 3436 3060 3483 er eine goldene Feder nach der anderen ausrupft.
2082 3475 3070 3533 Mit selbigen Federn schreibt er so klug und gescheidt,
2079 3510 3073 3550 daß er es bis zum Staatsminister bringt. Die
2071 3548 3068 3604 Kellnerin Greti, die ihm ihr Herz und Alles, was
2070 3583 3066 3632 dazu gehört, geschenkt hat, und der er dafür die
2081 3619 3062 3669 Heirat versprach, läßt er ichnöde sitzen. Er hat ihr
2070 3659 3064 3704 wohl zugesagt, er wolle sie heiruten, bis er eine feste,
2060 3698 3067 3755 gesicherte Stellung habe, aber ein Ministerposten, das
2085 3735 3066 3778 ist doch etwas sehr unsicheres. Und die goldenen
2692 3770 3071 3824 Auch diese Kasper¬
2073 3773 2694 3824 Federn werden langsam alle ...
2083 3811 3069 3858 liade wurde prächtig vorgestellt, erfrischend, amnsant.
2075 3844 3076 3898 Gesunde deutsche Kost für die Großen und Kleinen.]
2064 3884 3069 3945 Bei aller rusticalen, bajnvarischen Derbheit haben
2078 3921 3066 3981 diese Dinge doch ihre eigene zarte Structur, ihr
2073 3969 3070 4017 nobles poetisches Gefüge. Es ist Kunst und Humor, es
2083 4004 3075 4067 st Geist und Geschmack darin, in der Anlage, wie in
2107 4047 2445 4113 r Durchführung.
2882 4043 3059 4102 #r.
