3484 4384
308 257 2229 323 17.2. Der tapfere dassian box 22/7
1234 1085 2403 1267 Kunst = Wissen = Leben
1567 1286 2122 1369 Der tapfere Gassian.
1312 1327 2490 1411 er Chronist vermerkt: Erster Spielabend der Schausvielgruppe
1217 1364 2497 1455 der Literarischen Gesellschaft. Markstein in der Geschichte dieser Ver¬
1245 1411 1402 1465 inigung:
1438 1423 2499 1493 öchstspannung im vollen Hause, dann Stimmung und am
1226 1452 2496 1524 Schluß Begeisterung Neue Wege für die „Literarische“. zu neuem Ruhm.
1388 1498 2480 1560 in Chronist darf ja nicht propbezeien. Höchstens der Kritiker.
1314 1537 2485 1596 entlich. Dem aber sagen die Leitsätze des (sehr geschmackvollen)
1393 1572 2484 1641 ns: Lieohaberaufführungen wollen nicht als schauspielerische
1330 1603 2484 1651 ngen bewertet werden. Gewiß: sie wollen es nicht. Aber
1333 1632 2481 1696 sie ernster, kritischer Würdigung standhalten, dann. dächte ich,
1328 1670 2480 1736 besser. Das „Lob“ im Munde nachsichtig=lächelnder Duldsamkeit
1340 1705 2487 1770 schwerste Tadel. Die Schausvielgrupve hat etwas geleistet:
1339 1744 2484 1801 ehrliche. künstlerische Arbeit. Der Lohn sei: streuge Kritik: ihr
1335 1773 2486 1841 äftig genug, sie zu vertragen: ihr Mannen der Schauspielgruvve!
1326 1812 2486 1875 rweg: Ihr habt Mut! Artbur Schnitzler spielt sich nicht leicht.
1314 1850 2489 1902 Dialog, witzig geistvoll, pointiert, glitzert in allen Farben.
1354 1878 2490 1937 narbeit, wie seine Figuren, die mit feinsten Strichen gezeichnet
1385 1915 2473 1973 schrieb die zart=süße „Liebelei“ den keck=sprühenden „Anatol“
1387 1951 2479 2019 reilich, auch den „Reigen“. der nie für die Bühne bestimmt
1406 1987 2487 2050 er. von geschäftswütigen Direktoren auf die Bretter gezerrt.
1423 2024 2475 2067 des Dichters besudelt). Schrieb auch diesen „Tapferen
1409 2052 2478 2113 in Puppenspiel. Sind's Marionetten, diese Gestalten aus
1395 2086 2476 2148 knechtszeit: Martin, der junge Student mit dem Durst nach
1368 2122 2480 2181 en draußen, nach dem Abenteuer, der einer leichtfertigen
1352 2159 2461 2211 n nachläuft und sein treues Liebchen Marie darum verläßt:
1340 2188 2484 2252 Cassian, der bramarbasierende Landsknecht, dessen Lebensinhalt
1325 2221 2486 2277 I Weiber und das Raufen sind: diese Marie, die diesem Re¬
1309 2260 2473 2321 nisten und Raufbold aufliegt — kaum, daß sie ihn erblickt hat...?
1197 2292 2477 2356 Ein Puppenspiel voll Witz für den, der sich am Spiel ergötzen will. Für
1186 2327 2478 2402 den. der tiefer siebt. ein ironisch=wehmütiges Spiel mit — Menschen¬
1198 2363 2240 2413 seelen. Denn mit Menschenseelen spielen — die Dichter.
1257 2390 2484 2450 Die Hauptverson im Pupvensviel ist der Mann, der binter der
1190 2424 2477 2494 Bühne die Drähte zieht. Er haucht den Marionetten seinen Geist und
1196 2454 2483 2528 seine Seele ein Gestern hieß er Hermann Ballach, und er ist ein
1196 2493 2478 2554 ganzer, echter Künstler Verständnisvolles Einfühlen und Nachdichten
1188 2542 2470 2590 der Dichtung, das ist die Aufgabe des Regisseurs: Ballach löste sie fast
1191 2566 2478 2638 restlos. Nur in diesem kecken, sprübenden Stil darf Schnitzler gespielt
1186 2612 2464 2663 werden! Sehr hübsch schon der Gedanke, die Darsteller in Marionetten¬
1187 2647 2467 2702 art spielen zu lassen; und wie folgerichtig, stilecht wurde er durchgeführt
1186 2672 1628 2725 (die Umarmungsszene
1700 2679 2474 2729 in kleines Kabinettstück)! Jede Gruppie¬
1181 2705 2475 2762 rung. jede Stellung. jede Bewegung aufs kleinste genau der Situation.
1182 2745 2465 2800 der Stimmung angevaßt (Auftritt Cassians: Sterbeseene): liebevollste
1189 2786 2474 2839 Detailarbeit, und doch immer Wahrung der großen. künstlerischen
1226 2810 2473 2875 inie Eine schärfere Steigerung in den Würfelszenen, eine kleine
1190 2846 2472 2913 Beschleunigung des Temvos in den Anfangsszenen war der einzige
1179 2861 2469 2941 Wunsch, der offen blieb. Ballachs Hauptleistung zuletzt: die Rollen¬
1174 2916 2471 2982 besetzung: sie zeigte den sicheren Bühnenblick des Spielleiters. Grete
1185 2954 2467 3011 Schröder gab die Marie: echtestes Bühnenblut. Darf man nur
1178 2984 2463 3048 Tenöre entdecken? Heran, ihr Herren Direktoren; wer „entdeckt“ diese
1186 3015 2461 3074 Schröder? Ich verspreche euch, es lohnt sich! Diese Natürlichkeit.
1186 3050 2463 3114 diese Selbstverständlichkeit der Darstellung besitzt nur das echte, große
1180 3092 2464 3143 Talent: Bewegung. Mienensviel. Temverament — eine Leistung aus
1184 3117 2464 3173 einem Gusse. Prächtig gelang Hanns Sendler der Martin. ein
1182 3153 2466 3207 ganz köstliches Gemisch von Abenteuerlust. Naivität und Schwermut
1234 3195 2466 3231 und gerade dieser schwermütige Zug wirkt — ganz schnitzlerisch —
1175 3228 2464 3269 überwältigend lustig: nur ein wenia forscher hätte dieser Martin sein
1182 3267 2462 3322 können, der ia doch immerhin ein flotter Student ist. Als Gegenstück
1178 3298 2469 3353 dieses schmächtig=trübseligen Junkers Bleichwang stellte Wolfgang
1186 3328 2463 3396 Schmidt (tertlich nicht immer ganz sicher) seinen Cassian auf
1181 3362 2470 3421 zwei stramme Beine. halb Falstaft halb Münchhausen. kernig. robust.
1177 3398 2471 3472 lustig, prall, vom Scheitel bis zur Zehe ein echter Landsknecht. Werner
1188 3437 2458 3490 Fiuck ließ aus der kleinen Rolle des Dieners Laune und Temvera¬
1188 3471 1903 3516 ment sprühen: eine treffliche Charge.
1980 3477 2468 3535 Für das stimmungsvolle
1180 3501 1987 3558 Bühnenbild batte Bernhard Gasde gesorgt.
2329 3516 2433 3576 nk,
