3484 4320
331 189 2240 312 17.2. Der tapfere Cassian box 22/7
867 1422 2514 1510 Ein süddeutscher Industrieller war seits'schen überdrüssig geworden war, 2
780 1477 1722 1547 zwei Jahren mit einer ehemaligen Varietee¬
1725 1500 2672 1561 sie den charakterschwachen Sherlock Holmes
781 1516 1712 1580 sängerin verheiratet, die die Einsamkei
1721 1538 2672 1593 mit ihr in die weite Welt hinauszuziehen
783 1559 1718 1623 ihres Ehelebens sehr schnell satt bekam und
1719 1591 2664 1659 und die Freuden des Lebens zu genießen.
784 1611 1716 1657 sich von einem Assessor, einem Freunde ihres
1715 1644 2660 1691 Der Assessor, der sich inzwischen nach einer
781 1651 1721 1717 Hauses, kurzerhand entführen ließ. Dabei
1716 1675 2663 1734 Tätigkeit umgesehen hatte, sah sich plötzlich
781 1693 1723 1756 nahm sie alle die kestbaren Geschenke und
1720 1707 2658 1783 von seiner Begleiterin verlassen und eines
788 1736 1718 1804 Wertpapiere, die ihr der verliebte Gatte in
1728 1755 2002 1818 Nachmittags
2065 1770 2667 1830 . dem Gatten der jungen
778 1774 1716 1851 der kurzen Zeit seines Eheglückes geschenkt
1717 1802 2671 1872 Dame gegenüber, der auf ein voreilig abge¬
777 1833 1721 1880 hatte, mit. Bevor sich der Gatte auf die
1725 1846 2665 1916 sandtes Telegramm des Messenger=Boys
785 1870 1727 1944 Verfolgung machte, wollte er erst ganz im
1718 1892 2660 1947 schnell nach Berlin gekommen war. Die Ge¬
780 1918 1710 1970 Stillen den Aufenthaltsort des jungen Pär¬
1717 1936 2668 2016 sichter der beiden verlassenen Männer sollen
775 1966 1716 2027 chens auskundschaften und übertrug diese
1721 1987 2667 2062 nicht gerade die geistreichsten gewesen sein.
781 2006 1706 2055 Angelegenheit einem Messenger=Voy=Insti¬
1715 2019 2665 2094 Sie verstanden es aber, sich mit gutem Hu¬
772 2042 1709 2116 tut. Sofort wurde einer der erfahrensten und
1716 2063 2663 2141 mor über diese gleichartigen Schicksalsschlage
777 2092 1714 2153 geschicktesten jungen Leute, der sich schon im
1727 2117 2664 2167 zu trösten und reisten unbegleitet in ihre
783 2140 1713 2200 gesetzten Alter von 22 Jahren befand, und
1711 2156 2662 2217 Heimat zurück. Die Suche nach der jungen
777 2167 1705 2236 für derartige Missionen tauglich erschien,
1713 2205 2660 2273 Frau aber stellten sie ein, da Quecksilber nicht
774 2235 1704 2296 auf die Reise nach Berlin geschickt, wohin sich
1717 2237 2020 2318 zu fassen ist.
2042 2243 2617 2358 -
770 2277 1714 2339 das junge Paar allem Anscheine nach bege¬
778 2319 1717 2366 ben hatte. Man gab ihm eine Photographie
1728 2327 2669 2427 Aus Kunst und Wissenschaft.*)
782 2365 1707 2420 der jungen Frau mit und beauftragte ihn,
770 2404 1719 2465 in den besseren Hotels seine Nachforschungen
1767 2387 2593 2481 Drei neue, Einakter von Oskar Strauß.
777 2445 1714 2518 anzustellen und sofort an den. Fabrikanten
1784 2449 2603 2543 el###/7/4# #.-eipzig, 31. Oktober.
776 2491 1714 2557 zu telegraphiern, wenn er sicher wäre, die
1770 2509 2663 2593 Im Neuen-Theater in Leipzig erlebten am
779 2535 1709 2594 junge Frau getroffen zu haben. Vor allen
1710 2554 2654 2640 Sonnabend drei einaktige Opern von Oskar
781 2579 1700 2657 Dingen sollte er sie nicht aus den Augen
1715 2621 2663 2682 Strauß die Erstaufführung, von denen zwei:
771 2629 1574 2705 lassen und ihr überall hin nachfolgen.
1714 2672 2647 2740 „Der tapfere Kassian“ und „Venus im Grü¬
1699 2709 2663 2785 nen“ in Uraufführung herauskamen. Die ein¬
1713 2745 2638 2832 aktige Oper „Colombine“, zu der Arthur Pser¬
1699 2808 2646 2872 hofer nach einer Idee von Erich Korn den Text
1702 2859 2634 2926 geschrieben hat, und die schon an anderen Büh¬
1696 2903 2655 2966 nen die Feuerprobe der Erstaufführung bestan¬
1709 2956 2651 3008 den hat, leitete den Abend ein. Die Musik, die
1702 2992 2658 3045 nicht sehr originell ist — z. B. hat Humperdinck
1696 3045 2652 3102 mit seinem „Hänsel und Gretel“ sehr dabei
2193 3085 2245 3124 XW;
1709 3084 2674 3151 Pate gestanden — ist gefäuig und weist nament
