3436 4384
184 223 1493 326 17.2. Der tanfere Gassian
1071 1345 1463 1438 Telephon 12.201.
514 1480 1265 1572 JODSENVEN
361 1562 1437 1640 l. Seiwr. beh. konz. Unternehmen für Zeitungs¬
562 1618 1250 1681 Ausschnitte und Bibliographie.
541 1664 1304 1758 Wien, I., Conoordiaplatz 4.
755 1745 1080 1805 Vertretungen
352 1782 1452 1842 in Bertin, Brüssel, Budapest, Chieago, Geveland, Christiania,
362 1840 1458 1879 Gea, Kopenhagen, London, Madrid, Mailand, Minnenpolin,
360 1873 1462 1942 Rew-Work, Paris, Rom, San Francisoo, Stockholm, St. Petese¬
755 1912 1069 1964 burg, Toronto.
713 1951 1110 2007 (Oeallenangabe eame Geerfihd.
351 1985 763 2084 Ausschnitt aus:
717 2034 1389 2146 Die Bombe, Wiert
348 2131 766 2233 B
466 2266 1460 2340 Die „Concordia“ bringt immer aparte Vor¬
376 2325 1467 2416 stellungen zustande und so brachte die letzte
370 2383 1462 2466 Matinee im Carltheater wieder einige nette
373 2439 675 2515 Leckerbissen.
479 2508 1462 2572 So bekam man wieder Schnitzlers „Der
359 2561 1453 2646 tapfere Kassian“ zu sehen, den man nicht Ver¬
360 2625 1463 2695 loren geben will und dieses Mal als Oper ver¬
356 2675 641 2748 kleidet hat.
474 2737 1469 2825 Fräulein Francillo Kaufmann, für Auge
361 2797 1468 2873 und Ohr gleich erfreulich, gab die weibliche
355 2858 1463 2928 Hauptrolle und Herr Schalk dirigierte. Aber auch
356 2913 1474 2982 als Oper wird der „tapfere Kassian“ sein Leben
359 2970 1458 3058 nicht fristen können. Man begrabe ihn endgiltig.
466 3045 1458 3118 Girardi trat wieder als Wiener Sänger auf
354 3084 1473 3151 und stellte wieder einen Fiaker dar. Warum nicht
347 3150 1468 3240 einen Chauffeur mit einem neuen Chauffeurlied,
357 3213 1346 3291 welches das alte Fiakerlied ersetzen könnte?
462 3274 1474 3354 Dann gab es die kleine Operette „Brüder¬
350 3333 1466 3426 lein fein“ mit der köstlichen Musik von 1401
1378 3340 1467 3392 II.
465 3373 1462 3466 Die Zwerenz und die Walde zusäminen¬
353 3445 1351 3526 wirkend. Man steile sich das nur recht vok“
457 3498 1463 3582 Es war der Clou des interessanten Abendst
1645 237 2098 335 box 22/7
1977 897 2653 991 Bitte, Rückseite beachten!
2514 943 2912 1037 Telephon 12.801.
2606 1054 2662 1124 4
1907 1089 2651 1178 — „ODSLIVER
1779 1174 2887 1244 I. öeterr. behördl. konz. Unternehmen für Zeitungs-Ausechnitte
1926 1229 2760 1322 Wien, I., Concordiaplatz 4.
2122 1307 2557 1375 Vertretungen
1787 1345 2878 1419 In Berlin, Budapest, Chicago, Christiania, Genf, Kopen¬
1800 1412 2884 1462 hagen, London, Madrid, Mailand, Minneapolis, New-Vork,
1832 1456 2829 1522 Paris, Rom, San Francisco, Stockholm, St. Petersburg.
2128 1487 2564 1550 (Quelienungabe ohne Gewähr).
1782 1500 2935 1620 Ausschnitt aus: Münehner Hsueste Rachriahter
1797 1622 2237 1704 vom: 23 3 1972
1886 1749 2779 1828 e.k. Von Oskar Strans und anderen. Aus
1853 1802 2791 1899 Wien wird uns geschrieben: Man hat das Sing¬
1877 1850 2789 1929 spiel „Der kapfere Kassia,“ von Artur
1865 1875 2814 1949 Schnitzleh“ und= Oskar Stras unlängst im
1855 1922 2788 1989 Rahmen einerglänzenden „Konkürdia“=Veranstal¬
1861 1964 2781 2031 tung auf seine Wirkünglausprobrert. Die Probe¬
1863 2005 2794 2062 Aufführung erfolgte unter, der Patronanz der
1860 2042 2793 2106 Hofoper, die den Kapellmeister, die Sänger und
1871 2073 2786 2143 den Regisseur stellte. Letzterer, Herr v. Wymetal,
1861 2115 2795 2194 fand sich mit dieser vergrübelten, absonderlichen
1859 2153 2793 2230 Groteske, die in der Form des Marionettenspiels
1864 2194 2799 2249 die Zickzacklinien der menschlichen Schicksalswege
1874 2232 2801 2298 aufzeigt, schlecht ab. Es fehlte der Sache der
1873 2266 2799 2350 puppenspielerische Charakter und auch etwas von
1878 2307 2795 2372 dem ironischen Witz Schnitzlers. Der Regisseur
1868 2348 2798 2423 verwandelte das Ding einfach in ein romantisches
1881 2395 2798 2457 Singspielchen. Oskar Straus traf so ungefähr
1876 2433 2799 2499 den balladesken Stil und versuchte die schillernde
1878 2466 2811 2540 Buntheit der Puppenspielerei in Orchesterfarben
1885 2512 2807 2575 entsprechend zu markieren. Die Partitur ist sehr
1881 2543 2816 2609 duftig gehalten, die obligate Verwendung eines
1885 2581 2821 2653 Cembalo gibt dem instrumentalen Mäntelchen eine
1887 2622 2815 2682 eigentümlich interessante Färbung. Trotzdem sich
1890 2673 2809 2727 der musikalische Part nur als eine feinere Spiole¬
1893 2701 2818 2769 rei erweist und keine großen, starken Gedanken,
1884 2745 2814 2815 sondern mehr nette, gescheite und lustige Einfälle
1885 2778 2816 2852 enthält, und trotzdem die Tendenz der dramati¬
1892 2815 2814 2878 schen, von Schnitzler selbst aus der Prosa in
1884 2856 2817 2920 Operntextverse übertragenen Burleske der Majori¬
1884 2894 2817 2968 tät des Publikums unverständlich blieb, gab es
1889 2935 2818 3011 doch einen ausgesprochenen Erfolg für den oft her¬
1893 2970 2818 3047 vorgeklatschten Komponisten. — Bei dieser Ma¬
1895 3011 2821 3093 tinee ist ein neues Wiener Fiakerlied, welches sich
1904 3053 2820 3123 über die Fortschritte des Taxameters und Benzins
1900 3088 2823 3160 sehr empört und von dem deutsch=amerikanischen
2029 3132 2827 3193 misten Ludwig Englaender, der jetzt in
2459 3153 2834 3228 Operettenlorbeeren
1852 3157 2735 3256 eneen ne duneer
1850 3304 2792 3358 konkurrieren will, in eine wohlige, schmeichlerische
1839 3323 2775 3391 Melodie getaucht wurde, von Girardi der Oef¬
1848 3378 2786 3436 fentlichkeit übergehen worden. Die meisterliche
1853 3411 2786 3485 Art seines Vortrags hat dem Lied in Wien schon
1844 3446 2775 3521 Popularität verschafft. — Im Kolosseum wurde
1850 3497 2777 3555 eine Operette „Die Damen von Monte
1846 3525 2779 3586 Carlo“ mit einer sehr lieben und angenehmen
1842 3564 2778 3633 Musik Robert Winterbergs erfolgreich ge¬
1842 3608 2771 3678 geben. Der geschickte Text von Deutsch-Ger¬
1839 3649 2769 3712 man bietet eine heitere Variation über das alte
1842 3676 2773 3755 Thema vom Glück in der Liebe und, Unglück im
1836 3714 1977 3762 Spiel.
1877 3735 2768 3838 T Troilus und Kralscha“ im Merr###
