3484 4384
1310 264 1380 334 .
1162 270 1424 349 Cassi
1696 280 2161 385 box 22/7
236 259 1543 392 17.2. Der tanfere ussran
695 694 971 777 Seite 108
1711 707 2006 792 UFANTA
2855 743 3055 811 Nr. 12
3095 770 3193 856 2
3110 832 3161 870 0
3101 843 3181 895 9
3099 841 3174 908 2
646 821 1881 924 letzten Adien. Martin, der im Spiel, wie ein Zauberer
3156 866 3220 933 8
1895 865 3090 938 auf unser Leben in der Gewandung der Ironic und leicht¬
3087 889 3181 955 9
652 894 1875 972 immer und hmner wieder gewinnt, nochmals will er in
1896 917 3094 982 sinnigen Melancholie. Puppenspiele und Puppen haben
3098 922 3235 983 5 5
648 941 1873 1021 der flüchtigen Abschiedsstunde dem Cassian seine
3076 925 3194 1031 8
1889 960 3091 1039 doch das gleiche Schicksal. Freilich, die Puppe glaubt,
3168 972 3233 1041 1
663 998 1870 1068 Wunder zeigen. Gleich soll ja der Diener kommen, der
3089 994 3180 1082 5
1885 1021 3087 1091 daß sie leht, sie merkt den Betrug nicht. Dem Puppen¬
653 1023 1875 1096 den Postwagen bestellte. Martin und Cassian spielen.
3116 1029 3240 1117 8 4
1901 1066 3103 1140 spieler macht die Irreführung Freude. Oder sind auch
3110 1094 3158 1127 1
652 1089 1862 1159 Doch was ist das? Auf einmal verliert Martin, immer
3082 1103 3173 1167 5
1889 1109 3094 1166 wir Betrogene? Wir geben der Puppe den Wahn und
3106 1133 3242 1221 50
650 1138 1869 1216 wieder, es geht alles darauf, er verliert Geld und Gut.
1889 1149 3095 1243 zweifeln nun selbst. Da entgleiten uns die Fäden und
3085 1199 3163 1255 180
649 1181 1859 1249 den Reiseplatz im Postwagen, das Geld, mit dem er die
1894 1214 3049 1264 wir fühlen auf einmal, daß wir an Schnüren hängen. —
3109 1230 3199 1294 E. —
652 1243 1862 1296 tanzende Liebesspenderin erkaufen wollte, die Ehre, den
3099 1264 3182 1314 0
1894 1255 3089 1323 Ach, das kann doch nicht sein. Nicht wahr, Martin, du
3094 1286 3178 1337 1
641 1289 1875 1354 Degen, das Geschmeide, alles, auch die Sophie ... Und
1882 1299 3092 1367 bist nur scheinbar tot, und stehst dann wieder auf? Das
3092 1319 3175 1360 63
637 1330 1862 1406 sie? Plötzlich schlägt sie um und will auch wirklich
1880 1332 3245 1437 machst du uns nur so vor? Man lacht dann des Traumes K 2
650 1375 1863 1459 Cassian gchören. Da bäumt sich Martins Puppenstolz auf
1876 1394 2437 1455 und geht an seine Arbeit.
2587 1405 3049 1467 Dr. Franz Strunz.
3077 1388 3244 1485 6 25
649 1424 1871 1484 und er vergißt Spiel und seine eigene Untreue und die
647 1485 1866 1536 schöne Tänzerin in der nebelhaften Ferne. Kampf. Hich
1939 1451 3047 1577 Die Frankfurter Transp.-, Unfall- u. Glas-Verb.-A.-G“
643 1540 1865 1595 auf Hieb. Das Klirren der Degen. Auch Martin ficht gut.
2059 1545 2935 1598 I. Reischachstraße 3, Telephon 16.308, übernimmt.—
1942 1548 3034 1642 Haftpfl.-, Wasserleitg.-Schäden-, Einbruchdiebstahl- u. Unf.-
636 1567 1867 1647 Oh... Cassian, der Krieger und abenteuerliche Fechter,
1945 1615 3038 1703 Vers. aller Art u. gewährt d. Mitgl. d.-Wr. Uraniae 10% Extrarabatt.
643 1619 1865 1673 sticht dem Martin mitten ins pochende, heiße, unglück¬
635 1668 1872 1744 liche Puppenherz. Ach, wie schade .. Cassian soll nun
1883 1677 2158 1773 Teppich¬
2443 1692 3089 1765 k. u. k. Hof- u. Kammerlieferanten.
630 1723 1868 1790 die teuere Tänzerin haben. Auf Sophie fällt die Wolke
3113 1707 3207 1782 CS
2452 1739 3089 1810 Größtes Spezialhaus in Teppichen,
3092 1747 3263 1834 #
2175 1716 3090 1843 Orehdl, Sedes venteteltsete
632 1778 1861 1837 der Verzweiflung. Sie stürzt sich zum Fenster hinaus.
1927 1763 2105 1855 haus
2090 1809 3094 1873 Tel.16882, Bis Mai 1911 großer Uebersiedlungs-Verkauf.
640 1818 1868 1895 Arme Sophie — so wird man sagen. Doch nicht. Alles ist
641 1855 1862 1918 eine Komödie nur, und geht nach den Gesetzen und der
631 1908 1865 1986 logischen Notwendigkeit des Märchens: Cassian stürzt
632 1962 1857 2036 ihr nach und fängt sie im Falle. Beide komnnen unten heil
2186 1946 2617 2076 % WEUTRS
2614 1955 2908 2079 #WN
637 2007 1856 2083 an. Freilich, Martin stirht und hört das fliehende Paar
636 2053 1867 2129 noch rufen und lachen, und dann immer leiser und leiser,
2134 2034 2652 2151 Ug. 1160
633 2114 1858 2166 und in der Ferne das Posthorn, das wie ein Ruf des
622 2158 1863 2220 Lebens der sterbenden Puppe im Ohre klingt. Sie reisen
2063 2131 2823 2240 Siiinszeeingzseli en.Deinn
623 2205 1863 2264 hinaus ins helle, lebendige Sonnenland, Martin aber muß
630 2248 1858 2305 liegen bleiben mit durchstochenem Herzen und so müde
630 2287 1770 2361 im Sterben, daß er nicht einmal Flöte spielen will
2046 2293 2903 2403 PelschExnabl
628 2350 1859 2419 Ja, es paßt nicht zusammen, der Ruf des Lebens und der
631 2395 1850 2473 melancholische Trauermarsch auf den Tod einer ver¬
625 2447 1011 2510 lassenen Puppe.
2184 2417 2907 2514 altbewährtes, unentbehrliches Hilfs¬
2183 2480 2899 2553 mittel für die Küche, bietet die
718 2485 1849 2578 Martin, Martin, wie hast du recht, wenn du in der
2190 2532 2894 2588 Gewähr für stete Gleichmäßig¬
616 2550 1854 2631 Stunde, wo dir die Glieder erschlaffen und die Schnüre,
2181 2579 2898 2652 keit und Güte. Unbegrenzt haltbar.
629 2612 1857 2660 an denen du das Leben lebst, nur noch locker von den
623 2656 1848 2728 Fingern dessen herabhängen, der dich spielen läßt, wie
622 2705 1850 2775 recht hast du, Martin: es ist bitter, allein zu sterben,
627 2741 1843 2818 wenn man eine Viertelstunde vorher noch gelicbt, wohl¬
2327 2746 2700 2854 S
617 2809 1836 2867 habend und der herrlichsten Hoffnungen voll war. Hörst
625 2856 1840 2905 du das Posthorn in der Ferne? Den Ruf des Lebens?
2286 2857 2675 2951 llhdat
623 2888 1842 2961 Tröste dich, zerstochenes Puppenherz, uns geschicht es
2057 2921 2148 3020 2
2179 2909 2793 3018 Katt#baserlétaten
628 2950 1844 3002 nicht anders. Du hängst am Draht und einer, der größer
2824 2939 3067 3023 Sen
2259 2987 2698 3065 ab VellebtpDegeit
628 3000 1844 3064 ist als du, läßt dich lachen und weinen, lieben und müde
2893 3003 3001 3098 0
621 3035 1849 3113 werden und seufzen und sterben. Bei uns sicht man die
2262 3046 2694 3139 JtosbackerUh Beung
616 3082 1841 3159 Drähte nicht. Nur die Kinder sehen sie, die Philosophen
2379 3097 2573 3148 Kartsbad
2339 3112 2637 3176 Wunlsingest 21
622 3138 1847 3204 glauben sie zu spüren und sehen sogar in den Wolken
620 3187 1845 3255 etwa, wo sie enden, aber nur die Dichter dürfen hinter
618 3241 1843 3305 die Bühne und sehen alles, alles, damit sie dann dem
2306 3259 3053 3330 Natürlicher Sauerbrunn, hervorragende
613 3286 1842 3352 Alltag davon erzählen, wie wir das Spielzeug sind
2427 3301 3016 3370 Natron-Lithion-Quelle.
1998 3289 2073 3362 K
614 3326 1733 3404 ernster, schwerer, dunkler Hände. Und das sind
1716 3341 1842 3403 die
2358 3338 3062 3437 Hochfeines Tafelwasser.
613 3357 1846 3460 Dichter, wie auch der, der diese Puppenkomödie vom
2362 3404 3060 3479 Uberall erhältlich! Eigene Niederlage:
615 3423 1835 3496 Tapferen Cassiane erfand — ein gütiger Mann, der von
2377 3451 3032 3538 WIEN, I. Sonnenfelsgasse Nr. 4.
1825 3438 2362 3542 Miösterie
619 3478 1838 3527 der Sehnsucht nach dem Leben erzählt. Es ist ein Spiel
2542 3504 2879 3556 TELEPHON 20962.
1555 3607 2277 3700 Kunstmöbelfabrik
675 3647 1200 3754 Slaulaussiallungen
2681 3680 3003 3769 mobellager
1318 3682 2528 3844 August Ungethum
659 3824 1286 3910 Wonnungsemrichtungen
1368 3758 2999 3931 Wien, V.2 Obere Amtshausgasse 27. Muster-Interieun
3024 3946 3085 4029 8
750 3962 999 4042 Taturblumen
1605 4002 1939 4055 Gartenarchitekt
2019 3999 3195 4083 arten u. Park-I Gartenbau-Etablissement u. gartentechn. S 4
608 4019 3064 4126 ## Nu. Planzen JOH. GESSL' Sohm 1. Glucka. 2, T. 1611 G“ Anlagen : Büro, XIX, Iglasceg. 48, Tel. 443,VII.
3072 2983 3228 3101 8 5
