3436 4384
1825 102 2781 196 een e
1807 170 2824 247 [bauer als Kassian bezwingend durch seine starke Per¬
1407 198 1612 275 ng.
1817 218 2826 292 sönlichkeit, Herr Maitl als Martin liebenswürdig wie
1153 244 1320 314 2 Gewähs).
897 247 1080 331 (Osellenang
1806 263 2826 327 immer, Herr Markhoff (Diener) charakteristisch in
1803 293 2829 394 Ton und Gebärde. Das Singspiel, das der Initiative des
572 302 963 402 Ausschnitt aus:
1812 354 2820 418 Journalisten= und Schriftstellervereines „Concordia“
1810 402 2839 478 seine Wiener Aufführung verdankte, wurde mit ehrlichem
697 387 1719 520 g 3 1912 Snes Wiener Tagrünr
568 409 722 484 vom:
1809 448 2830 529 Beifall aufgenommen, der noch herzlicher wurde, als der
1807 497 2487 567 Komponist vor der Gardine erschien.
1912 539 2836 613 Auch sonst war die Matinee im Carltheater, deren
1791 559 2828 652 Pièce de résistance das Schnitzler=Straussche Werkchen
830 559 1767 677 Theater, Runst und Titeratur.
1795 625 2826 702 bildete, vortrefflich geeignet, das beifallslustige Publikum
1803 673 2837 758 in andauernd guter Stimmung zu erhalten. Die Leitung
1158 675 1443 776 Carltheater.
1802 724 2831 807 der „Concordia“ verschaffte sich sogar eine Uraufführung:
949 734 1663 837 „Der tapfere Kassian“ und andres.
1803 777 2826 836 Peter Nansens hübsche Bluette („dramatische
889 798 1805 884 Eine Burleske mit tragischem Ausgang. Der tapfere
1806 819 2833 894 Situation“, nennt's der Dichter) „Kameraden“.
781 855 1799 942 Kassian, ein richtiger Bramarbas, ist bloß ein Werkzeug
1809 867 2826 936 Henrik und Ellen, die sich heiraten sollten, waren aus¬
794 899 1798 982 des Schicksals. Ein“ großmäuliger, Landsknecht, ein
1810 918 2826 985 einandergegangen. Schon ein halbes Jahr war seither ver¬
793 946 1802 1026 Schlachtenbummler, ein Held mehr oder Worte als der
1804 960 2823 1033 gangen. Da sucht Ellen einen Anlaß, um in Henriks
777 1006 1794 1067 Taten, weiß dieser Kriegersmann wenig dabon, was das
1804 1017 2828 1083 Junggesellenwohnung zu kommen. Mit diesem Besuch setzt
785 1037 1794 1117 Herz bewegt. Das Leben ist ihm Dolein ohne Zweck, die
1806 1053 2842 1102 das Stück ein. Ob sie denn nicht als Kameraden mit
781 1076 1803 1162 Liebe nichts als Sinnenlust. Aber er ist täpfer, und dem
1808 1102 2832 1173 einander verkehren könnten? Und so sie sich darüber schlüssig
780 1127 1800 1208 Mutigen gehört die Welt. Er schlug schon, „als er
1808 1147 2839 1209 wurden, waren sie natürlich zum zweitenmal verlobt. Erika
781 1191 1795 1262 13 Jahre alt war, zwei Räuber tot“ Das menschliche Leben
1809 1193 2828 1265 Wagner und Leopold Kramer beherrschten die
783 1227 1802 1300 gilt ihm nicht mehr als das eine Mücke. Da ist sein
1806 1245 2833 1305 „Situation“ mit weltmännischem Takt und jener flotten
781 1278 1795 1348 Vetter Martin, der Student, ein andrer. Ein friedlicher
1800 1288 2816 1344 Eleganz, die notwendig ist, um über die Klippen heikler
788 1325 1800 1386 Gesell, der seine Flöte bläst. Freilich, leichtsinnig ist der eine
1810 1329 2816 1391 Situationen hinwegzukommen. Ein „Das neue Fiaker¬
780 1367 1793 1448 so wie der andre. Der Würfel entscheidet. Und dazwischen
1805 1375 2828 1442 lied“ betitelte, von P. Pollak verfaßtes Couplet, dem
792 1418 1793 1481 steht immer ein Weib, sei es das verliebte deutsche
1810 1426 2821 1500 Ludwig Engländer ein melodisches und populäres
781 1465 1790 1541 Mädchen Sophie, sei es die Tänzerin Leonore. Aber
1794 1476 2830 1547 Mäntelchen umgehängt hatte, wurde von Alexander
778 1510 1794 1586 Kassian, das muß man ihm lassen, hat den Streit nicht
1804 1523 2825 1577 Girardi mit vollendeter Meisterschaft vorgetragen. Der
781 1557 1798 1637 vom Zaun gebrochen. Er kam gerade zurecht, als der
1798 1566 2824 1629 Komponist durfte persönlich danken. Die reizvolle Miniatur¬
781 1603 1792 1673 Vetter Martin die Studentenbude und zugleich auch
1794 1619 2815 1667 operette „Brüderlein fein“ von Leo Fall be¬
779 1651 1787 1721 Sophie verlassen wollte, um in die Arme der Tänzerin zu
1795 1657 2823 1740 schloß die Vorstellung. Mitzi Zwerenz, temperamentvoll
783 1692 2825 1776 fliegen. Zu eng ward Martin diese kleinbürgerliche Welt und gut gelaunt, Fritz Werner, voll freundlichen
772 1731 1802 1814 und die Idylle langweilte ihn. Vom Glücke verwöhnt, ge¬
1792 1761 2823 1826 Humors und Wärme, Gerda Walde, anmutig und
767 1781 1788 1866 wann sträflicher Uebermut die Herrschaft über ihn. Er
1797 1794 2826 1867 fröhlich, bildeten von vornherein eine Gewähr für das volle
775 1832 1794 1912 hatte bisher immer gewonnen, Geld, Liebe und alles, was
1794 1847 2817 1919 Gelingen der Aufführung, um die sich auch Oberregisseur
769 1881 1789 1948 es Schönes auf dieser Erde gibt. Lachend nahm er Kassian
1789 1889 2828 1980 Karl Wallner und Kapellmeister Holzer ver¬
782 1927 1788 2002 seine ganze Barschaft ab. Zum Troste schenkte er dem
1794 1937 2085 1993 dient machten.
2633 1945 2729 2008 —TD—
769 1978 1797 2061 Vetter einen Dukaten. Und wieder kreisen die Würfel. Aber
766 2007 1800 2090 nun waltet das Verhängnis, und Kassian wird dazu aus¬
769 2065 1785 2148 ersehen, Martin zu verderben. Alles verliert der Student
770 2104 1794 2198 an ihn, das Gold, das Gewand, Sophie und den Diener.
755 2160 1794 2233 Und dann ersticht der Kassian den Martin. Diesem ent¬
764 2201 1805 2300 sinkt die Flöte, und Kassian eilte davon,um Leonore zu
757 2255 1794 2338 suchen. Die betrogene Sophie? Sie trieb es in die Ferne,
765 2295 1547 2366 vielleicht fand sie wieder einen, den sie liebte.
864 2340 1792 2442 Sicherlich hat Artur Schnitzler, der geistvolle
756 2389 1795 2479 und innige Dichter, eine Lebenswahrheit künden wollen,
758 2454 1792 2514 als er die simple Geschichte vom tapferen Kassian, zunächst
746 2493 1783 2575 für ein Marionettentheater, niedergeschrieben hatte.
751 2547 1780 2620 Vergänglichkeit, irrende Liebe, Leichtsinn, Vergeltung,
758 2581 1782 2658 strafendes Schicksal — das alles wohl sollte in eine ver¬
753 2638 1792 2716 schleierte Symbolik eingefangen werden. Ich weiß nicht,
748 2675 1779 2762 ob der tapfere Kassian als rezitierendes Drama seine
744 2729 1780 2802 Schuldigkeit getan hat, als Singspiel kam er zur
749 2770 1780 2838 vollsten Geltung. Die feine Hand des Dichters schuf auch
742 2821 1786 2896 die Form für die musikalische Gestaltung der Dichtung,
740 2871 1785 2945 die zu vertonen Oskar Straus als der geeignete
739 2899 1770 2993 Mann erschien. Teils mit seinem sicheren Instinkt, teils
738 2957 1772 3039 mit seinem geübten Scharfsinn erkannte Straus gleich
746 3010 1772 3073 das Wesen, der in Holzschnittmanier einherschreitenden
738 3054 1772 3126 Handlung, deren musikalische Elemente klar zutage
735 3106 1779 3174 liegen. Es galt zunächst, den Stil zu finden und die
748 3154 1777 3212 richtigen Ausdrucksmittel anzuwenden. Beides ist Oskar
740 3185 1769 3258 Straus überraschend gut gelungen. Ingeniös ist der Ein¬
745 3246 1658 3316 fall, dem Orchester das Cembalo einzugliedern.
1647 3253 1774 3323 Der
742 3281 1771 3365 zirpende, kurz abgehackte Ton des Clavicymbels, sein
742 3331 1763 3405 gjedämpfter Klang ist wie geschaffen, die Grundstimmung
733 3378 1774 3458 des ganzen zu charakterisieren und festzuhalten. Die zarte,
734 3426 1772 3503 unaufdringliche Orchestration, in der hie und da ein
738 3484 1770 3552 Soloinstrument hervortritt, ist geradezu meisterlich.
728 3525 1775 3595 Einige Leitmotive, von denen das chromatisch geführte
730 3572 1760 3644 der Tänzerin Leonore und das weiche Flötensolo
738 3606 1797 3698 besonders auffallen, sind mit künstlerischer Konsequenz
727 3669 1756 3741 durchgeführt. Der ganzen Komposition ist ein hoff¬
725 3712 1766 3793 mannesker Zug zu eigen, die Musik ist durchweg von
1757 3730 1828 3795 E
725 3770 1753 3832 apartem Reiz und vom Anfang bis zum Ende in strengster
1757 3784 1831 3846 I
722 3805 1754 3873 Kongruenz mit dem Sinne der Dichtung. Dieses kleine
729 3846 1750 3925 Singspiel zeigt uns Oskar Straus auf einer ansehnlichen
1747 3879 1820 3935 n
715 3893 1752 3973 Höhe schöpferischer Begabung und technischen Könnens.
1747 3919 1830 3984 *
724 3942 1746 4015 Wie frisch und lustig ist das F=Dur=Lied Martins, von
1748 3965 1831 4042 3
717 4003 1738 4064 welch warmer Empfindsamkeit dessen Lied in G=Dur, wie
1753 4017 1824 4072 gl
720 4035 1747 4110 ungemein lebensvoll die Würfelszene, wie burlesk die
722 4092 1836 4184 Schauerballade vom tapferen Kassian, wie poetisch derlä
728 4134 1253 4205 Abschluß des Werker.—
1705 4151 1832 4208 #
