3484 4320
286 231 1587 320 17.2. Der tanfere Cassian
1176 826 1537 914 Telephon 12.801.
577 974 1279 1075 — „ODSEIVER
459 1036 1556 1143 I. österr. behördl. konz. Unternehmen für Zeitungs-Ausschnitte
587 1116 1430 1201 Wien, I., Concordiaplatz 4.
785 1197 1224 1269 Vertretungen
458 1243 1556 1300 in Berlin, Budapest, Chicago, Christiania, Genf, Kopen¬
465 1301 1557 1358 hagen, London, Madrid, Mailand, Minneapolis, New-Vork,
510 1347 1513 1415 Paris, Rom, San Francisco, Stockholm, St. Petersburg.
805 1371 1222 1426 (Quellenangabe ohne Gewähr).
454 1427 848 1516 Ausschnitt aus:
1087 1446 1606 1546 Die Musik, Berlin
462 1541 1455 1664 vom 2Z S
1106 1627 1406 1684 Paul Hiller
507 1625 792 1677 ollen zählen.
548 1657 1435 1724 EIPZIG: Die zwei neuen Einakter „Der
510 1706 1432 1762 1 tapfere Kassian“ und „Venus im
516 1753 1446 1803 Grünen“ ergaben in Zusammenstellung mit
522 1779 1437 1831 der älteren und hier nicht mehr unbekannten
511 1827 1435 1881 Peinaktigen Oper „Colombine“ am 30. Oktober
517 1882 1436 1919 einen interessierenden Oscar Straus-Premiere¬
508 1911 1444 1962 abend des Neuen Theaters. Zu der den Abend
516 1950 1443 1993 eröffnenden, von Arthur Pserhofer nach einer
520 1984 1443 2028 Bajazzade Erich Korns verfaßten, nicht beson¬
513 2018 1430 2064 ders neuartigen aber sattsam erregenden Spieler¬
508 2044 1454 2109 und Kurtisanen-Tragödie „Colombine“ hat Oscar
507 2091 1436 2140 Straus eine wirksam charakterisierende und
513 2136 1442 2199 illustrierende Musik komponiert, als deren Höhe¬
515 2176 1432 2225 punkte nicht verschiedene leichtgeschürzte
504 2218 1432 2281 Solo- und Duogesänge, sondern die sehr ernst¬
512 2264 1439 2307 haften, zum Teil von den leidenschaftlichen
514 2293 1448 2349 Weisen einer Zigeunerkapelle durchwebten Ver¬
506 2339 1437 2382 larbeitungen eines drastisch gearteten Golddurst¬
513 2369 1449 2422 Themas und die selbst in ihren Tanzklängen
518 2417 1428 2466 düster gefärbte Begleitmusik zur Traumpanto¬
513 2462 1432 2509 mime achtunggebietend hervortraten. Fesselnder
510 2494 1444 2543 wirkte die in ernstem, selten nur trivialere
515 2530 1444 2579 Melodiewendungen mitaufnehmendem Volks¬
502 2562 1441 2627 liedtone gehaltene und eigenartig reizvoll mit
502 2607 1440 2663 Klavier- und mit Flörenklängen durchsetzte
509 2645 1440 2687 Musik zu Arthur Schnitzlers sprachschöner
511 2686 1444 2740 dramatischer Uberbreifl-Ballade „Der tapfere
515 2727 1432 2780 Kassian“, und mit Spannung folgte das Publi¬
512 2769 1432 2820 kum dem altertümelnden Dramolet, in dem das
519 2808 1437 2849 „fallende“ Weib dem Frauen fesselnden und
512 2845 1437 2905 Schwärmer aus- und totstechenden Renommisten
509 2884 1439 2928 zufällt. Ganz auf Operettencharakter gestellt
515 2919 1444 2972 ist das von Rudolf Lothar gedichtete, durch
515 2959 1434 3013 allerhand Brigantenhumor und halbsichtbare
518 3004 1444 3060 Entkleidungsszenen erlustierende Scherzspiel
525 3036 1443 3102 „Venus im Grünen“, dessen gefällige Musik,
507 3087 1443 3130 insonderheit das anmutige Quartett „Ein herr¬
514 3116 1429 3179 lich Bild, das muß ich sagen“ und das scharmant¬
512 3152 1443 3210 groteske Tanz-Duettino „Wer im Küssen nicht
524 3199 1436 3250 ganz sattelfest“, lebhaft ansprechen konnten.
517 3238 1444 3284 Mit dem seine Einakter persönlich dirigierenden
513 3274 1439 3322 Komponisten, der nach jedem Werke mehrmals
516 3316 1437 3375 auf der Bühne erschien, wurden schließlich auch
512 3347 1439 3415 die mit rühmenswerten Leistungen am Erfolge
516 3398 1444 3441 der Premieren beteiligten Bühnenmitwirkenden
519 3435 1444 3485 Frl. Fladnitzer (Colombine und Giulietta), Frl.
519 3478 1439 3523 Bartsch (Sophie), Frl. Sanden (Viola), Herr
520 3519 1440 3562 Kase (Bajazzo und Fierrabras), Herr Schroth
520 3553 1428 3606 (Baron Harlekin und Martin) und Herr Lüppertz
520 3588 1432 3649 (Kassian), der eine mitanwesende Librettist
514 3638 1436 3680 Rudolf Lothar und der um das hübsche Arran¬
506 3669 1444 3721 gement des Bühnenbildes verdiente Regisseur
517 3709 1444 3758 Dr. Loewenfeld mit mehrmaligem Hervorrufe
518 3748 1437 3801 für den unterhaltsamen bunten Einakter-Abend
1002 3794 1400 3849 Arthur Smolian
478 3789 708 3856 r bedankt.
1660 237 2194 329 box 22/7
2580 1915 2978 2008 Telephon 12.801.
2578 2018 2783 2103 Da
2096 2061 2714 2152 „ODSEIVEN
1863 2146 2965 2219 I. österr. behördl. konz. Unternehmen für Zeitungs-Ausschaltte
2013 2203 2842 2292 Wien, I., Concordiaplatz 4.
2199 2266 2628 2350 Verfrefungen
1865 2314 2958 2385 in Berlin, Budapest, Chicago, Christiania, Genf, Kopen¬
1875 2379 2965 2434 hagen, London, Madrid, Mailand, Minneapolis, New-Vork,
1911 2422 2931 2485 Paris, Rom, San Francisco, Stockholm, öt. Petersburg.
2202 2458 2637 2519 (Quslienangabe ohne Gewäks).
1885 2498 2242 2592 Ausschnitt aus:
2251 2534 2883 2652 Fromdenblatt, Wi
1857 2600 2267 2674 vom 3 L 0KT.1909
1877 2690 2917 2810 Oskar Straus=Premiere in Leipzig.
1824 2745 3088 2872 Leipzig, 30. Oktober. (Tel. d. „Fremden=Blatt“.) Im hiesigen
1691 2788 3086 2916 Stadttheater fand die Aufführung von drei musikalischen Einaktern statt,
1698 2840 3072 2936 die Oskar Straus komponierte und von denen zwei zum ersten
1693 2884 3086 2999 Male gespielt wurden, während das dritte, „Colombine“, mit dem
1700 2938 3076 3041 Texte des verstorbenen Artur Pserhofer, nuch einem Vorwurfe von
1696 2974 3083 3063 Erich Korn bekannt ist. Die drei Texte sind ebenso verschieden zu werten,
1691 3026 3082 3115 wie die Musik. Das Libretto zu „Colombine“ ist wenig originell ge¬
1689 3059 3080 3157 schrieben und bietet auch nur wenig Gelegenheit zu guter Musik, deren
1693 3103 3073 3203 leichte Melodik nur einen warmen Achtungserfolg des anwesenden und
1690 3142 3082 3248 selbst dirigierenden Oskar Straus erzielte. Der allerliebste Einakter „Der
1684 3185 3098 3267 tapfere Kassian“ von Artur Schnitzler interessierte den fein¬
1675 3229 3076 3327 sinnigeren Teil des Publikums auf das lebhafteste, ebenso wie die geist¬
1682 3275 3084 3356 reich=originelle und feine Vertonung mit herzlicher Wärme gewürdigt
1679 3300 3093 3410 wurde. Den lebhaftesten Beifall fand das letzte Stück: „Venus im¬
1681 3353 3072 3439 Grünen“ von Rudolf Lothar, trotzdem es im ganzen nur eine
1675 3393 3081 3508 nett gemachte Verwechslungsszene ist. Zum Schlusse gab es etwa zwanzig
1677 3431 2710 3521 Hervorrufe, denen Straus und Lothar Folge leisteten.
