3436 4320
246 241 2156 324 17.2. Der tanfere Cassian box 22/7
2320 1064 2956 1275 um
1965 1337 2014 1411 —n
2066 1271 2690 1434 „OBSERVER“
1866 1375 2951 1498 österr. behördl. konz. Unternehmen für Zeitungs-Ausachnitte
1979 1455 2838 1556 Wien, I., Concordiaplatz 4.
2180 1539 2616 1618 Vertretungen
1226 1540 1632 1637 Telephon 12.801.
1855 1566 2959 1676 in Berlin, Budapest, Chicago, Christiania, Genf, Kopen¬
1853 1625 2948 1703 hagen, London, Madrid, Mailand, Minneapolis, New-York.
1286 1640 1405 1724 44
1891 1672 2913 1763 Paris, Rom, San Francisco, Stockholm, St. Petersburg.
733 1685 1359 1781 „OOSEIVEN
2187 1719 2630 1784 (Quellenangsbe ohse Gewähr).
505 1765 1601 1841 l. österr. behördl. konz. Unternehmen für Zeitungs-Ausschnitte
1855 1779 2234 1883 Ausschnitt aus:
642 1822 1481 1919 Wien, I., Concordiaplatz 4.
2286 1821 2977 1973 Frassburger 1 ost
2011 1848 2316 1929 4-NOT 1909
829 1896 1281 1963 Vertretungen
1868 1905 2032 1962 vom:
505 1947 1582 2021 in Berlin, Budapest, Chicago, Christiania, Genf, Kopen¬
506 1999 1593 2063 hagen, London, Madrid, Mailand, Minneapolis, New-Vork.
547 2034 1559 2113 Paris, Rom, San Francisco, Stockholm, St. Petersburg.
1928 2018 3123 2093 he [Neues von Olkar Strafs.] Ans Lelpzig, schreibt man
832 2083 1271 2140 (Quellenangabe ohne Gewühr).
1887 2076 3120 2129 uns: Einen für weitete Kreise hemorkenssverten Oskür Straus¬
1886 2109 3119 2167 Abend veraustalteten kürzlich daß Nece Thockter. Es=würden drei
500 2107 1600 2240 Ausschnitt GlESDNER ANZEIGER
1893 2154 3131 2211 neue, in ihrem Charakter verschiedene kleine Einalter unter Leitung des
1895 2204 3123 2247 Komponisten mit vielem Erfolg aufgeführt, die zum Teil textlich und
809 2213 1093 2290 -2. 11. 1909
500 2229 660 2286 vom:
1901 2246 3117 2300 musikalisch sich schon der Oper nähern. Das erste der drei Stückchen
1900 2281 3112 2333 „Colombine“ ist als kleine Oper bezeichnet, es ist tragischen Inhalts.
993 2265 1252 2344 —.—
1901 2311 3122 2378 Der-Text ist von Pserhofer verfaßt. Ein Monte=Carlo=Spieier tötet
1904 2355 3120 2409 sich aus Verzweiflung, weil er mit nnehrlich erworbenem Gelde erfolglos
787 2319 1380 2454 Neue Operetten
1897 2399 3122 2437 sein Glück versuchte. Die Handlung ist einigermaßen dramatisch, doch
1896 2438 3114 2487 im ganzen nicht gerade sehr fesselnd und ansprechend. Der Fortgang
489 2418 1738 2477 Zum ersten Male am Neuen Theater in Ei
1890 2467 3123 2527 bewegt sich zu schleppend. In der Musik ergeht sich Straus auch recht
478 2468 1729 2523 Leipzig: Colombine, Der tapfere Kassian, Lu¬
1897 2512 3118 2554 viel in Stimmmigen, die die Wirkung eher schwächen als begünstigen.s
1631 2522 1732 2570 sch
565 2506 1602 2553 Venus im Grünen von Oskar Straus
1904 2552 3122 2607 Manches ist freilich recht hübsch zum Anhören, aber doch keinesfalls
570 2551 1753 2606 Es war wieder nichts. Die Hoffnungen, die ich auf ope
1892 2571 3117 2629 originell charakterisiert. Ueberall klingen Motive an Bekanntes an. Beim
493 2591 1759 2636 den Tapferen Kassian gesetzt hatte, sind zuschanden geworden. sell
1887 2629 3127 2681 zweiten Einakler „Der tapfere Cassian“ (Text von Artur
493 2627 1771 2684 Ich dachte, daß eine Schnitlersche Groteske den immerhin von
1893 2664 3131 2725 Schnitzler) fühlt man sich schon mehr angezogen, weil hier der In¬
481 2664 1756 2725 noch talentvollsten unter ünseren zeitgenössischen Operetten= her
1895 2705 3133 2743 halt etwas Kräftigeres, Frischeres und Ortginelleres bietet. Die Hand¬
495 2715 1768 2762 komponisten zu Tontaten veranlassen könnte, die einen kant
1893 2732 3122 2802 lung ist bewegter, hübscher geformt und trägt eigenartige Züge. Sies
482 2741 1779 2821 Ausblick aus dem Einerlei der Tagesoperetten in das besta
1892 2783 3118 2848 spielt im 17. Jahrhundert. Ein Student wöll seine Geliebte im Stich
1891 2817 3124 2863 lassen, gerät darüber mit einem Kriegsmann in Streit und wird vons
1903 2859 3120 2916 diesem getötet. Am glücklichsten gelungen erscheint indessen das letzte,
1887 2883 3132 2962 scherzhafte, lustige Stugspiel „Venns im Grünen“ (Text von Rudolfs
1888 2935 3125 2994 Lother). Hier ist Straus mehr in seinem Element, da das Seitere,
1892 2970 3125 3030 in einfacher Darstellung, seinem Talent nahe liegt, während das
1890 3010 3133 3083 Tragische mehr aus dem Bereich seines Könnens fällt. Auf der einen
1890 3056 3125 3115 Seite vermag er Origineles und darum Fesselndes zu geben, auf dern
1891 3109 3120 3152 andern ahmt er mehr nach, wenn auch vielleicht unbewußt. Die Hand¬
1887 3140 3134 3189 lung der „Venus im Grünen“ hat viel Hübsches. Ein junger Mann,
1890 3175 3127 3220 der auf die Brautschau ausgeht, wird unterwegs überfallen und seiner
1893 3216 3116 3268 Habe, auch der Kleider, beraubt. Er wird nun gezwungen, durch Raub
1886 3257 3123 3317 wieder in den Besitz von Kleidungsstücken zu gelangen, da er sonste
1894 3291 3129 3356 weder vor noch zurück kann. Der Zufall führt eine Gesellschaft vorbei,
1896 3329 3129 3377 die von einem Maskenball kommt, darunter befindet sich auch die er¬
1890 3364 3132 3440 korene, aber noch unbekannte Braut, die das Fest, als Mann verkleidet,
1898 3408 3127 3461 mitmachte. Er beraubt sie ihrer Kleider, erkenut, daß er ein Weib vor
1889 3448 3124 3487 sich hat, entbreimit gleich in Liebe zu ihr und beide werden auf diese
1894 3485 3123 3545 Weise zusammengeführt. Neben diesem Paar tritt noch ein zweites aufs
1884 3520 3126 3599 das sich ähnlich findet. Die drei Einakter gelangen in der Aufführung
1884 3563 2578 3631 szenisch ud gesanglich ganz vorzüglich.
