3436 4384
1718 299 2179 383 box 22/7
258 293 1567 405 17.2. Der tanfere Gassian
1175 497 2239 578 Bitte Rückseite beachten!
1779 583 2235 660 Telephon 12.801.
1889 678 2122 790 DD4
1305 759 2062 865 „OBSERVER
1166 847 2263 932 I. österr. behördl. konz. Unternehmen für
1465 905 1965 970 Zeitungsausschnitte
1183 953 2262 1037 Wien, I, Konkordiaplatz 4.
1572 1017 1879 1072 Vertretungen
1179 1044 2282 1104 in Berlin, Basel, Budapest, Chicago, Cleveland, Christiania,
1173 1098 2268 1142 Genf, Kopenhagen, London, Madrid, Mailand, Minneapolis,
1171 1138 2265 1190 New-Vork, Paris, Rom, San Francisco, Stockholm, St. Peters¬
1580 1179 1889 1237 burg, Toronto.
1411 1217 2019 1295 (Quellenangabe ohne Gewähr).
1176 1269 1874 1361 Ausschnitt aus: Mlustriertes
1875 1273 2388 1362 Wiener Eatrablan
1872 1343 2064 1436 Wien
1166 1402 1809 1505 vom: 1S-HHLie
1335 1586 2296 1691 (Das Gastspiek des Marionettentyeaters.)
1258 1628 2287 1742 Das Gastspiel des Marionettentheaters „Münchener
1270 1698 2269 1779 Künstler“, das im heurigen Winter in der Wiener
1283 1739 2271 1809 Urania“ stattfand, hatte gestern beim Wiener Zivil¬
1269 1788 2272 1862 fandesgerichte ein gerichtliches Nachspiel. Der Verein
1275 1823 2267 1893 Wiener Urania“ hatte durch Dr. Gustav Harpner den
1259 1856 2260 1948 Direktor Paul Braun des Marionettentheaters auf
1263 1909 2270 1984 200 K. Schadenersatz geklagt und den Anspruch damit
1251 1964 2262 2027 begründet, daß Brann seine Verpflichtungen, die er im
1260 1993 2261 2055 Vertrage mit der „Urania“ übernommen hatte, ver¬
1250 2039 2249 2110 nachlässigt habe. Insbesondere sei Direktor Braun
1254 2080 2258 2150 seiner Verpflichtung zuwider sehr oft von Wien ab¬
1254 2113 2257 2183 wesend gewesen und habe bei solchen Anlässen auch
1264 2178 2261 2247 nicht für einen geeigneten Stellvertreter gesorgt. Die
1258 2217 2260 2278 häufige Abwesenheit des Direktors übte begreif¬
1257 2249 2262 2331 licherweise auch auf das künstlerische Niveau der
1259 2294 2253 2370 Vorstellungen einen sehr ungünstigen Einfluß;
1250 2339 2259 2419 kinzelne Aufführungen waren ungenügend vorbereitet,
1251 2385 2261 2470 ändere mußten abgeändert werden, weil für Ersatz
1241 2429 2261 2492 kranker Schauspieler nicht rechtzeitig gesorgt war. In
1232 2476 2256 2547 einer Vorstellung der „Zaubergeige“ sei der für das
1243 2518 2260 2579 Stück wichtige Donnerschlag ausgeblieben, in
1238 2549 2255 2623 einer anderen erschien die Fee zu früh auf der
1239 2596 2266 2652 Bühne, so daß die Vorstellung lächerlich wurde. Die
1234 2648 2275 2707 Mängel der Aufführungen brachten es mit sich, daß
1281 2760 2298 2825 der Besuch immer mehr nachließ und die Einnahmen
1279 2809 2273 2869 von 1200 K. auf weniger als 600 K. täglich sanken,
1285 2852 2271 2902 so daß die „Urania“, die dem Marionettentheater
1284 2896 2268 2951 500 K. täglich zu zahlen hatte, schließlich ein Defizit
1278 2934 2271 2989 hatte. Der Ersatz des Schadens, welcher mit 7200 K.
1283 2979 2271 3027 berechnet wird, wird im Klagewege begehrt. Der
1278 3015 2275 3087 Anwalt des Geklagten, Dr. Vinzenz Rabenlechner,
1283 3066 2275 3114 bestritt, daß Direktor Braun sich Vertragswidrigkeiten
1276 3106 2285 3170 habe zu schulden kommen lassen. Daß er schon
1284 3130 2254 3188 vor seinem Vertragsabschluß mit der „Urania“
1288 3188 2284 3248 für Berlin verpflichtet war, hatte er dem
1289 3228 2282 3276 Präsidenten des Vereines mitgeteilt, der keine
1284 3269 2280 3323 Einwendung dagegen erhob, daß der Geklagte
1281 3310 2272 3365 von Zeit zu Zeit nach Berlin fahre. In solchen Fällen
1277 3359 2286 3420 wurde stets ein Stellvertreter, anfangs der Schau¬
1281 3402 2240 3460 spieler Wieland, später der Kapellmeister Pastor b“
1281 3429 2313 3502 stellt. Die Qualität der Vorstellungen erlitt dad
1272 3485 2229 3542 keinen Abbruch. Als Zeugen über das hohe künstler.
1276 3529 2274 3586 Niveau der Aufführungen werden Artur Schnitzter,
1275 3554 2268 3611 Hugo v. Hofmannsthal und Hugo Thimig geführt. Wenn
1278 3610 2272 3680 die Einnahmen des Marionettentheaters im Laufe
1268 3651 2274 3716 des Gastspiels sanken, so sei das nicht auf die Ver¬
1272 3689 2273 3739 schlechterung des Niveaus der Aufführungen, sondern
1279 3740 2267 3787 auf die lange Dauer des Gastspiels zurückzuführen,
1277 3776 2277 3843 das nicht drei Monate lang die Aufmerksamkeit
1269 3822 2278 3881 fesseln konnte; es sei Schuld der „Urania“, daß sie eine
1272 3871 2268 3923 zu lange Dauer des Gastspiels vereinbarte. Der
1276 3914 2278 3967 Schadenersatzanspruch des Vereines sei also unbe¬
1275 3955 2278 4010 gründet. Dagegen klagt Direktor Braun sein Honorar
1274 3995 2269 4055 von 7300 K. ein, welches ihm die „Urania“ zur Deckung
1263 4041 2272 4079 ihres Schadens vorenthalten hat. Bei der gestrigen
1259 4070 2283 4142 Verhandlung wurde, da Ausgleichsversuche im Zuge
1262 4119 2273 4199 sind, ein dreimonatliches Ruhen des Verfahrens ver¬
1263 4159 1438 4230 einbart.
