3436 4320
1718 199 2187 292 box 22/7
281 207 1698 319 17.2. Der tanferCassian
1799 930 1877 1008 46
1189 1028 2544 1094 Ich hätte sonst nichts weiter zu sagen, als daß Fräulein Fladnitzer als
1110 1103 2540 1153 Colombine unmöglich ist, während sie im dritten Dings eine Zofe in Männer¬
1115 1133 2539 1184 höschen recht forsch gibt. Herr Schroth singt an diesem Abend drei Par¬
1122 1180 2550 1234 tien. Sein Tenor scheint mir allemal im Herbst Frostbeulen zu bekommen.
1109 1228 2545 1293 Und das ist schade; denn als Schauspieler leistet Schroth neben Kafe das
1113 1282 2553 1325 beste im ganzen Opernensemble. Kase: ihm mag Herr Oskar Straus vor
1112 1326 2540 1400 allem die Hand drücken; denn seine Kunst rettete den Abend in erster Linie.
1123 1379 2548 1439 Und dann: wie unser herrliches Orchester selber aus lauter tauben Nüssen
1109 1430 2414 1495 noch immer einen Christbaum ganz wunderhübsch zu schmücken weiß!
1202 1475 2548 1547 Um eine Bescherung aber handelte es sich an diesem Straus=Abend. Um
1127 1523 1574 1599 eine schöne Bescherung.
2431 1524 2565 1592 apl.
1436 1632 2237 1694 Der Schiller=Zyklus des Stadttheaters.
1617 1683 2049 1764 Von Moritz Wirth.
1183 1738 2546 1825 Die Räuber (19. Oktober). — „Es ist merkwürdig,“ sagt Li#be im
1125 1814 2557 1865 „Burgtheater“, XIII, „was dies erste Stück Schillers den Leuten zu schaffen ge¬
1118 1863 2557 1929 macht, was für lodernde Sympathien, was für grimmige Antipathien es ge¬
1116 1913 2555 1980 weckt hat. Der ganz neue Kern eines Genies, welcher zum ersten Male vor
1115 1964 2558 2027 den Menschen erscheint, macht eben als ganz neu und unerhört den heftigsten
1123 2015 2560 2077 Eindruck.“ Der große „Schreck“, führt Laube weiter aus, sei „an den
1127 2065 2554 2129 „Räubern“ immer haften geblieben“; das Burgtheater gewann in ihnen ein
1117 2100 2559 2182 „unverwüstliches Zugstück". Sollte das nicht mehr so sein? Sollte selbst
1128 2158 2556 2219 diese titanische Urkraft der Zeit zum Opfer gefallen sein? Nein und Ja.
1126 2211 2565 2269 Die unerhört gewaltige, von Akt zu Akt bis zum Entsetzlichen wachsende
1115 2271 2567 2327 Leistung Herrn Walters als Franz riß das Haus mit sich fort, sprengteaber
1121 2306 2557 2370 auch das Stück völlig auseinander. Auf gleicher Grundlinie, wenn auch
1116 2366 2569 2419 natürlich nicht bis zur selben Höhe aufragend, bewegten sich nur noch Fr. Mon¬
1125 2402 2563 2473 nard, die zeigte, daß Amalia eine lebensvolle Gestalt, nur aus einer weicheren,
1130 2461 2556 2519 einfacheren Zeit als die unfrige, sein könne, und der Hermann des Herrn
1128 2510 2562 2570 Brügmann. Das wäre das Nein. Das Ja besorgten die übrigen Darsteller
1123 2553 2573 2617 und Szenen. Was nützte es, daß unsere ersten Kräfte, die Herren Decarli,
1123 2609 2559 2678 Huth, Kothe, Zadeck und alle anderen ihr Bestes getan haben werden; aber
1125 2648 2551 2709 man sah es nicht, es verlor sich durch den Gegensatz des sich mehr und mehr
1129 2696 2555 2758 entfaltenden Spieles Herrn Walters in eine schattenhafte Unwirksamkeit.
1130 2746 2571 2802 Und so, mit diesem klaffenden Gegensatze des Eindrucks, ist das Stück in
1125 2794 1715 2870 der Tat kaum weiter haltbar.
1193 2815 2558 2908 Was tun? Man könnte den Franz so abschwächen, daß die übrigen
1120 2902 2548 2955 Teile wieder herausträten. Wie weit, wie Schillers würdig, müßte der Ver¬
1119 2945 2549 3008 such lehren. Aber man wird eher auf das Stück, als auf diesen Franz in
1134 2999 2564 3056 ihm verzichten. So bleibt nur der zweite Weg, alles übrige zur Ebenbüftig¬
1135 3044 2569 3103 keit mit Franz zu steigern. Und das erscheint möglich. Z. B. das Räuber¬
1137 3105 2573 3159 lied mit seinen grell naturalistischen Dissonanzen müßte zu diabolischer Höhe
1130 3137 2556 3197 anschwellen; dem Lager fehlte ein mächtig loderndes Feuer. Der Sonnen¬
1137 3184 2569 3244 untergang war ein elegisches Verglimmen hinter einem hohen und sehr nahen
1122 3246 2586 3320 Bergrücken, das noch dazu kein Ende nahm; so stirbt kein Held. Die rote
