3436 4384
1194 969 1489 1051 # P#tersburg.
892 1068 1592 1196 Leiger Naueste Nachrichter
676 1143 984 1265 K
421 1252 1636 1307 Oscar Straus=Premierenabend im Neuen Theater.*] Oscar
352 1300 1637 1340 Straus, der bekannte, erfolgreiche Operettenkomponist, wagte gestern
368 1337 1633 1382 den Sprung auf die Opernbühne. Seine „Venus im Grünen“ frei¬
369 1380 1636 1428 lich, die hier gestern ihre Uraufführung erlebte und wohl nicht ohne Ab¬
354 1417 1623 1468 sicht als Reserve an den Schluß des Abends gestellt war, rechnen wir
358 1455 1628 1507 nicht zur Oper. In ihren Adern fließt unverfälschtes Operettenblut,
359 1495 1631 1530 und der Geist, der sie beherrscht, ist der prickelnde, schmachtende, lüsterne,
368 1528 1627 1569 bis zur Frivolität lüsterne Geist des modernen Wiener Walzers. Diese
359 1565 1631 1618 Verkleidungs=, oder besser Entkleidungsposse — wir hätten sie Rudolf
362 1604 1620 1658 Lothar, dem Textdichter von „Tiefland“, gar nicht zugetraut! — ent¬
370 1643 1629 1696 hält Bühnensituationen, die ihre Wirkung niemnals verfehlen werden,
371 1687 1633 1728 und musikalisch eine Reihe dankbarer Schlager, ja in der famosen
370 1722 1631 1754 Gavotte des Fierrabras und der Giulietta ein Duett von wirklichem
370 1762 1627 1812 Opernrang. Pserhofers Text „Colombine“, der den Selbstword
366 1801 1628 1840 eines zum Diebe gewordenen Monte Carlo=Spielers durch eine ein¬
365 1832 1635 1884 deutig realistische Szene im Operettenstil zwischen der Frau des
369 1876 1628 1929 Spielers und dem Baron vorbereitet und den Stoff dann symboli¬
371 1908 1630 1970 sierend ins Tragische wendet, bot dem Operettenkomponisten Straus Ge¬
365 1949 1634 2004 legenheit, von dem schlüpfrigen Parkett der Halbwelt aufzusteigen zu
360 1991 1636 2048 wirklich dramatischen Regionen. Der Aufstieg ist ihm geglückt: mit
366 2027 1626 2080 dem Augenblick, wo der Spieler zum ersten Mal die
370 2066 1628 2105 Bühne betritt, wandeln sich die spielerischen Klänge in dra¬
362 2093 1632 2148 matisch bedeutsame Tonsprache, und die unheimliche Spannung
366 2132 1628 2178 weicht nicht wieder von diesen Tönen, bis der tödliche Schuß den qual¬
355 2231 1637 2257 vollen Lebenserinnerungen ein Ende macht, die den Spieler in den
354 2247 1638 2317 letzten Minuten wie greifbare Wirklichkeit, aber ins Phantastische und
358 2290 1626 2331 Symbolische gesteigert, umschweben. Der Vorzug dieses Opernein¬
357 2328 1632 2372 akters beruht auf seiner unaufhaltsamen Steigerung aus dem Spiele¬
350 2367 1629 2409 rischen ins Pathetische und Unheimlich=Dramati che und seinem sinnen¬
352 2404 1629 2468 fällig packenden Schluß. Gerade diese Qualitätei ließ „Der tapfere
352 2438 1632 2499 Cassian“, wenigstens in der gestrigen Auffül lung, vermissen. Den
357 2477 1635 2530 in Stimmung und Sprache hochinteressanten Text hat ein Dichter von
355 2516 1635 2574 Rang, Arthur Schnitzler, geschrieben, von dem zufällig am selben
357 2560 1628 2614 Abend im Schauspielhause ein neues Werk hirauskam. Die Zeitstim¬
357 2601 1633 2642 mung, die volkstümliche Strophe des 17. Jehrhunderts, der natura¬
347 2629 1630 2681 listisch knappe, von Sentimentalität noch unberührte Stil jener Tage
358 2681 1632 2724 ist ausgezeichnet getroffen. Aber die Charakterisierung der beiden
356 2716 1636 2752 männlichen Hauptfiguren ist nicht eindeutig und klar, wurde es zum
357 2751 1629 2806 wenigsten nicht in der gestrigen Aufführung. Das Wort, mit dem der
355 2787 1630 2829 Kriegersmann Kassian im Zweikampf den Studenten Martin den töd¬
355 2823 1632 2880 lichen Stoß versetzt: „Du wärst was geworden, Martin! — Schade!“
357 2869 1635 2923 scheint zugleich das Urteil des Dichters über den lebensdurstigen Jun¬
355 2903 1635 2955 gen einzuschließen, dem in der Liebe und dem Spiel das Glück blüht,
353 2946 1628 2999 solange er nur sein Leben einsetzt, der aber alles verliert, sobald
348 2989 1637 3036 er ruchlos auch die Geliebte aufs Spiel setzt. Dies entscheidende Wort
358 3029 1630 3072 ging in der Hitze des Gefechts gestern für den Hörer verloren.
346 3057 1641 3116 Und was es aus dem tapferen Kassian machen sollte, ein unheimliches
1304 3095 1643 3148 das wurde dem
363 3102 1304 3142 Kraftgenie oder einen burlesken Aufschneider, —
361 3136 1638 3188 Publikum ebenfalls nicht klar. Straus' Musik zu diesem Schnitzler
356 3170 1636 3235 ist einfach und sehr stimmungsvoll in den Strophenliedern, phan¬
353 3214 1645 3264 tasievoll dramatisch in den Würfelszenen. Das Orchesterkolorit (Flöte,
349 3248 1644 3303 Cembalo) verwertet glücklich und in eigener Weise, das Zeitbild
360 3284 1652 3334 Schnitzlers musikalisch ergänzend, Klänge und Klangmittel aus alten
359 3324 1646 3370 Tagen. Der Komponist selbst leitete am Dirigentenpulte die Auf¬
358 3365 1640 3412 führung seiner Opern, von denen der Kassian wohl noch einer sorg¬
360 3396 1650 3440 fältigeren Vorbereitung bedurft hätte. Die Regie führte Dr. Loewen¬
359 3432 1643 3488 feld. Unter den Gesangsdarstellern ragten Herr Kase (Bajazzo,
364 3475 1647 3524 Fierrabras), Herr Schroth (Baron Harlekin, Martin), Frl. Flad¬
360 3504 1644 3559 nitzer (Colombine, Giulietta) und Frl. Sanden (Viola) mit vor¬
352 3549 1642 3594 züglichen Leistungen hervor. Dem Kassian eine überzeugend einheit¬
364 3581 1641 3623 liche Verkörperung zu geben, gelang trotz seines prächtigen Gesanges
363 3619 1641 3668 Herrn Lüppertz nicht. Frl. Bartsch zeigte als Sophie Natur
358 3659 1638 3700 und Empfindung, aber weniger Gesangskunst. Das Publikum nahm
365 3690 1645 3753 Colombine und die Venus im Grünen warm auf, dem tapferen Kassian
1139 3726 1616 3783 Dr. Detlef Schultz.
358 3733 1056 3798 gegenüber regte sich eine Opposition.
1166 3779 1636 3847 — —  P.A
2632 341 3015 427 Telephon 12.801.
2010 499 2129 548 s
2087 499 2783 600 * „UDSLIVER
1963 561 3025 648 österr. behördl konz Unternehmen für Zeitungs-Ausschnitte
2063 639 2903 710 Wien, I., Concordiaplatz 4.
2255 697 2701 775 Vertretungen
1936 742 3029 827 in Berlin, Budapest. Chicago, Christiania, Genf, Kopen¬
1937 802 3028 865 nagen. London, Madrid, Mailand, Minneapolis, New-Vork,
1974 842 2988 896 Paris. Rom, San Frandisco, Stockholm, St. Petersburg.
2647 884 2699 926 P.
2274 895 2840 986 eipziger“ agolatt
1945 944 2326 1023 Ausschnitt aus:
1942 1060 2341 1145 vom J-MR 1
1992 1138 2841 1213 Theater und Konzert.
2628 1194 3039 1275 Leipzig, 31. Oktober.
2166 1248 2648 1328 Neues Cheater.
2224 1307 2608 1378 Zum ersten Male.
1884 1340 2962 1424 Drei musikalische Eina#ter von Oscar Straus.
1784 1398 3076 1484 „Colombine“, Text (nach Erich Korns gleichnämiger Bajazzade) von
1856 1463 2313 1509 Arthur Pserhofer.
1779 1458 3081 1560 „Der tapfere Kassian“, Text von Arthur Schnitzler. Uraufführung.
1772 1521 2999 1601 „Benns im Grünen“, Text von Rudolf Lo#hfführung.
1845 1558 3078 1627 In den Tagen des Ueberbrettls ist Oscar Straus bekannt ge¬
1771 1613 3082 1660 worden. Seine szenischen Duette vom „lustigen Ehemann“ und der
1780 1637 3087 1698 „Haselnuß“ machten damals Furore. Wahrscheinlich wäre Straus beim
1781 1671 3084 1736 Ueberbrettl geblieben, wenn — das Ueberbrettl geblieben wäre. Warum
1792 1703 3089 1768 es nicht blieb, hat Hans Heinz Ewers, einer der Gründer, ausführ¬
1785 1749 3089 1801 lich erzählt. So ging Straus auf das Gebiet Offenbachs. Gemächlichen
1787 1784 3091 1846 Sing= und Tanzweisen ließ er spottende Burlesken folgen: „Die luftigen
1792 1818 3092 1889 Nibelungen" und „Hugdietrichs Brautfahrt". Dann mischte er Be¬
1795 1851 3104 1924 bagliches und Satirisches und schrieb den „Walzertraum“ — bisher sein
1785 1890 3092 1959 Haupterfolg. Weiter kam — wieder mit hervorstechend satirischem Ein¬
1786 1940 3099 1999 schlag — „Der tapfere Soldat“, die Erinnerung an Shaws „Men and
1797 1982 3099 2033 Arms“. Und nun kommt „Der tapfere Kassian“, ein Singspiel,
1807 2004 3092 2068 dessen Buch von Arthur Schnitzler stammt, es kommt zugleich das Scherzspiel
1791 2044 3097 2108 „Venus im Grünen“, Text von Rudolf Lothar, dem Librettisten Eugen
1786 2075 3106 2149 d'Alberts, und beide Einakter, die gestern im Neuen Theater ihre Urauf¬
1790 2109 3093 2179 führung erlebten, wollen eine (ebenfalls einaktige) Erstlingsarbeit von
1800 2151 3103 2209 Straus mit ins Schlepptau nehmen, die Bajazzade „Colombine“, die Arthur
1798 2185 3097 2251 Pserhofer nach dem gleichnamigen, auch in Leipzig nicht unbekannten Stück
1796 2221 3105 2284 von Erich Korn für den Komponisten zurechtgemacht hat — damals, als
1786 2284 3110 2329 das Ueberbrettl seine hoffnungsreiche Zeit hatte und wohl für die Perspek¬
1789 2300 3108 2358 tive eines intimen Theaters. Daß Straus dies Frühwerk jetzt wieder,
1793 2328 3110 2394 dazu als „Oper“ herausstellt, erscheint nicht gut getan. Zeigt es doch den
1796 2369 3102 2432 Komponisten noch ganz als einen theatralischen Anfänger, der unsicher in
1783 2410 3105 2464 der Berechnung szenischer Wirkungen ist, ja, sogar seinen Librettisten
1789 2439 3113 2511 mißversteht. Denn wo Pserhofer witzige, geschliffene Verse gibt, da holt
1791 2477 3116 2533 Straus malte Lyrik herbei, die Figuren, die doch in einer gewissen Ver¬
1794 2511 3104 2567 bindung mit der alten Commedia dell' arte gedacht sind, deshalb nach
1796 2550 3115 2613 scharfen musikalischen Umrissen dringend verlangen, werden von einer durch¬
1795 2596 3115 2651 aus undramatischen Musik umwoben, und selbst für den szenischen Schluß¬
1796 2617 3119 2679 trick hat Straus nicht die rechte Kraft aufzuwenden. Harlekin, der ein
1791 2671 3113 2729 strapazierter Viveur sein soll, Colombine, die Unbedenkliche, die Verführe¬
1799 2699 3112 2763 rische und Verführbare, Bajazzo, der in der neuen Zeit empfindsam ge¬
1799 2731 3109 2789 worden ist, sein Unglück nicht mehr erträgt, sondern sich eine Kugel vor den
2094 2767 3121 2842 keine dieser Gestalten erhielt von Straus musikalische
1801 2788 2059 2839 Kopf schießt
1804 2820 2092 2879 Charakteristik.
1874 2827 3114 2904 Im „tapfern Kassian“ strebt einer, der kein Starker ist, der in der Enge
1799 2885 3124 2953 glücklich war, dort in Spiel und Liebe gewann, hinaus ins Weite, strebt
1797 2916 3118 2997 einem dämonischen Weibe zu. Tu tritt ihm ein Größerer entgegen, der
1804 2955 3122 3025 „tapfere Kassian“ eine Art Uebermensch, dem keine Gefahr verderolich wird,
1805 2990 3123 3055 eine Art Vampyr, der an sich reißt, was ihm naht. Und er nimmt dem
1795 3030 3122 3081 andern im Würfelspiel Hab und Gut, nimmt ihm das Liebchen, das, ent¬
1796 3055 3121 3130 flammt von des Uebermachtigen Größe, aufjauchzt, nimmt dem Gegner, da
1803 3098 3120 3169 Zweikampf entbrennt, auch das Leben. Die Stimmung ist mystisch, die
1808 3138 3119 3197 Basis, darauf die Gestalten stehen, scheint unterhöhlt, erzittert leise, von
1807 3182 3122 3238 dämonischen Kräften bewegt. Als Phantom tritt der Kassian in die Hand¬
1795 3211 3136 3275 Aung, als Phantom wirft sich auch der Schatten einer wilden Tänzerin
1798 3247 3142 3306 herein. Dem dunklen Glockenton, den Schnitzler anschlug, hat Straus nur
1796 3284 3128 3355 schwache Resonanz zu geben vermocht. Er hält sich an den Begriff „Sing¬
1808 3317 3132 3397 spiel“ stützt sich, freilich meist zu simpel, auf volksliedmäßige Elemente
1815 3349 3136 3416 und ist leider auf den unglücklichen Gedanken gekommen, als Orchester¬
1814 3393 3129 3459 instrument ein Klavier mit heranzuziehen. Wollte er dadurch das Milieu
1811 3453 3129 3483 des 17. Jahrhunderts (in dieses ist die Handlung gerückt) kennzeichnen?
1815 3466 3130 3526 Aber auch ästhetisch ist, bedenkt man die Eigenart der Schnitzlerschen Dich¬
1812 3511 2692 3573 tung, die Zuhilfenahme des Klaviers ein Unding.
1883 3532 3130 3586 Auf seinem Gebiete bewegte sich Straus, als er „Venus im Grünen“
1813 3563 3136 3633 schrieb. Er hat damit eine Operettenbluette geliefert, die man sich gefallen
1814 3607 3130 3665 lassen kann, mag die Musik auch nichts weniger als originell sein und
1820 3663 3133 3709 keineswegs das Beste darstellen, was Straus gelungen ist. Aber da auch
1811 3692 3094 3742 Rudolf Lothar nur skizzierte, in Karnevalslaune, zum Faschingsspaß —
1824 3734 3139 3770 warum hätte Straus sich mehr den Kopf zerbrechen sollen? Man belachte
1812 3753 3130 3812 dies Stücklein, darin etwas Räuberulk und etwas Laszivität aufgestapelt
1824 3799 3131 3855 sind: es hatte den unbestrittensten Erfolg des Abends. Soweit Oscar
1827 3824 3144 3886 Straus gestern siegte (auch Opposition regte sich), war es aber doch nur ein
1828 3858 3143 3921 Pyrrhussieg, obwohl der Komponist selbst dirigierte. Kurz sei noch der
1832 3898 3144 3960 Mitwirkenden gedacht. In „Colombine“ suchte Herrn Kases Energie
1826 3938 3136 4001 einiges dramatisches Leben zu entfachen. Im „tapfern Kassian“ verdienten
1822 3997 3154 4044 die Herren Lüppertz und Schroth ein Lob, Frl. Bartsch wenigstens
1835 4010 3148 4071 keinen Tadel. In „Venus im Grünen“ zeigten die Damen Sanden und
1827 4056 3149 4113 Fladnitzer sowie Herr Schroth hübsche Leistungen, Herr Kase ent¬
2145 4083 3143 4153 Um die Inszenierung hatte sich Herr Oberregisseur
1834 4089 2134 4157 wickelte Komik.
2762 4126 3111 4177 Felix Wilfferodt.
1811 4141 2380 4201 . Loewenfeld bemüht.
