3436 4384
243 244 2145 350 17.2. Der tapfere Gassian box 22/7
506 1199 1706 1295 schnltt aus: Neue Badische Landes Sieun
489 1292 1487 1398 n: 21. MAL 1912 Mannheim
1772 1360 2828 1438 Schnitzlers „Tapferer Cassian“ ist, wenn all die mélan¬
1691 1415 2821 1469 cholisch=übermütigen Farben und ironischen Lichter zu reiner
854 1419 1330 1525 Feuilleton.
1707 1450 2824 1519 Wirkung kommen 'sollen, überhaupt nur auf der Marionetten¬
2019 1487 2828 1567 In diesem wundervollen kleinen Stück
1704 1515 2024 1565 bühne denkbar.
1701 1535 2821 1598 gibt es keine Uebergänge, keine Motivenverknüpfung, keine
797 1540 1468 1624 Münchener Puppenspiele.
1706 1577 2817 1640 bedächtige Gesetzmäßigkeit. Eckig und hart steht alles neben¬
1698 1616 2823 1671 einander: Urtriebe lösen sich ab prallen zusammen, wer¬
694 1604 1562 1693 (Von unserem Korrespondenten.)
1701 1653 2824 1713 den zu Taten, ganz ohne Zivischenstufen und Verschleie¬
707 1675 948 1749 II FIN 1
1232 1663 1666 1748 München, 20. Mai.
1108 1671 1157 1743 7
1703 1694 2833 1754 rungen, eben deshalb großartig und lächerlich zugleich. In
1695 1736 2831 1789 prasselnden Tiraden flunkert ein Renommist das Unglaub¬
637 1724 1681 1786 Zum zweiten Male in diesem Jahre begab man sich
1906 1776 2828 1831 — doch gleich darauf vollzieht sich wirklich, was
557 1762 1693 1823 gestern auf den vertrauten Weg zum Ausstellungsgelände.
1696 1788 1915 1840 würdigste,
1698 1806 2825 1879 noch viel weiter jenseits der Grenze aller Glaublichkeit ge¬
556 1813 1690 1865 Das Marionettentheater Münchener Künst¬
1701 1840 2830 1910 legen ist. Wahrheit und Lüge, Sinn und Widersinn
556 1853 1697 1901 ler spielte vor geladenen Gästen A. Adams Komische
1699 1874 2838 1952 schillern betörend ineinander; der Dichter aber und alle
555 1898 1686 1954 Oper „Dre Nürnberger Puppé“ und zur Feier von
1707 1914 2834 1990 Beteiligten geberden sich, als ob das Allerselbstverständlichste
548 1930 1698 2012 Schnitzlers 50. Geburtstag den Einakter „Dier kap¬
1700 1971 2840 2025 geschähe, — ganz wie der tapfere Cassian selber, der einem
563 1970 936 2046 Verren“
1700 2005 2836 2066 Mädchen, das sich aus dem Fenster stürzte, nachspringt,
652 1998 1691 2069 Ignatius Taschner hatte die Figuren zum „Cas¬
1696 2046 2827 2099 es in der Luft erwischt, heil mit ihr auf den Boden an¬
561 2056 1695 2127 sian“ entworfen. Die Dekorationen und Puppen der Oper
1700 2081 2844 2144 kommt, doch, dieser Lappalien mit keinem Wort gedenkend,
567 2097 1700 2146 stammten von Professor Josef Wackerle, die Kostüme
1331 2140 1439 2173 snstn
1121 2145 1161 2172 —
1702 2125 2831 2184 nur seinen Diener antreibt, ihm mit dem Reisesack recht
565 2140 1696 2194 von Ernst und Helene Stern. Die künsrlerische Leitung
1709 2178 2708 2229 rasch zu folgen, damit man die Post nicht versäume.
559 2182 1702 2234 des Ganzen lag in den Händen des Schriftstellers Paus
1791 2196 2833 2277 Eine Darstellung durch lebendige Menschen würde all
558 2215 1698 2273 Bvanu, dem man das geistvoll heitere Erneuern der
557 2249 1631 2318 alten Marionetten=Komödie überhaupt zu danken hat.
1704 2240 2841 2317 Diese Vorgänge ihrer grotesken Anmut berauben. Denn
1702 2286 2841 2357 lebendige Menschen sind reale Gebilde und schon ihr bloßes
658 2306 1697 2366 Wiederum, wie in früheren Jahren, waren es köst¬
1700 2325 2841 2401 Dasein wirkt als ärgerlicher Widerspruch zu dem Absurden,
567 2343 1698 2385 liche Stunden, in denen die hölzernen Männlein und Weib¬
1698 2369 2839 2444 was durch sie oder mit ihnen geschieht. Die Marionetten
562 2383 1701 2450 lein auf der winzigen Bühne von wunderlich geheimnis¬
1702 2399 2838 2471 jedoch bewahren nur den Schein des Menschlichen, gleich¬
559 2434 1352 2488 vollem Leben zu vibrieren schienen...
1710 2445 2840 2506 sam, ins Karikaturenhafte umgebogen, das ewige der mensch¬
656 2460 1704 2519 Worin der unwiderstehliche und unerschöpfliche Zauber
1709 2489 2838 2554 lichen Form. Aber sie sind nicht Menschen: mag immer¬
560 2506 1700 2560 dieses Spiels besteht, ist nirgends treffender gesagt worden
1699 2520 2837 2593 hin das Unwahrscheinliche mit diesen Geschöpfen sich er¬
572 2548 1701 2598 als in einem merkwürdigen, von drängenden Gedanken fast
1874 2567 2838 2629 — man weiß ja, daß sie wehrlos an unsichtbar
1705 2586 1883 2635 etanen.
566 2585 1702 2640 bis zum Uebermaß beschwerten Aufsatz „Uöber das Mario¬
2224 2607 2840 2670 Und wiederum taucht gerade,
1711 2618 2231 2679 gezogenen Fäden hängen.
561 2626 1690 2680 nettentheater“, der im Dezember 1810 in den „Berliner
1698 2645 2842 2720 „wenn man dieses Umstandes sich bewußt wird, tiefsinnige
565 2666 1700 2714 Abendblättern“ erschien. Dort heißt es: „Und der Vorteil,
1704 2680 2845 2740 Symbolik auf: ob nicht die eigentliche Quintessenz des Mensch¬
556 2711 1704 2764 den diese Puppe vor lebendigen Tänzern voraushaben würde?
1714 2729 2845 2794 lichen dennoch durch diese Gliederpuppen anschaulich ge¬
642 2746 1702 2794 Zuvörderst ein negativer, mein vortrefflicher Freund,
1721 2770 2840 2822 macht wird, die sich ein Weilchen auf der kleinen Bühne
567 2772 1698 2838 nämlich der, daß sie sich niemals zierte. Denn Ziererei
1711 2806 2847 2861 spreizen, lieben, bramarbasieren und sich töten, ganz ohne
562 2821 1702 2872 erscheint, wie Sie wissen, wenn sich die Seele in irgend
1712 2835 2844 2911 Ahnung, daß alles nur ein Spaß ist, den überlegene Mächte
561 2850 1704 2901 einem anderen Punkte befindet, als in dem Schwerpunkt
1709 2879 2847 2956 hinter den Kulissen zum eigenen Ergötzen inszenierene..
962 2899 1706 2951 Zudem haben diese Puppen den Vor¬
558 2899 974 2960 der Bewegung...
2580 2920 2811 2999 Tr. L/.
570 2939 1706 2991 teil, daß sie antigrav sind. Von der Trägheit der Materie,
558 2989 1706 3030 dieser dem Tanz entgegenstrebendsten aller Eigenschaften,
561 3017 1711 3077 wissen sie nichts: weil die Kraft, die sie in die Lüfte erhebt,
556 3065 1701 3114 größer ist als jene, die sie an die Erde fesselt... Die
568 3091 1704 3148 Puppen brauchen den Boden nur wie die Elfen, um ihn
573 3131 1709 3191 zu streifen, und den Schwung der Glieder, durch die
565 3178 1710 3223 augenblickliche Hemmung „neu zu beleben; wir brauchen
573 3210 1718 3265 ihn, um darauf zu ruhen, und uns von der Anstrengung
570 3242 1720 3304 des Tanzes zu erholen: ein Moment, der offenbar selber
560 3282 1724 3355 kein Tanz ist, und mit dem sich weiter nichts anfangen!
562 3332 1566 3387 läßt, als ihn möglichst verschwinden zu machen.“
658 3371 1716 3434 Die Abhandlung, in der diese Sätze sich finden, stammt
564 3403 1733 3494 vom Herausgeber der „Abendblätter“ her, von Heinrich;
567 3457 866 3534 v. Kleist.=
