3436 4384
1729 240 2190 332 box 22/7
276 235 1659 339 17.2. Der tanfere Cassian
709 598 1072 722 Ausschpalng
1067 646 1730 762 Setsstbem Mittag, Borite
718 688 893 755 vom:
870 802 1432 880 Marionetten=Premieren.
766 859 1613 959 Es ist immer wieder reizvoll, einen Blick in die
718 901 1594 975 herengte Puppenwelt der Marionetten zu werfen,
719 945 1598 1014 sich von dem kantigen Rhythmus der hölzernen
707 986 1593 1058 Helden in eine lächelnde Einbildung hinüber¬
713 1023 1593 1082 hehmen zu lassen. Dort wächst der Baum der
719 1074 1586 1124 parodistischen Erkenntnis. Erst wer das Lächeln
718 1112 1589 1180 Für den Tanz an Schnüren gelernt hat, gewinnt
721 1158 1588 1214 das Vergnügen, das unsichtbare Wort, die ange¬
706 1183 1585 1259 Kklebte Musik mit dem grotesken Tempo der
720 1235 1591 1310 Puppen zu einer Einheit verständnisinnig zu ver¬
723 1269 875 1322 binden.
730 1306 1597 1376 Paul Braun, der Puppenmeister, zeigt jetzt
705 1332 799 1398 in
809 1351 1583 1404 seinem Marionetten=Theater Münchener
703 1369 1584 1448 Künstler in den Ausstellungshallen am Zoo in
698 1430 1588 1478 überreicher Aufmachung — der Rahmen zerbricht
705 1466 1591 1522 fast das zierliche Tik=Tak des Bildes — die zweite
700 1500 1597 1567 Folge seines Gastspiels. Zunächst Arthur
687 1541 834 1597 Schan
1100 1550 1588 1598 feren Cassian“. Eine
697 1549 1588 1648 sanste Prife Sc##wüft aus der Atmosphäre des
696 1625 1576 1673 Doktor Faust ist um das Lächeln dieser bewußten
700 1664 1584 1715 Einfalt, aber auch der nachdenkliche Schimmer
709 1691 1575 1757 symbolisierender Bedeutsamkeit. Oscar Straus
693 1733 1579 1800 hat eine malende, mit Flötenweichheit
700 1775 805 1819 und
833 1761 1334 1841 polternder Gereiztheit
1379 1782 1586 1833 klingende
2872 1792 2926 1867 L
696 1807 1139 1867 Musik dazu gesetzt.
1238 1813 1589 1886 Dann Glucks
696 1847 1574 1920 komisches Operchen „Der betrogene Kadi“.
1870 1854 3065 1930 man hört die hölzernen Händchen und Füßchen der tragischen
695 1888 1590 1957 Wie köstlich ist da der Stil gefunden, der zwischen
1879 1896 3063 1982 Puppe leise auf die Bretter klappern, und man atmet erleichtert
700 1934 1582 1989 brüchig gewordener Grazie und sanft unter¬
1880 1930 3081 2013 und befriedigt auf. Der große tapfere Soldat Cassian, der mit
697 1972 1586 2029 streichender Ironie pendelt. Wer sich zu einem
1880 1987 3080 2064 dem gestohlenen Liebchen durch das Fenster entflog, kehrt durch
701 2013 1575 2068 lässigen Blinzeln entschließt, meint, eine mit allen
1878 2028 3075 2104 die Tür zu Fuß mit ihr zurück und verbeugt sich in seinen Gelenken.
701 2054 1585 2100 Feinheiten ausgestattete, von typischen Tenoren
1880 2072 3073 2155 Es war alles nur ein Puppenscherz. Es war alles, mit dem Dänen¬
687 2095 1582 2145 und Primadonnen erfüllte Opernbühne durch das
1880 2116 3073 2207 prinzen zu sprechen, nur „metaphorisch“. Sie spaßten nur, liebten
701 2127 1583 2176 verkehrte Theaterglas zu sehen. Der gute Klang
689 2172 1586 2229 guter Stimmen schlüpft schließlich in die Odalisken
1891 2150 3069 2238 im Spaß, töteten im Spaß, starben und bluteten im Spaß. Und
687 2207 1570 2276 und in ihren Kadi, und man ist auf die ent¬
1894 2206 3070 2280 was man der Ungefügheit lehensgroßer Schauspieler und der An¬
693 2245 1577 2312 zückendste Art betrogen, Wackerle hat wieder
1890 2245 3073 2314 maßlichkeit der großen Bühne verargen würde, das belächelt man
690 2285 1580 2345 die markanten Masken gemacht, Ernst Stern
1895 2283 3070 2360 bei den Puppen. Man findet es hier so natürlich, daß die Toten
690 2328 1547 2383 die seinen, mit ferner Zeit vertrauten Kostüme.
1885 2328 3083 2400 aufstehen, die Betregenen lächeln; und wenn die Holzgelenke leise
1900 2362 3081 2449 klappern und die Fäden und Drähte durcheinander wirren und
1900 2394 3093 2492 schwirren, glaubt man doch leibhaftig zu sehen, wie das Schicsal“
1897 2480 2356 2559 selber spinnt und webt.
1963 2488 3097 2566 Freilich steht trotz der großen Möglichkeiten zum Phan¬
1896 2530 3094 2623 tastischen und Stimmungsschweren doch wohl das Leichteste, nicht
1905 2559 3116 2666 allzu Absichtsvolle diesen Schicksalbildnern aus Holz und Draht am
2577 2629 3068 2706 #gpferer Cassian
814 2567 1723 2728 Ausschnittsalisis Rundschau. Berhir
1899 2646 2400 2717 natürlichsten an. Wen## S#
1907 2670 3062 2750 den Vetter Martin imk Zweikampf ersticht und ihm sein hölzerne
816 2701 993 2780 vom:
1905 2717 3094 2804 Liebchen im Saitowortale entführt, „fremdet“ die Hörerzunft ein
1128 2711 1508 2800 31. 10.1916
1909 2753 3085 2845 wenig; das Seltsame berührt sie, nimmt sie aber nicht hin. Ganz
1916 2793 3095 2874 auf aber geht sie in der leichten Klarheit einer komischen Oper des
724 2816 1100 2890 gr-
1353 2856 1389 2884 —
1909 2845 3100 2918 Ritters v. Gluck, die von eines „Betrogenen
1905 2882 3100 2963 Kadis“, Gelüste, Sünde, Strafe und Reue handelt. Niemals
703 2832 1882 3000 V.det tapfere Cassian' und „Der betrogene Kadt“.
1919 2913 3097 3017 könnte die große Bühne uns dieses jahrhundertalte Werk noch
791 2965 1832 3040 Marionettentheater Münchener Künstler.
1913 2969 3096 3046 einmal so nahe bringen, so lieblich lebendig machen und uns bis
780 3010 1898 3069 An seinen Fäden hangen Schicksale im ungewissen Licht. Eine
1909 3011 3106 3101 in die letzte Bewegung hinein so befriedigend erscheinen lassen.
715 3047 1896 3136 sanfte Magie waltet. Unsere Nerven fließen in jene Fäden hin¬
1912 3065 3104 3134 Wir würden an allen Ecken und Enden ein Zuviel, ein Zuwenig
722 3102 1901 3167 über. Wir schweben mit ihnen zwischen ihrem Himmel und ihrer
1917 3099 3103 3177 und ein Unmöglich finden und fühlen. Hier füllt das Spiel das
728 3138 1897 3208 Erde, zwischen Latten und Leinewand, zwischen Lust und Schauern.
1913 3144 3103 3235 Werk ganz aus und das Werk ganz das Spiel. Es ist wie eine
728 3182 1907 3251 Schmerz schluchzt, Liebe spinnt goldene Nebel, List spielt, Verdorge¬
1909 3185 3107 3251 einsgeborene Vollendung und Durchdringung, nicht wie ein Be¬
728 3220 1906 3299 nes der Herzen wird an jenen Fäden ins Licht gehoben und ge¬
1915 3249 2513 3312 gegnen über Jahrhundertweite.
731 3266 1910 3341 halten; das Gemeine wird strafend aufgedeckt: vom Alltäglichsten
1995 3268 3111 3345 Hier an den Drähten der Marionetten hangt und schwebt
729 3310 1906 3396 zum Wunderbarsten ist hier nur ein leichter Schritt; Blut fließt,
1926 3307 3116 3392 mehr als nur „der Spiegel und die abgekürzte Chronik des Zeit¬
729 3360 1913 3420 und Leben verströmt sich, und wir fühlen mit einem verdlutenden
1915 3353 3116 3433 alters“. Man steht, man sitzt mitten im Märchen, und alle
723 3402 1909 3490 Menschenherzen im Tiefsten, daß es hart ist, allein zu sterben, wenn
1922 3396 3118 3477 Dinge werden möglich. Hier ist die grausigste Nawität des Un¬
731 3435 1909 3501 man eben noch reich und bunten Ledens voll war. Aber das bunie
1924 3439 3104 3524 geheuren und des Verbrechens, hier ist die ganze Grazie der
737 3482 1918 3566 Leben flog buchstäblich zum Fenster hinaus; der tapfere Cassian
1928 3485 3122 3567 Unschuld, hier ist das Abbild des Schicksals selbst, unerbittlich
734 3527 1914 3615 mit Stjefel und Sporen flog zum Fenster hinaus, umd die geltebte
1929 3529 3120 3614 wie der Holzschnitt in den Gesichtern Cassians, Fatimes, Zelmi¬
737 3566 1911 3628 Sofie mit dem süßen Rosenkränzchen und dem schönen, großen
1926 3560 3129 3647 rens und Murabins. Hier wandelt sich's vom Himmel durch die
743 3608 1916 3680 Seidenkleide flog zum Fenster hinaus, der leichtherzige Gtutent
1916 3616 3113 3700 Welt zur Hölle leichter, natürlicher, selbstverständlicher und glaub¬
737 3651 1913 3741 aber blutet an der Erde und fühlt die furchtbare Ironie seines
1924 3664 3112 3733 würdiger als bei allen Prospekten und rollenden Maschinen aller
743 3702 1917 3788 Gelüstes, jetzt noch nach seiner lieben Flöte zu begegren, um sich
1936 3707 3122 3777 Hoftheater. Hier ist derbste Wirklichkeit, die hölzern über Hölzer
735 3741 1926 3821 eine Stimme des hunderttönigen Lebens vorzutäuschen, das ihm
1912 3745 3118 3845 stampft; hier ist zartestes, schwebendes Wunder; man braucht es
2947 3787 3106 3854 F. H.
735 3784 1919 3869 entflohen ist und ihn im weinenden Dunkel zurückließ. Scluchzen
737 3824 2261 3921 und Sterbeschauer. Da lassen die Schicksalsdrähte ihr Spiel sinken; nur zu glauben.
