3484 4384
245 224 1551 317 17.2. Der tanfere Gassian
1704 223 2160 327 box 22/7
1188 1204 1784 1271 Auch an die Neubelebung rei¬
1797 1203 2466 1287 werden geschoben von unsichtbarer
1148 1243 1791 1311 zender alter Singspiele wie Glucks
1814 1270 2463 1339 Hand. Hier versuchte man beides:
1146 1300 1790 1363 „Maienkönigin“ oder Mozarts
1808 1315 2453 1385 leise Parodie und nuancierte In¬
1142 1342 1792 1406 „Bastien und Bastienne' könnte
1815 1351 2462 1433 nigkeit. Ich glaube, man kann
1138 1389 1792 1444 vom Marionettentheater aus ge¬
1803 1403 2360 1467 sich nur für eins entscheiden.
1141 1435 1797 1488 dacht werden. Pergoleses „Serva
1834 1442 2456 1517 Welche Gebiete sich das Puppen¬
1136 1482 1784 1532 padrona“ auf dieser Bühne stellte
1806 1485 2452 1571 theater noch erobern soll? Das
1145 1519 1787 1571 einen entzückenden Versuch dar.
1795 1531 2451 1605 phantastische Märchen. Die Zau¬
1144 1564 1782 1621 Famos war es, wie die Figur der
1810 1582 2449 1647 berwelt, vor der die Ohnmacht der
1141 1614 1784 1659 Zerbine die gezierten Bewegun¬
1801 1630 2458 1690 raffiniertesten Theatermaschinerie
1137 1649 1780 1714 gen einer Koloraturprimadonna
1798 1665 2460 1736 beginnt. Glaube und Phantasie
1139 1684 1780 1761 von heute und dazumal bescheiden
1797 1712 2448 1774 sind von Anbeginn geweckt und
1138 1731 1775 1796 karikierte. Fast rührend, wie der
1796 1748 2450 1820 willig. Also herbei mit Gozzi!
1136 1779 1786 1849 alte Pandolfo sich mit zitternden
1796 1798 2452 1866 Doch das liest man am besten bei
1133 1820 1783 1891 Händchen die Tränen vom Auge
1796 1835 2442 1907 E. T. A. Hoffmann in den „Selt¬
1123 1869 1785 1937 wischte. Ein Märchen könnte
1792 1895 2448 1958 samen Leiden eines Theaterdirek¬
1130 1918 1781 1979 man über den Diener Seapin er¬
1798 1932 1915 1988 tors“.
2099 1937 2414 2005 Hierbert Jhering
1136 1957 1780 2016 zählen: „Es war einmal ein
1831 1983 2392 2067 Vertauschte Seelen
1123 1998 1784 2063 Diener, der war so häßlich und
1133 2033 1384 2103 dumm, daß.
1777 2032 2469 2119 Sm cölner Schauspielhaus gab
1172 2097 1780 2150 Seltsam ging es mir mit
1781 2074 2451 2162 ∆ es: „Vertauschte Seelen oder
1120 2123 1768 2194 Schnitzlers „Tapferem Cassian“.
1790 2147 2445 2212 die Komödie der Auferstehungen“
1119 2181 1779 2236 Die wertvollste und verfehlteste
1788 2191 2427 2244 Es war ein Dichter, dem es ge¬
1125 2214 1767 2285 Gabe des Abends. Verfehlt, weil
1797 2231 2434 2295 siel, für eine Stunde die bronzene
1122 2267 1773 2324 für dieses Spiel kein einheitlicher
1778 2272 2438 2337 Last der starren tragischen Maske
1121 2299 1775 2371 Stil gefunden wurde. Und doch
1792 2321 2439 2381 beiseite zu legen und mit der
1125 2353 1774 2418 hätte gerade diese träumerische
1788 2359 2428 2426 Losgelöstheit eines nackten Men¬
1121 2400 1766 2456 Groteske, in der eine leise Schwer¬
1783 2406 2425 2467 schen sein köstlichstes Lachen zu
1117 2451 1766 2505 mut über Menschlein mit Minia¬
1780 2462 2429 2518 schmettern. Er erwog, daß es ehe¬
1122 2485 1773 2543 turgefühlchen zittert, etwas von
1777 2496 2432 2556 mals den Göttern unratsam er¬
1113 2531 1768 2586 dem tiefern Sinn alles Puppen¬
1773 2542 2436 2599 schien, in divinaler Gestalt von
1116 2576 1765 2632 spiels enthüllen können. Es hätte
1779 2587 2423 2648 ihren Gipfeln zu steigen, als er
1113 2620 1757 2686 durch Vereinfachung des Sprech¬
1770 2632 2429 2687 sich mit dem verblichenen Namen
1107 2666 1766 2732 tons eine Uebereinstimmung mit
1774 2660 2433 2730 des im siebzehnten Jahrhundert
1107 2711 1770 2766 den primitiven Geberden der
1772 2718 2435 2776 abgegangenen Spaniers Tirso de
1107 2742 1755 2812 Marionetten erzielt werden
1777 2762 2423 2822 Molina bekleidete und in seine
1106 2785 1758 2848 müssen: Menschlein, so Schweres
1779 2810 2422 2862 Gebärde schlüpfte. So gelang
1112 2837 1762 2893 bewegt uns, und es geht auf den
1783 2845 2431 2910 Wilhelm von Scholz eine gefällige
1112 2870 1758 2942 Tod, aber wir wissen es kaum, und
1777 2894 2420 2954 Burleske und eine für ihn gefahr¬
1109 2926 1751 2980 willenlos wie die Puppen taumeln
1767 2943 2425 2995 lose Aufführung. Man bestaunte
1100 2972 1755 3024 wir dem Unbekannten entgegen.
1765 2984 2431 3038 das Werk eines vermeintlichen
1110 3011 1751 3076 Oder es wäre durch differenzier¬
1772 3020 2421 3087 Spaniers, und aus der entfessel¬
1115 3058 1760 3123 tes Sprechen ein rührend=komi¬
1765 3074 2423 3129 ten Lache dunkelte eine würdige
1105 3097 1760 3163 scher Gegensatz zu der steifen
1774 3111 2420 3173 Bewunderung für den alten
1107 3146 1764 3212 Eckigkeit der Figuren zu schaffen:
1762 3143 2418 3211 Meister; als dann am Ende ein
1104 3185 2421 3265 Menschlein, wir wissen es wohl, unter uns Lebender hervortrat,
1106 3225 2419 3280 was wir leiden, hört, wie es uns den vielen Dank entgegenzuneh¬
1106 3272 2415 3339 das Herz weich macht, aber hilf= men und seinen heitern Betrug
1093 3318 2421 3402 los sinken unsere Glieder, wir lächelnd einzugestehen, blieb dem
1100 3409 1221 3485 130
