3484 4384
243 242 1540 359 17.2. Der tanfere Cassian
684 1340 1394 1426 Bitte, Rückseite beachten !!
1234 1410 1608 1487 Telephon 12.891.
506 1525 612 1590 S
720 1476 1363 1627 „OBSERVER“
498 1617 1604 1694 l. österr. behörd.. konz. Unternehmen für Zeitungs-Ausschaltte
636 1679 1473 1765 Wien, I., Concordiaplatz 4.
828 1747 1264 1828 Verfrefungen
503 1813 1584 1872 in Berlin, Budapest, Chicago, Christiania, Genf, Kopen¬
512 1860 1582 1929 hagen, London, Madrid, Mailand, Minneapolis, New-Vork,
541 1907 1549 1961 Paris, Rom, San Francisco, Stockholm, St. Petersburg.
832 1938 1268 2004 (Quellenangabe ahne Gewähr).
496 1992 936 2071 Ausschnitt aus:
933 1992 1471 2080 RACHSPOST, WIEN
681 2052 966 2132 19 3 1912
420 2098 658 2168 Ggm
467 2153 1564 2215 Eine Matines im Carltheater brachte Sonntag nach¬
399 2184 1560 2253 mittags als Erstaufführungen eine nichtssagende Plauderei von
401 2232 1570 2279 Peter Nansen „Kameraden“ geschielt von Vertretern des
401 2274 1575 2333 Deutschen Volistheaters, ferner ein Vertonung des Schnitz¬
402 2313 1572 2358 lerschen Maripneitenspieles „Derstapfere Kassian“
393 2352 1563 2406 von Oskar Strauß, von Gästen auls der Hofopfer dargestellt,
399 2391 1563 2439 die die wenigen, Perlen aus dem recht seichten „Singspiel“ mit
400 2430 1563 2484 viel Kunst herauszulösen verstanden. Den Glanzpunkt der
392 2468 1560 2516 Veranstaltung, die eine Wiedergabe der Fall'schen Miniatur¬
393 2518 1564 2570 Operette „Brüderlein fein“ beschloß, bildete das Auftreten Alexan¬
398 2545 1563 2595 der Girardis, der zum erstenmale das „neue Fiakerlied“ das
402 2589 1559 2629 dritte schon unseres Wissens, vortrug und die Erbitterung des
403 2625 1565 2689 Grabenschurls gegen „Taxameter und Benzin“ mit unerreichter
392 2666 1556 2723 Meisterschaft ausdrückte. Es klang dabei aus seinem Munde
405 2706 1554 2751 auch wie ein stummer Protest gegen die klägliche Schändung
389 2750 1564 2801 der Wiener Kunst, die an ihm durch die moberne Operette
1106 2783 1487 2853 Wien, Dienstag
417 2846 1586 2950 allabendlich vollzogen wird, ein Protest gegen die Entwurze¬
406 2894 1587 2988 lung der Wiener Kunst, der gerade an die richtige Adresse ge¬
413 2944 1585 3039 richtet war. Die Matinee war vom Journalisten= und Schrift¬
423 2968 1338 3055 stellervereint „Concordia“ veranstaltet ...
544 3005 1041 3077 — Rainundthenten 5##. 0
1708 258 2145 345 box 22/7
1868 634 2923 714 . Londen, clle, Manland, Minneapolis, New-York.
1851 692 2890 747 Paris, Rom, San Francisco, Stockholm, St. Petersburg.
2170 732 2596 791 (Quallenangabe ehne Gewähr).
1826 781 2201 858 Ausschnitt aus:
2125 834 2965 924 Ilastriertes Wiener ##rtrablatt
1832 893 2287 989 vom: 16101112
2451 903 2649 988 Wicn
2109 983 2817 1121 Theaterzeitung.
1988 1111 2911 1212 „Concordia“=Matinee im Carl=Theater.
2064 1196 2949 1269 „Wer vieles bringt, wird manchem etwas
1940 1232 2936 1300 bringen.“ Nach diesen Worten handelte gestern Julius
1946 1275 2939 1339 Stern, der unermüdliche, besorgte Arrangeur der
1937 1302 2957 1383 „Concordia"=Veranstaltungen. Ermobilisierte eine große
1938 1358 2954 1418 Künstlerschar, gleich von vier Bühnen, führte sie in
1947 1387 2952 1445 das Carl=Theater und stellte ihnen verständnisvoll
1944 1427 2948 1504 dankbare Aufgaben. Bot drei Novitäten und zum
1938 1458 2945 1534 Schlusse ein bekanntes Alt=Wiener Singspiel, das noch
1938 1489 2950 1572 immer mit dem Reiz der Neuheit wirkt. Und als er
1941 1542 2944 1615 Vielerlei gebracht hatte, fanden die Leute, die zur
1939 1583 2934 1657 Matinee gekommen waren, daß alles gut ##ar und
1944 1610 2968 1698 lobten die Schauspieler und die Sänger. Den
1940 1660 2948 1710 Anfang machte „Kameraden" von Peter
1944 1690 2949 1761 Nausen. „Eine dramatische Situation“ hieß
1934 1727 2946 1781 es auf dem Theaterzettel. In Wirklichkeit eine gewicht¬
1940 1774 2941 1833 lose Bagatelle, aber von einem Poeten ersonnen, der
1934 1818 2943 1876 an eine moderne Aktualität anknüpft. An Scheidung
1931 1850 2944 1917 und Entlobung. So lange ein Pärchen unter dem
1932 1893 2946 1936 Zwange einer künftigen Bestimmung steht, sucht es den
1936 1932 2945 1986 Weg ins Freie; wenn die Ungebundenheit nicht mehr
1942 1962 2942 2025 prickelt, findet man zurück. Wiederverlobung nach der
1939 2012 2941 2068 Entlobung Erika Wagner und Leopold Kramer
1935 2031 2932 2084 spielten den von Geist besonnten Einfall mit be¬
1928 2064 2947 2147 schwingtem Plauderton. Zwei Künstler und ein Gedanke.
2042 2128 2941 2180 Dann rückten Sänger der Hofoper vor:
1939 2142 2016 2201 D
2035 2146 2939 2216 r tapfere Cassian“ ging in Szene. Die
1922 2185 2329 2246 textliche Unterlage
2431 2188 2926 2254 aus Artür Schnitzlers
1932 2235 2935 2283 „Marionetten geholt. Als Tondichter zeichnet Oscar
1932 2275 2932 2318 Straus, der kluge Oekonomie walten ließ. Die
1937 2304 2937 2368 Musik verdrängt nicht das gesprochene Wort, sie tritt
1931 2341 2936 2392 in den markanten Momenten zu den Vorgängen
1932 2371 2942 2455 illustrierend, den Eindruck des Phantastischen steigernd.
1940 2423 2938 2479 Und weil von den Darstellern nicht gefordert wird,
1929 2465 2936 2524 daß sie das Puppenhafte hervorkehren, rückt die
1932 2490 2958 2557 Groteske näher an das menschliche und wird danns
1939 2536 2954 2599 in fließende Tonschleier eingehüllt. Obgleich Straus
1934 2579 2942 2627 gezwungen ist, eine ernste Miene aufzustecken, ver¬
1942 2613 2930 2675 leugnet er doch seine musikalische Heimat nicht; das
1936 2651 2956 2710 Strophenlied vom tapferen Cassian erinnert an soine
1942 2690 2944 2741 beste Ueberbrettlzeit. Der Einakter war bei Hedwig
1929 2710 2946 2788 Francillo =Kauffmann, Georg Maikl
1939 2768 2602 2820 und Franz Markhof sehr
2629 2775 2745 2825 gut
2842 2775 2945 2824 bei
1930 2801 2942 2862 Rudolf Hofbauer ganz ausgezeichnet aufgehoben.
1938 2839 2944 2897 Dieser Künstler brachte eine Figur auf die Bühne,
1926 2874 2939 2948 die mit dem Zauber des spukhaften Abenteuers
1922 2907 2935 2977 wirkte und das mit Klang gesättigte Organ erhöhte
1927 2943 2163 3008 den Effekt.
2052 2979 2933 3049 Nummer Drei des Programmes: „Das neue
1922 3014 2939 3098 Fiakerlied“, Text von Philipp Pollak, Musik
1933 3076 2938 3142 von Ludwig Englänger — vorgetragen von
1923 3119 2827 3165 Alexander Girardi! Wenn Girardi von
2832 3115 2928 3166 der
1920 3145 2938 3214 schwindenden Herrlichkeit singt und sagt, wenn dieser
1933 3178 2925 3244 Meister alle Kraft zusammennimmt, die Lust und
1923 3209 2932 3279 auch den Schmerz, weil Taxameter und Benzin die
1929 3264 2937 3310 rollende Gemütlichkeit verdrängen, dann sieht sich das
1923 3300 2943 3340 Spiel des Lebens gar nicht traurig, sondern ursidel
1924 3339 2934 3385 an. Man hat gestern wieder dem herrlichen Manne
1922 3385 2926 3430 zugejubelt, dessen Vortragskunst nicht ihresgleichen hat.
2045 3414 2941 3480 Das letzte Wort hatten Mizzi Zwerenz,
1936 3459 2939 3531 Gerda Walde und Fritz Werner in Leo Falls¬
1910 3536 2930 3637 (Wrüderleinsein“ Humor, Grazie und Launef
1904 3578 2469 3645 waren im siegreichen Bunde.
2027 3627 2911 3696 Nicht vergessen sollen die wackeren Mithelfer.
1910 3631 2905 3723 die Regisseure Kramer, v. Wymetal und
1912 3699 2905 3774 Wallner, die Hofopernkapellmeister Schalk und
1916 3736 2926 3811 Kapellmeister Holzer werden. Jeder stellte seinen
1912 3771 2916 3844 Mann und dürfte sich mit den Künstlern, mit Oskar
1919 3812 2918 3904 Straus und Engländer in die Ehren der Matinee
1889 3845 2054 3916 teilen.
2760 3869 2896 3940 #bel.
