3484 4320
1740 206 2214 289 box 22/7
290 191 1580 293 17.2. Der tanfere-Cassian
1799 636 2202 722 Telephon 12801.
1155 805 2174 893 MRR WLEEETNT SSNNUF
1080 894 2187 949 O I. österr. behördl. konz. Unternehmen für Zeitungs-Ausschnitte
1213 947 2083 1026 Wien, I., Concordiaplatz 4.
1429 1014 1866 1086 Vertretungen
1075 1061 2185 1142 D in Berlin, Budapest, Chicago, Christiania, Genf, Kopen¬
1060 1115 2183 1171 hagen, London, Madrid, Mailand, Minneapolis, New-Vork,
1132 1158 2158 1221 Paris, Rom, San Francisco, Stockholm, St. Petersburg.
1453 1195 1846 1248 (Quellenangabe ohne Gewähr.
1037 1235 1526 1315 7 Ausschnitt aus:
1417 1274 2240 1365 Deutsches Volksblatt, Wien
1395 1356 1574 1404 S. 1300
1029 1351 1270 1416 E vom:
1262 1374 1367 1448 1
1134 1479 2181 1557 Marionettentheater in der „Fledermaus“. Die
1042 1544 2179 1607 moderne Kunst, die sich so vielfach um Dinge kümmert, die
1051 1596 2178 1645 sie nichts angehen, hat einmal das Richtige getroffen, als
1049 1639 2179 1689 sie sich mit dem Puppenspiele befaßte. Dieses, einst ein
1042 1688 2180 1738 wesentliches Anregungsmittel für das Volk — man weiß,
1054 1727 2174 1786 was ihm Lessing und Goethe verdanken — ist in der letzten
1046 1769 2184 1830 Zeit ganz in den Hintergrund getreten und höchstens
1052 1813 2184 1872 durch allerlei Grotesken, wie Fantoches, Théätre
2075 1855 2172 1910 sich
1060 1850 2032 1915 tintamaresque, erletzt worden. Nun haben
1973 1899 2185 1960 Ignatius
1046 1909 1853 1970 in München Künstler von Rang
1056 1933 1947 2014 Taschner und Jakob Bradl —
1946 1943 2180 2002 zusammen¬
1054 1990 2172 2049 getan, um neue Marionettentypen zu schaffen, und gestern
1058 2041 2180 2089 nachmittags hat das von ihnen konstruierte moderne
1063 2081 2182 2127 Marionettentheater im Kabarett „Fledermaus“ mit zwei
1054 2127 2185 2181 Komödien debütiert. Die erste, „Der tapfere Cassian“ stammt
1053 2165 2215 2236 von Artur S######### und nennt sich ein Puppenspiel.
1123 2207 2175 2260 ist eine scheinbar nachdenkliche und tiefsinnige, in
1050 2246 2192 2312 Wahrheit aber phantasielose, verdrehte und sinnleere
1878 2292 2189 2349 einem Ka¬
1430 2291 1881 2346 einem Maulhelden,
1054 2296 1394 2360 Geschichte von
1425 2336 2189 2396 der einem schwärmenden Liebhaber
1056 2336 1397 2394 pitäu Fracassa,
1057 2380 2180 2441 mit einem Schlag' Geld, Geliebte und Leben nimmt. Der
1059 2430 2191 2490 geschraubte Dialog der langweilig ernsthaften Komödie ist
1061 2467 2195 2537 geradezu ein Hohn auf das Puppenspiel. Ueberhaupt hat
1051 2524 2182 2577 „der täpfere Cassian“ zur Marionettenbühne nur diese eine
1053 2556 2179 2612 urgative Beziehung, daß er für das große Theater denn
1052 2605 2181 2657 doch zu dumm ist. Vielleicht bekommt Schnitzler den
1052 2638 2187 2704 Bauernfeld= oder Schiller=Preis dafür. Das zweite Stück
1064 2698 2179 2743 war endlich das einstige echte Puppenspiel: „Das Eulen=
1066 2727 2194 2783 schloß“, ein vieraktiges Zauberdrama von Franz Graf Pocci.
1067 2769 2192 2828 Graf Pocci, Zeremonienmeister und hernach Musikintendant
1055 2813 2190 2867 am Münchener Hofe unter Ludwig I. und Max, war ein
1053 2854 2200 2933 kunstgewandter, erfindungsreicher Mann, Zeichner, Musiker
1056 2909 2187 2961 und Poet zugleich, dessen liebenswürdiger, humorvoller
1069 2950 2212 3022 Geist namentlich der Jugend viel Ergötzliches widmete.!
1089 3050 2199 3105 Hieher gehört auch sein Puppenspiel „Das Eulenschloß“,
1088 3081 2214 3148 in dem Kasperl einen zum Uhn verwunschenen Ritter unter
1079 3126 2219 3184 mannigfachen Abenteuern erlöst. Phantastische Zaubereien,
1092 3181 2212 3232 drollige Situationen, Kasperl als Minister am Hofe, sich
1078 3223 2209 3288 unausgesetzt blamierend — das gibt für die Jugend
1078 3265 1335 3326 und auch
1366 3252 2219 3333 für andere nicht blasierte Gemüter
1081 3311 2220 3373 Stoff zum Totlachen. Mit Gesang und melodramatischer Be¬
1093 3346 2227 3399 gleitung weiß Pocci obendrein immer Stimmung zu machen
1084 3391 2212 3440 und sein Humor kommt dem gesunden Sinne entgegen. In
1092 3433 2220 3502 der simplen, naiven Kasperliade des Grafen steckt hundert¬
1085 3488 2209 3532 mal mehr Erfindung und dichterischer Wert als in der
1093 3532 2222 3589 anspruchsvollen Schalrednerei des Herrn Schnitzler. Die
1090 3561 2231 3616 Puppen nun, die Taschner und Bradl entwarfen, sind Meister¬
1085 3617 2216 3664 stücke der Charakteristik; welch' plebejisch dumme Verschlauen¬
1086 3658 2226 3725 heit in den Zügen des Kasperls, welch' vertrocknete Mienen
1091 3705 2213 3774 der Staatsräte, die sich von den Physiognomien der
1092 3739 2222 3803 Lakaien nur durch ein paar feinere Linien unterscheiden.
1075 3788 2212 3848 Beim „Cassian“ allerdings mußte sich Meister Taschner auf
1072 3826 2221 3888 Treue des Kostümes des XVII. Jahrhundertes beschränken
1096 3865 2222 3930 — oder hätte er aus den albernen Figuren Schnitzlers Typen
1084 3915 2224 3973 machen sollen? Ein Nachteil scheint es zu sein, daß' die
1082 3968 2222 4011 Figuren so winzige Dimensionen haben. Sie sind derart
1090 4007 1987 4069 klein, daß man ihre Einzelheiten nur auf
1991 3998 2219 4074 ein paar
1093 4050 2235 4124 Meter Distanz unterscheiden kann, also nur auf
1603 4093 2215 4149 berechnet. Auch sollte es
1094 4092 1567 4149 ein kleines Zimmer
3279 4112 3321 4155 —
