3484 4384
652 350 739 415 De
308 354 1613 457 17. 2 tapfere Cassian
745 1067 1428 1213 UBSERVEn
525 1195 1630 1266 österr. behördl. konz. Unternehmen für Zeitungs-Ausschalten
721 1250 1452 1322 Wien, I., Concordiaplatz 4.
929 1299 1256 1370 Vertretungen
525 1355 1619 1414 in Berlin, Basel, Budapest, Chicago, Cleveland, Christianh.
527 1399 1630 1450 Oenf, Kopenhagen, London, Madrid, Mailand, Minneapols,
529 1438 1629 1497 New-Vork, Paris, Rom, San Francisco, Stockholm, St. Petess¬
934 1474 1239 1523 burg, Toronto.
1341 1486 1556 1579 agblatt
852 1510 1273 1582 ——
1108 1569 1434 1651 Wiesbaden
519 1569 981 1650 Ausschnitt aus:
530 1662 708 1727 vom:
708 1700 1663 1903 Denmtr Uhecker=wriek.
1267 1860 1688 1931 Berlin, 23. Januar.
689 1904 1760 1993 Das Münchener Märionetten=Theater von
647 1951 1762 2062 Paul Braun gibt jetzt ein Gastspiel bei Keller und Reiner.
705 1989 1762 2090 Man erinnert sich noch von der Ausstellung 1908 an das
648 2032 1771 2142 ierliche Schauspielhaus en miniature oben auf der Bavaria¬
638 2079 1770 2205 (estwiese. Ein graziöser Tempel war's, mit einer lustigen
642 2127 1767 2229 „Laterne als Währzeichen, die auf ihrer Glasscheibe die
654 2167 1771 2272 Figuren des Puppenspielplakats von Ignatius Taschner
653 2218 1773 2302 ktrug. Und innen war eine niedliche Bühne in einem an¬
638 2255 1772 2366 mutigen Rahmen, rokokohaft mit einer Polichinellfigur im
642 2300 1774 2384 Giebel — von Wackerle. dem Künstler der Nymphenburger
651 2372 1171 2455 Manufaktur — aufgebaut.
1769 346 2223 435 box 2277
1800 679 2862 761 Das sieht man nun erfreut wieder. Schnitzlers
1725 716 2573 804 „Tapferer Cassian“ ward dargestellt, und
1736 766 2875 856 salsspiel mit seinen feinen Lebensironiell und den frisches
1736 805 2869 888 Leben und Tod gaukelnden Märchenspaß wirkte in der
1740 841 2876 943 schwebenden gelösten Bewegung dieser Puppen traumhaft
1739 901 2875 976 vergleitend und dadurch echt und eindrucksvoll. Die
1744 936 2879 1033 lächelnde Melancholie und die sentimental=spöttische Phan¬
1742 991 2882 1069 tastik kam in dieser Zwischenelt voller heraus als in den
1744 1031 2871 1123 Massen der Menschenbühne. Taschner komponierte diese
1751 1073 2884 1165 Figurinen, das schöne Mädchen, den zärtlichen Flötenbläser
1742 1114 2882 1213 und den Haudegen=Desperado mit Stulpenstiefeln und
1756 1190 2078 1257 Federn am Hut.
1832 1208 2880 1292 Von ganz anderer Rasse sind die komischen Personen
1748 1257 2881 1354 des Bildhauers Jakob Bradl. Sie haben einen urwüchsigen
1760 1296 2892 1390 Humor, derb bajuvarisch, man könnte schon sagen:
1751 1359 2894 1428 „Hahmur". Vor allem saftig strotzen seine krachledernen
1752 1415 2339 1488 gewitterbackigen Bauernkerle.
1835 1426 2893 1531 Solch Marionetten=Groteske lernte man dann in dem
1762 1487 2901 1574 primitiven, aber dabei höchst lustigen Schwank des Grafen
1768 1527 2898 1612 Pocci: „Kasperl als Portraitmaler“ kennen. Er ist ganz
1763 1578 2899 1652 aus der Tradition des alten Puppenspiels hervorgegangen
1769 1612 2900 1693 und er zeigt die Grotesken und Erzentriks, die Zappel¬
1773 1674 2920 1746 drolerien und die Gelenkwitze der komischen Person, die hier
1785 1717 2695 1798 Prügelknabe ist, in überraschenden Variationen.
1840 1739 2912 1835 Doch das Feinste kam zuletzt: eine Miniaturoper:
1786 1801 2916 1892 „La serva padrona“, von Perpolese, hinter der Szene ge¬
1781 1830 2925 1946 sungen von Frau Heymann=Engel und Herrn Pirchan. Hier
1781 1882 2917 1962 entfalteten die Puppen ihre ganze preziöse Anmut und
1778 1956 2190 2027 porzellanene Grazie.
1851 1980 2924 2064 Auch hinter die Kulissen durfte man schauen. Man sah
1788 2024 2927 2108 die kleine Drehbühne, von Lautenschläger konstruiert, den
1786 2083 2932 2147 Donnerapparat und die Akteure und die Aktricen, langhalsig
1797 2119 2775 2212 baumelnd an der Wand, esn Hoffmanesker Anblick.
1865 2153 2923 2244 Die Novität des „Neuen Schauspielhauses", „Der
1804 2212 2930 2306 große Tote“ aus dem Dänischen von Magnussen
1800 2244 2943 2338 und Sarow, nennt sich mit stark unterstrichenem Unter¬
1801 2319 2388 2396 titel „ein lustiges Trauerspiel“
1872 2386 2953 2469 Er wandelt auf ausgetretenen Wied=Landschaften,
1803 2427 2936 2506 schneidet zornige Grimassen, bläkt die Zunge steht Kopf und
1796 2474 2971 2555 überschlägt sich. Eine recht eifrige, allzu betriebsame Komik.—
1793 2515 2940 2576 bei der man stockernst werden könnte, wenn nicht Herr Arndi
1789 2565 2947 2655 durch seinen fülligen Humor in die Hauptrolle menschliche
1801 2624 2202 2696 Lebenszüge brächte.
1878 2625 2962 2732 Er spielt den verkannten Dichter Mortensen Cederlund##
1803 2708 2941 2776 der — man ahnt die Handlung aus dem Titel — erst nach
1813 2739 2945 2836 seiner Totsagung berühmt wird. Das ist ja nun ein sehr
1810 2782 2954 2866 abgetakeltes Thema. Und man verzieht keine Miene über
1809 2849 2300 2920 den Nachruhms=Zauber.
1884 2858 2952 2954 Die neue Erweiterung des Themas ist, daß hier der
1814 2924 2951 2999 von den Toten Auferstandene nicht die inzwischen aufge¬
1815 2971 2957 3047 gangene Saat von Rühmesgemüse ernten darf, sondern
1816 3021 2954 3089 einfach von der Rückkehr in die Existenz ausgeschlossen
1802 3049 2967 3152 wird. Dem Publikum, der Gemeinde und der mit der
1821 3104 2954 3177 Aureole des Schmerzes gekrönten Witwe ist der tote
1816 3148 2964 3221 Mortensen als Fetisch und Idol viel lieber als ein leben¬
1806 3199 2960 3268 der unsicherer Dichter der ihnen das ganze Feierlichkeits¬
1822 3255 2384 3337 Schema verschandeln könnte.
1884 3288 2963 3356 Auf Situations=Burleske ist dies eingestellt. Cederlund
1826 3330 2955 3400 kommt von einer imaginären Afrikareise, arg entstellt und
1824 3373 2965 3455 seines Dichter=Haarschmuckes beraubt. gerade an dem Tage
1823 3422 2962 3505 zurück, als seine dankbare Vaterstadt feierlich zu seinem Ge¬
1832 3455 2972 3540 dächtnis das Cederlund=Museum einweiht. Ein lebender
1821 3507 2974 3587 und noch dazu so unkleidsamer Cederlund ist dabei natür¬
1830 3540 2967 3626 lich nur ein Störenfried, und man steckt ihn ins Irrenhaus.
1825 3588 2962 3679 Bei diesen Szenen geht es ziemlich hahnebüchen zu, die
1839 3648 2959 3720 Komik arbeitet mit dem Besenstiel, und der Geschmack —
1839 3676 2970 3767 ja, von dem merkt man überhaupt wohl wenig. Die
1842 3719 2976 3806 Pointe ist, daß Cederlund auf seine Identität verzichtet
1843 3772 2812 3846 und nun Direktor des Cederlund=Museums wird.
1917 3823 2977 3884 Es soll hier gewiß „tiefere Bedeutung“ menschlichen
1846 3864 2976 3940 Schicksals und nachdrücklicher Lebenssachen angegeben wer¬
1838 3907 2983 3979 den, die Fasson aber. in der das stecken bleibt. kommt über
1844 3941 2979 4030 das Niveau eines Bierulks voll „höheren Blödsinns“ nicht
2761 3980 2927 4052 F. P.
1843 4021 2042 4092 — heraus.
