3436 4320
260 179 1575 287 17.2. Der tanfere Gassian
761 868 1370 949 „OUULNE..
537 940 1631 1003 I. österr. behördl. konz. Unternehmen für Zeitungs-Ausschnitte
659 981 1509 1089 Wien, I., Concordiaplatz 4.
858 1062 1290 1137 Vertretungen
528 1125 1618 1199 in Berlin, Budapest, Chicago, Christiania, Genf, Kopen¬
528 1173 1617 1245 hagen, London, Madrid, Mailand, Minneapolis, New-Vork,
569 1203 1585 1285 Paris, Rom, San Francisco, Stockholm, St. Petersburg.
859 1248 1301 1309 (Gaellenangebe ohne Gewähr).
524 1283 893 1372 Ausschnitt aus:
1028 1289 1658 1407 Kölnische Zeitung
951 1331 1031 1422 1
704 1356 922 1449 3-NOTIE
512 1394 681 1460 vom:
491 1476 1690 1559 Letpzig. Die hiesige Oper hat bis dahin in dieser Spielzeit
448 1523 1694 1580 noch nicht viel von sich reden gemacht. Einzig Hoffmanns Erzählungen
461 1578 1691 1629 waren neu Anstudiert worden, am Samstag meldeten sich die ersten
455 1616 1683 1676 Novitäten 4 Gestalt oreier Eihakter von Oskar Straus, die zeigen
456 1638 1685 1697 sollten, was der „Komponist des Walzgskracs gußerhalb der Operette
449 1687 1679 1738 zu leisten verfah.=Vor diesch-Stükeperlchten„Ver tapfere Kassian,
449 1731 1693 1772 ein einaktiges Singspiet, und das FästnachtsPpiel  Venus im Grünen
454 1766 1676 1825 ihre Uraufführung, die einaktige=Oper Coloméine.-ihre hiesige Erst¬
459 1802 1690 1865 aufführung. Einen wirklichen Eefolg erzielte der Komponist einzig mit
448 1843 1683 1901 der Venus im Grünen, und Wes deshalb, weil er sich hier ganz als
447 1891 1688 1943 der geben kann, der er ist, Als melodienreicher Operettenkomponist.
454 1920 1682 1969 Das Stück ist eine launige Farce Rudolf Lothars — des Textverfassers
443 1956 1679 2008 won Tiefland — karnevalistisch gedacht und auch so durchgeführt. Zwei
455 2002 1686 2043 von einer Maskerade heimkehrende, als Männer verkleidete junge
457 2035 1683 2079 Damen — wir sind im Räuberitalien des 18. Jahrhunderts — werden
449 2071 1685 2118 überfallen, von einem richtigen und einem Pseudoräuber, der, ein junger
448 2104 1681 2181 Freiersmann, ebenfalls vorher bis aufs Hemde geplündert wurde. Die
452 2155 1688 2199 Damen sollen ihre Kleider hergeben, und da ergibt sich die Haupt¬
448 2191 1681 2244 situation von selbst. Indessen dürfen sie sich im Grünen verstecken,
450 2230 1683 2281 hin und her fliegen die Kleider, die die beide. Parteien auswechseln.
449 2274 1687 2318 Et cetern. Die Musik von Straus ist reichlich mit Walzern getränkt, überall
447 2309 1675 2366 frisch und zwanglos, ohne indessen eine neue Seite in der Melodie¬
457 2351 1677 2407 erfindung zu zeigen. Das leichte Stück ist seiner Wirkung überall
453 2380 1689 2449 sicher. Der Text zum tapfern Kassian stammt von Autor Schnitzler;
444 2441 1684 2485 man erwartete also etwas Besonderes. Das ist nur teilweise der Fall,
453 2469 1689 2510 denn das sehr ernste Stück stellt sich als ein allerdings geschickter Ab¬
446 2507 1679 2559 leger von Hoffmanns Erzählungen heraus. Der tapfere Kassian ist der
449 2537 1677 2597 Teufel selhst — ein Dapertutto oder Dr. Mirakel in Offenbachs Werk
516 2583 1681 2645 er nimmt dem Studenten Martin, der einer dämonischen Frauens¬
454 2621 1684 2672 person nachjagen will, im Spiel rundweg alles ab; zuletzt auch sein
447 2664 1674 2714 blondes Mädchen, das er in sich vernarrt gemacht hat, und tötet ihn
451 2687 1671 2749 im Zweikampf. Lachend springt Kassian dem Mädchen, das sich zum
443 2743 1681 2797 Fenster hinausstürzte, nach und holt es noch im Sprunge ein. Die
447 2766 1672 2846 beiden feiern Liebesfest, auf der Bühne stirbt Martin; andern
439 2826 1667 2875 Tags wird Kassian bei der dämonischen Schönen, wegen der de
455 2852 1707 2958 Kamps sich enspann, weiten. Das alles kömte Hosmanm=Ofendach
452 2923 1701 2989 sein; der Reiz der Originalität fehlt jedenfalls. Auch Straus lehnt
462 2952 1694 3033 sich für die dämonischen Stellen feiner Musik an Offenbach an, und
457 3013 1695 3076 zwar reichlich stark, aber er verfährt dabei immerhin sehr geschickt. Das
458 3053 1700 3110 Hauptstück, das Lied Kassians, trifft den unheimlichen Charakter vor¬
458 3092 1692 3157 züglich. Im übrigen wimmelt es in der Musik, besonders auch in bezug
450 3123 1688 3187 auf die Instrumentation, von stereotypen Wendungen. Der Erfolg
446 3141 1692 3228 des Stückes war nicht sehr bedeutend. In Colombine versagte Straus
454 3199 1688 3272 als Komponist fast völlig; es handelt sich um ein überarbeitetes Früh¬
446 3248 1693 3316 werk, das eine im Charakter ganz verfehlte und höchst unbeständige,
450 3286 1691 3340 wösserige Musik ausweist. Der Schluß des Pserhoferschen Stückes ist
441 3322 1685 3377 sehr kraß: Man sieht den Knochenmann mit der Sense, dann ein Schuß
461 3351 1687 3428 — Bajazzn, ein Spieler und verratener Ehemann hat sich erschossen.
438 3392 1685 3466 Die laue Aufnahme des Stückes glich beinahe einer Abweisung. Ge¬
448 3437 1684 3522 geben wurden die Einakter sehr gut. Besonders zeichneten sich die
448 3475 1157 3531 Herren Schroth, Kase und Lüppertz aus.
471 3521 1560 3591 Rari# Machdan. ### ##  „
1722 183 2170 268 box 22/7
2750 1082 3119 1161 Telephon 12.801.
2846 1180 2908 1265 46
2261 1223 2886 1316 „OUSENVER
2032 1295 3130 1373 I. österr. behördl. konz. Unternehmen für Zeitungs-Ausschnitte
2173 1360 3011 1435 Wien, I., Concordiaplatz 4.
2363 1438 2795 1510 Vertretungen
2040 1480 3112 1548 in Berlin, Budapest, Chicago, Christiania, Genf, Kopen¬
2055 1542 3120 1599 hagen, London, Madrid, Mailand, Minneabolis, New-Vork,
2089 1576 3089 1632 Paris, Rom, San Francisco, Stockholm, St. Petersburg.
2377 1621 2804 1668 (Qualienangabe ohne Gewähr).
2034 1651 2764 1740 Ausschnitt älsinburger Oner
2764 1656 3123 1763 gespanden)
2034 1766 2523 1859 vom: 11 1809
2126 1845 2819 1939 Kleines Feuilleton.
2212 1954 2760 2053 Leipziger Cheater.
1928 2026 2559 2087 Man schreibt uns aus Leipzig:
1930 2090 3116 2137 rs. Im Leipziger Stadttheater fand die Aufführung von
1859 2117 3119 2176 drei musikalischen Einaktern statt, die Oskar Straus kompo¬
1864 2162 3115 2216 nierte und von denen zwei am Sonnabend abend zum ersten Mal
1862 2210 3107 2257 gespielt wurden, während der dritte, Colombine von dem
1865 2245 3113 2291 verstorbenen Arthur Pserhofer nach einer Idee von Erich Korn
1861 2278 3113 2324 bereits bekannt ist. Die drei Texte sind ebenso verschieden zu
1853 2331 3117 2380 werten wie die Musik, nur daß es unverkennbar ist, daß alle drei
1853 2360 3116 2399 in verschiedenen Stilen verlaufende Einakter von demselben Kom¬
1855 2402 3117 2435 ponisten vertont wurden und daß überall die prickelnde Melodik
1869 2437 3113 2489 sich mit origineller Erfindung paart und durch vortreffliche In¬
1871 2480 3108 2523 strumentierung zu effektvoller Geltung gelangt. Während der
1873 2526 3103 2573 Text zur Colombine von dem althergebrachten nicht abweicht,
1872 2559 3116 2612 bietet er auch der Komposition wenig dankbare Gelegenheit und
1871 2605 3115 2647 ist mit leichter, gefälliger Melodik bis zum Schluß behandelt, wo
1867 2645 3121 2691 er kurz vor dem Fallen des Vorhanges in falscher Pathetik aus¬
1971 2681 3118 2728 t. Ihm bereitete das Publikum einen warnen Achtungs¬
1993 2722 3130 2769 für den sich der anwesende und selbst dirigierende Oskar
2000 2758 3129 2804 s bedanken konnte. Der tapfese Kassian, Arthur
2035 2795 3124 2855 er allerliebster Einakter, interessierte den feinsinnigeren
2021 2840 3109 2888 s Püblikums auf das lebhafteste, ebenso wie seine geist¬
2014 2881 3114 2926 und seine Vertonung. Aber dies Puppenspiel wurde nicht
2015 2926 3108 2974 en Zuhörern verstanden und befremdete deshalb ein wenig.
1992 2965 3108 3003 autesten Erfolg des Abends erzielte Venusim Grünen
1869 2997 3111 3057 von Rudolf Lothar, trotzdem es im Grunde nur ein netter, mit
1870 3032 3116 3091 der betährten Technik des Verwechslungsschwankes gearbeiteter
1864 3085 3113 3131 Text ist. Aber der ihn schrieb, ist ein erfolgreicher routinierter
1870 3111 3128 3157 Man und weiß nicht nur durch witzige Pointen, die jedesmal
1874 3171 3125 3211 Lachsailven auslösten, zu unterhalten, sondern auch den Kompo¬
1877 3208 3121 3252 nisten die Unterlagen zu jenen Stücken zu bieten, die eine sichere
1876 3240 3133 3289 Erfolgsaussicht in sich schließen. So wurden ein schöner Walzer
1868 3283 3123 3324 und ein Chor auf offener Szene ebenso laut akklamiert, wie ein
1879 3318 3127 3370 Duett und hatten zum Schluß etwa zwanzig Hervorrufe zur Folge,
1877 3363 3124 3398 denen Strauß und Lothar Folge leisteten. Die Darstellung und
1881 3402 3138 3445 Ausstattung waren sehr gelungen. Die Herren Schroth und Kase
1873 3438 3132 3482 gefielen von den männlichen Darstellern am besten, während sich
1870 3470 3132 3524 von den Damen Fräulein Fladnitzer und das liebenswürdige und
1861 3519 2913 3590 beliebte Fräulein Sanden den meisten Beifall holten.
2910 3559 3133 3643 rand h
