3484 4384
1092 171 1455 257 Telephon 12 801.
1132 280 1268 356 D.
536 327 1247 426 — „OSSCHVEN
366 394 1459 465 I. österr. behördl. konz. Unternehmen für Zeitungs-Ausschnitte
514 469 1355 560 Wien, I., Concordiaplatz 4.
715 542 1142 612 Vertretungen
393 586 1471 654 in Berlin, Budapest, Chicago, Christiania, Gent, Kopen¬
396 642 1469 698 nagen. London, Madrid, Mailand, Minneapolis, New-Vork.
438 673 1441 751 Paris, Rom, San Francisco, Stockholm, St. Petersburg.
729 716 1158 782 (Ouelienangabe ohne Gewähr).
390 767 1548 858 Ausschnitt aus: Gerliner Zeitung am Gnttag, Serun
583 844 888 933 22.01N 1910
390 888 540 945 vom:
632 976 1041 1065 Puppentheater.
436 1048 1286 1120 Das gute, alte Kalperletheater ist nun auch
408 1111 1287 1163 salonfähig geworden! Das hätte ich nie ge¬
411 1154 1279 1203 dacht, daß sich der biderbe Kasperle so verwan¬
408 1197 1287 1246 deln könnte. Vom Bauernlümmel, der alle
403 1232 1287 1295 Leute foppt und wahllos Prügel austeilt, ist er
395 1276 1286 1340 zum Edelmann geworden. Zwar hat er seine
401 1328 1290 1380 derbe, alte Natur noch nicht ganz abgelegt, noch
404 1369 1286 1422 schneidet er mächtig auf, und er erzählt mit Er¬
404 1406 1282 1468 folg die urältesten Witze, aber seine drastische
400 1450 1289 1513 „Schlagfertigkeit", die zu ihm gehört wie der
404 1501 1291 1569 Schlaf zum Dörnröschen, die hat er sich abge¬
391 1544 556 1611 wöhnt.
463 1592 1293 1650 Jetzt agieren die Marionetten wie richtige
401 1635 1291 1697 Menschen auf einer Miniaturbühne, jetzt können
397 1692 1281 1744 sie auch alle Glieder bewegen, können gehen,
404 1728 1288 1789 tanzen und eine Leiter hinaufklettern. Auch ihr
401 1778 1296 1833 Aeußeres hat sich geändert. Früher erkannten
405 1825 1279 1884 wir den Kasperle gleich daran, daß er eine
400 1868 1295 1920 enorme Nase hatte, den Engländer, daß er einen
414 1909 1290 1963 großkarierten Maniel trug usw. Heute haben
410 1953 1288 2002 sich erste Künstler wie Taschner oder Bradl
399 1998 1287 2065 bemüht, möglichst charakteristische Figuren zu
409 2042 1294 2100 schaffen und sie hübsch und originell zu kleiden.
397 2086 1299 2142 Mit diesen Figuren lassen sich denn auch
404 2142 1297 2197 richtige Stück aufführen — die alte Kasper¬
412 2179 1286 2236 Burleske stirbt wohl allmählich aus — und
396 2206 1296 2279 das Marioneitentheater Münchener
405 2281 1291 2320 Künstler zeigte gestern in den Räumen des
395 2323 1290 2374 Kunstsalons bei Keller und Reiner einem ge¬
402 2362 1296 2419 ladenen Publikum, was für ein Schmetterling
410 2399 1289 2456 sich aus der alten Kasperpuppe entwickelt hat.
452 2448 1295 2512 Als=Erstes gab es ein groteskes Puppenspiel
406 2496 1296 2555 „Dey tapfere Cassian“ von Arthur
417 2541 1290 2603 Schnitzler zu sehen. Darin wird auf eine
402 2580 1291 2632 # uld Weis gezeigt, wie ein kühner
407 2632 1282 2687 Prählhans einem Schwächling die Liebste ab¬
410 2683 1286 2728 ninmt. Das neuartige Spiel der allerliebsten
416 2714 1291 2782 Fuppen, die Ignatius Taschner schuf, wirkte
417 2769 1286 2823 geradezu frappierend. Sie knixten und tänzel¬
402 2806 1291 2867 ten und glitten wie auf Rollschuhen über die
400 2859 1289 2911 Bühne, und schienen durch die vielen Fäden an
414 2900 1291 2959 ihren Gliedern wirklich belebt zu sein. Eins
413 2939 1285 2991 störte, daß diese kleinen, zarten Dingelchen so
417 2987 1291 3042 stimmgewaltig waren. Ich glau. die Wirkung
400 3035 1275 3087 wäre weit größer noch, wenn sie „mezza vocc“
404 3086 1290 3144 redeten. — Als zweites Stück spielten die
397 3118 886 3182 hölzernen Komödianten
963 3120 1291 3183 das ist kein
410 3166 585 3225 Tadel!
679 3165 1282 3229 Poccis alte Kasperliade
403 3206 1271 3268 „Kasperl als Porträtmaler;
402 3251 1294 3302 hier ist Kasperl geradezu zum Gentleman
409 3300 1287 3358 geworden und hat bedauerlicherweise viel von
412 3345 1285 3402 seiner Urwüchsigkeit eingebüßt. So kam es denn
399 3395 1284 3443 auch, daß der stotternde Polizeidiener, der für
366 3459 1262 3536 uns nur eine unwichtige Nebenfigur war,
371 3529 1268 3587 gestern den Haupiapplaus einheimste. Den
379 3575 1265 3628 Schluß machte gar eine richtige Oper, „la
375 3615 1266 3676 serva padrona“ (Wie die Zofe Herrin
361 3648 1252 3716 wird) von Pergolesi. Die Figuren dazu
373 3688 1256 3748 sind von Wackerle entworfen und die zier¬
372 3742 1263 3784 lichen Möbel entstammen der Nymphenburger
362 3789 1260 3845 Porzellanmanufaktur. Die kleine Oper, in der
362 3835 1256 3889 Sofie Heymann=Engel und Josef
371 3878 1245 3918 Pirchann an Stelle der Marionetten die
368 3917 1252 3969 Hauptrollen sangen, machte einen überaus reiz¬
360 3967 1245 4021 vollen Eindruck, so daß mit Recht laut Beifall
358 4007 1256 4071 geklatscht wurde, den die kleinen Mimen für die
363 4055 1253 4097 großen hinter dem Theater mit graziösen Ver¬
356 4095 798 4165 beugungen quittierten.
1071 4098 1220 4164 K. E.
2598 1343 2960 1452 Telephon 12.801.
2616 1466 2748 1546 Dr.
2088 1479 2711 1594 „ODOEIVEN
1870 1578 2959 1671 I. österr. behördl. konz. Unternehmen für Zeitungs-Ausschnitte
2000 1631 2836 1720 Wien, I., Concordiaplatz 4.
2189 1698 2629 1780 Vertretungen
1857 1753 2933 1836 in Berlin, Budapest, Chicago, Christiania, Genf, Kopen¬
1863 1792 2940 1877 hagen, London, Madrid, Mailand, Minneapolis, New-Vork.
1896 1839 2895 1934 Paris, Rom, San Francisco, Stockholm, St. Petersburg.
2194 1886 2612 1948 (Quelienangabe ohne Gewähr).
1844 1926 2233 2029 Ausschnitt ausg
2233 1926 2988 2046 erliner Local Alzeiger.
1992 2002 2283 2089 22.Ml 16
1859 2032 2001 2090 vom:
1893 2082 2752 2160 R. L. Das Münchener Marionetten¬
1846 2132 2737 2214 KTheater, des Herrn Paul Branns lustige
1848 2192 2731 2241 Schöpfung, machte gestern bei Keller und Reiner
1850 2226 2742 2271 in einer Presse=Vorstellung seine Aufwartung.
1850 2268 2735 2316 Zuerst gab es „den tapferen Cassian, ein hoff¬
1846 2301 2739 2357 manneskes Spiel von Artur Schnitzler sehr
2450 2340 2732 2392 #der Charak¬
1841 2342 2367 2403 hübsch in der Stimmm
1854 2375 2735 2423 teristik, nicht ganz klar in Idee und Symbolik.
1845 2417 2740 2467 Man ist bald gefesselt, bald verwirrt, und der
1850 2458 2736 2504 Grund, auf dem die Figuren stehen, ist wie ein
1840 2482 2738 2538 Moor, in dem unser Fuß keinen Halt findet.
1848 2529 2733 2579 Dann folgte eine drollige Kasperliade des Grasen
1841 2579 2749 2613 von Pocci, der bekanntlich der Shakespeare,
1849 2608 2753 2656 der Schiller und der Kotzebue der Marionetten¬
1856 2636 2744 2690 bühne war, und den Beschluß machte die ent¬
1849 2685 2738 2735 zückende „Servapadrona“ des Pergolesi,
1858 2729 2743 2766 als Miniaturoperchen zwischen porzellanen Mö¬
1858 2748 2749 2807 beln von den Puppen allerliebst agiert, von Frau
1860 2790 2748 2846 Heymann=Engel und Herrn Pirchann
1862 2828 2746 2877 geschmackvoll gesungen. Die brillant geschnitzten
1852 2865 2740 2930 Figuren, wahre Meisterwerke realistischer Plastik
1857 2901 2749 2963 in Holz, entwickelten an ihren Fädchen hängend,
1858 2952 2747 2996 eine schauspielerische Virtuosität, die das Publi¬
1858 2979 2742 3032 kum verblüffte. An diesen Püppchen konnte man
1861 2996 2755 3064 sehen, wie die Geste sogar mimischen Ausdruck
1864 3053 2748 3100 des Gesichts zu ersehen weiß, und wie wunderbar
1864 3092 2757 3141 die Kraft der Phantasie im Theater wirkt. Denn
1865 3141 2754 3182 man vergaß sehr bald, daß da nur spannenhohe
1858 3169 2746 3217 Figürchen an Drähten gezogen wurden, und
1856 3206 2747 3251 dachte, das wären wirkliche Menschlein in Duodez,
1863 3242 2753 3298 die da von einem glänzenden Regisseur geschult
1866 3283 2750 3336 Theater spielten. Nach der Vorstellung durfte
1859 3326 2755 3366 men hinter die Kulissen gucken, wo die Mitwir¬
1860 3358 2754 3401 kenden stumm und unbeweglich an den Wänden
1870 3398 2751 3446 hingen. Da konnte man noch einmal seine
1861 3444 2750 3486 Freude haben an der trefflichen Augenblickskunst,
1861 3470 2756 3520 mit der hier das Typische einer Rolle in den
1871 3503 2759 3558 Köpfen scharf herausgearbeitet ist. Berlin wird
1875 3545 2757 3604 sich für das Marionetten=Theater gewiß inter¬
1877 3582 2759 3632 essieren. Das bewies die warme Aufnahme, die
1865 3620 2531 3675 Kasperls sel. Erben gestern fanden.
2285 3664 2347 3700 —
