3436 4320
1691 186 2149 284 box 22/7
238 197 1647 266 17.2. Der tanfere Cassian
840 871 953 936 206
1226 863 2030 938 DOKUMENTE DES FORTSCHRITTS
2134 881 2411 961 JAN. 1908
847 929 946 1007 6
2249 950 2393 1030 —
913 1006 2400 1083 Dadurch ist die Darstellungsmöglichkeit der Puppenbühne beschränkt,
828 1064 2405 1128 zugleich aber sehr groß, jedenfalls aber durchaus verschieden von der des
829 1115 2412 1176 Theaters. Die Bühne des bewegten Leblosen gestattet Szenerien, die man
831 1163 2404 1234 ohne Verwunderung und als selbstverständlich ansicht, wie sie das Theater
828 1205 2397 1274 nie bringen kann. Abnormitäten, Fabeltiere, Dämone, ja selbst tote Gegen¬
818 1254 2403 1326 stände können genau so leicht mitspielen, wie Figuren, die der menschlichen
829 1292 1414 1365 Gestalt nachgebildet sind.
907 1352 2395 1429 Der Schauplatz des Puppenspieles ist also vor allem das Märchen¬
824 1369 2411 1464 hafte. Die Märchenhandlung kann ebenso die naive Scherzhaftigkeit
827 1445 2400 1513 eines Teufelskampfes wiedergeben, wie den Ausdruck geheimer Untergründe
813 1495 2394 1563 der Seele. Die Frage, ob sie die einzige Wirkungsmöglichkeit der Puppen¬
815 1553 2400 1624 bühne ist, läbt sich aus dem Charakter der Marionetten selbst beantworten.
815 1594 2396 1661 Es gibt zwei Arten von Marionetten: vollständig ausgearbeitete Figuren mit
814 1649 2400 1726 beweglichen Gledmaßen, die durch Drähte geleitet werden, und solche, bei
814 1693 2405 1757 denen ein hohler Kopf und zwei Arme auf einen gewandartigen Sack genäht
819 1728 2403 1822 sind, in den der Puppenführer die Hand steckt. Die leiseste Bewegung der
812 1797 2391 1860 Finger ruft eine ungeheuer vergrößerte Verzerrung der Bewegungen der
816 1847 2400 1916 Puppe hervor, die vom Zuschauer sofort unwillkürlich mit menschlicher
819 1889 2399 1969 Psvchologie gedeutet wird. Jede Bewegung dieser Puppen hat etwas ungemein
809 1946 2402 2016 Schmiegsames von der Beweglichkeit der menschlichen Hand, zugleich aber
815 2008 2392 2068 etwas außerordentlich Starres, — den leeren Gesichtsausdruck des typisch be¬
808 2051 2398 2118 malten Kopfes. So entsteht bei jeder Bewegung der handgeleiteten Puppen
807 2076 2394 2168 die unmittelbare Wirkung des unerwartet Komischen. Bei den drahtgeleiteten
817 2137 2390 2199 Marionetten wiederum genügt ein leiser Ruck, um die Bewegung der Glieder
810 2191 2401 2245 ins Gewaltige zu übertragen, was im Widerspruch mit der Starrheit der übrigen
817 2225 2389 2320 Glieder stcht. So ergibt sich die andere Wirkungsmöglichkeit des Puppen¬
818 2264 1416 2331 theaters: die Groteske.
901 2328 2389 2409 Märchen und Groteske bilden also das eigentliche Wirkungsfeld
807 2382 2388 2460 des Puppentheaters; beide haben gemeinsam, daß das Wirkungsvollste ihrer
807 2439 2381 2506 Handlung nur durch Puppen, nicht durch Menschen dargestellt werden kann.
899 2487 2386 2554 Die auf die Schaffung eines modernen Marionettentheaters gerichteten
811 2532 2393 2602 Strömungen der letzten Jahre müssen also ihre Stoffe dem Märchen und der
806 2573 2381 2633 Groteske entlehnen. Die Verbindung dieser beiden Gebiete ergibt die roman¬
803 2629 2385 2700 tische Burleske. In einer romantischen Burleske, wie Arthur Schnitzlers
816 2688 2384 2759 „Tapferer Kassian“ scheint mir der Versuch vollkommen gelungen zu sein,
810 2720 1763 2779 ein modernes Marionettenstück zu schreiben.
896 2769 2379 2848 Ihren eigentlichen Dichter der Puppenbühne scheint die moderne deutsche
806 2809 2378 2893 Literatur aber in Paul Scheerbart zu besitzen. Seine Phantasie läßt der
815 2864 2372 2948 Gestaltung den freiesten Spielraum, die „Personen“ seiner kurzatmigen
813 2918 2384 2986 Akte sind nicht nur Menschen, sondern auch Ungeheuer, Sternschnuppen,
809 2961 2380 3036 Jupiterbewohner. Burlesken wie „Das damame Luder“ oder „Kammerdiener
811 3016 2379 3071 Knetschke“ können ihre sicherste Wirkung auf der Marionettenbühne aus¬
808 3066 2382 3147 üben. Kürzlich hat ein neues Puppenspielunternehmen (A. R. Meyer in Berlin)
799 3118 2373 3187 auch versucht, Paul Scheerbart auf die Puppenbühne zu bringen, leider aber
801 3165 2384 3222 mit bedauerlichem Mißerfolg. Der Dilettantismus der Veranstaltung ließ die
793 3217 2396 3284 gute Absicht an dem Mangel jeder Vertrautheit mit dem technischen Material
794 3263 2366 3334 der Puppenbühne scheitern. Auch die Wahl der Stücke war insofern unglück¬
795 3312 2366 3384 lich, als man Szenen gab, in denen das gesprochene Wort die Herrschaft hat.
796 3349 2375 3429 Das Wesentliche der Puppenbühne ist aber gerade, daß das Wort, auch das
790 3410 2367 3497 witzigste, für sich nichts bedeutet, sondern nur Wert hat als Anlaß zu einer
799 3453 1621 3534 bestimmt charakterisierten Bewegung.
799 3518 879 3595 □
870 3594 2363 3679 Ob das Puppentheater in der heutigen Kultur wieder einen bedeutenderen
776 3642 2351 3734 Platz gewinnen kann, erscheint allerdings zweifelhaft. Und wenn die Menschen¬
777 3690 2377 3773 bühne erst das Drama hat, das der Kultur unserer Zeit entspricht, dann hat
789 3744 1743 3821 das Puppendrama gewiß wieder ausgespielt.
1349 3832 1443 3918 S
1668 3847 1786 3929 S
