3436 4320
-2 4118 35 4157 2
1295 77 1657 161 TOTTOI
553 146 604 217 8
548 273 584 318 70
522 232 1645 346 * MIMTTErTIrSnHn
519 327 1651 399 O l. österr. bebördl. konz. Unternehmen für Zeitungs-Ausschnitte
679 377 1564 479 Wien, I., Concordiaplatz 4.
913 455 1345 525 Vertretungen
522 499 1638 580 0 in Berlin, Budapest, Chicago, Christiania, Genf, Kopen¬
519 533 554 564 8
500 556 1639 625 = hagen, London, Madrid, Mailand, Minneapolis, New-Vork,
610 580 1609 669 Paris, Rom, San Francisco, Stockholm, St. Petersburg.
502 583 591 660 6
920 636 1302 696 (Quellenangabe ohne Gewähr.)
513 656 1632 785 Ausschnitt aus: Wiesbadener Tageblatt
495 725 582 775 535
483 768 722 826 E vom:
833 740 1478 837 st## 1308 Wiesbaden
678 868 1373 962 „Aus Kunst und Leben.
783 944 1322 1022 Münchener Theaterbrief.
550 998 1578 1073 (Eröffnung des Marionettentheaters.)
549 1055 1624 1121 Man schreibt uns aus München, 18. Mai: Das
493 1068 1614 1162 „Marionettentheater Münchener Künstler“ und die
490 1138 1627 1194 „Schwabinger Schattenspiele“, die auf der „Ausstellung
479 1185 1614 1245 München 1908“ im kleinen zu versuchen scheinen, worum
485 1227 1617 1296 das neue „Künstlertheater“ im großen bemüht ist, das
491 1262 1621 1352 ist: der szenischen Darstellung von heute gewaltsam, und
482 1311 1620 1369 sei es durch die Flucht hinter Puppen und Schatten, den
490 1355 1610 1429 Stil wiederzugeben, den sie nun einmal verloren hat,
478 1395 1608 1472 sie gaben am Eröffnungstage der Ausstellung auch ihrer¬
479 1443 1618 1516 seits ihre ersten Vorstellungen. Das von Paul Bronn
478 1484 1615 1559 geleitete Marionettentheater brachte zunächst den
474 1539 1503 1592 „Tapferen Cassian“ von Artur Schnitzler und
1506 1546 1609 1605 das
468 1566 1207 1636 „malerische Lustspiel“ „Kasperl als
1308 1586 1610 1657 aler“ vom
478 1620 1606 1684 Grafen Poccei, und es war amüsant zu sehen, wie an¬
478 1656 1606 1727 standslos der alte harmlose Romantiker den mit indi¬
475 1708 1609 1773 viduellen Zügen und etwas problematischer Psychologie
463 1736 1600 1819 beschwerten Neu=Wiener aus dem Felde schlug. Die
460 1792 1599 1855 Puppen wollen, scheint's, keine Probleme, geschweige
472 1823 1609 1893 denn angedeutete Probleme; sie wollen im Komischen
468 1877 1605 1954 wie im Feierlichen einfache gerade Linien, die ihren un¬
461 1915 1593 1993 beweglichen Zügen und sparsamen Gesten entsprechen.
460 1956 1591 2045 So entstand hier ohne Schuld der dramatischen Ausfüh¬
466 2010 1609 2077 rung, die tadellos war, eine sonderbare Verzerrung, die
459 2054 1590 2130 in den tragischen Momenten gar zu geführlich an die
463 2097 1590 2171 Grenze des Entgegengesetzten streifte. Und man be¬
465 2136 1584 2216 grüßte den lustigen infamen Kasperl Larifari des zweiten
463 2183 1632 2247 Stücks, seinen malenden Herrn, die zu malende alte:
506 2245 1636 2308 Jungfer und den stotternden Polizeikommissar wie er¬
515 2295 1640 2342 quickende alte Freunde. Die Figuren, von den Herren
513 2338 1640 2392 Professoren Ignatius Taschner und J. Bradl ausge¬
500 2392 1635 2443 führt, waren äußerst charakteristisch und so wie die ganze
512 2429 1645 2481 Ausstattung des kleinen Theaters von erfreulichem Ge¬
513 2466 1631 2518 schmack. Die „Schwabinger Schattenspiele“ leiteten mit
502 2504 1627 2565 einem Spiel von Karl Wolfskehl ein: „Wolfdietrich und
499 2557 1631 2615 die rauhe Els“, das in schönen, tiefen Versen und
496 2596 1636 2656 wenigen einfachen Bildern, mustergültig für die Art des
509 2648 1633 2709 ernsten Schattenspiels überhaupt, die tragische Ver¬
501 2681 1638 2740 zauberung des Helden und die Erlösung der Zauberin
494 2729 1637 2795 behandelt. Den Beschluß machte ein reizendes Schauspiel
492 2777 1637 2826 von Coppelius: „Der heilige Antonius“, das den in die
488 2818 1641 2877 Höhle des abwesenden frommen Mannes verirrten
486 2860 1628 2909 Kasperl prompt den Versuchungen durch alle sieben Tod¬
491 2900 1631 2960 sünden erliegen und sodann, halb versenkt, als den Un¬
489 2953 1651 2998 rechten aus der Hölle wieder hinausgeworfen werden
491 2987 1626 3061 läßt. Die Vorführungen fanden freundlichen Beifall.
1422 3035 1606 3118 T. 8.—
558 3136 1644 3203 ez. Opinmraucher in Paris. Aus Paris schreibt
487 3181 1623 3232 man uns: In der Hauptstadt Frankreichs macht das
479 3218 1624 3288 Überhandnehmen des geheimen Opiumhandels den Be¬
475 3270 1622 3333 hörden wieder viel Schwierigkeiten. Fast täglich kommen
486 3317 1621 3372 Anzeigen bei der Polizei, daß in irgend einem versteckten
484 3348 1627 3397 Quartier eine Opiumhöhle entdeckt worden sei. Nament¬
474 3390 1624 3447 lich Frauen, Damen der Gesellschaft, sind in Paris dafür
472 3446 1624 3504 bekannt, daß sie im geheimen dem süßen, betäubenden
482 3488 1629 3525 Gift des Opiumrauchens huldigen. Schon im Jahre 1845
480 3531 1622 3580 hat die französische Regierung ein Gesetz eingeführt, wo¬
478 3577 1620 3632 nach der Verkauf des Opiums unter strenger Strafe ver¬
471 3622 1628 3684 boten ist. Ein zweites Gesetz wurde im Jahre 1850 publi¬
467 3660 1617 3721 ziert. Trotz alledem blüht im geheimen der Oplum¬
479 3700 1622 3755 schmuggel fort, und nach einer neuesten Statistik werden
474 3752 1624 3795 aus Ostasien und den französischen Kolonien Unmengen
466 3796 1624 3853 von Opium nach Frankreich importiert. Es besteht ein
462 3836 1619 3890 ganzer Markt; Vermittler und Schmuggler besorgen die
465 3892 1620 3938 Geschäfte. Für das Pfund Opium werden im Durchschnitt
467 3916 1616 3971 120 Frank bezahlt. Es gibt aber auch Qualitäten, die mit
464 3966 1620 4007 150 bis 180 Frank das Pfund bezahlt werden. Neuerdings
473 4010 1603 4063 wollen die französischen Behörden neue durchgreifende
472 4049 1559 4132 Maßregeln gegen den geheimen Opiumhandel treffen.
2585 1037 2994 1139 Telephon 12801.
1967 1125 2140 1210 NNN
1825 1198 2966 1313 P uinreererraktreressnnen
1827 1306 2965 1367 O l. österr. behördl. konz. Unternehmen für Zeitungs-Ausschnitte
1835 1326 1903 1370 66
1832 1368 1913 1409 0
1999 1349 2869 1438 Wien, I., Concordiaplatz 4.
1816 1402 1911 1466 1
2217 1417 2641 1490 Vertretungen
1871 1464 2951 1547 in Berlin, Budapest, Chicago, Christiania, Genf, Kopen¬
1894 1510 2957 1585 hagen, London, Madrid, Mailand, Minneapolis, New -Vork,
1911 1555 2941 1624 Paris, Rom, San Francisco, Stockholm, St. Petersburg.
2228 1601 2624 1656 (Quellenangabe ohne Gewähr.)
1822 1637 3049 1710 2 Ausschnitt außadische Landeszeitung, Karlsruhe
1840 1705 1891 1750 25
2653 1702 2965 1809 20.4451 1908
1810 1746 2030 1808 E vom:
1891 1744 2917 1904 Kunst, Wissenschaft und Literatur.
1842 1862 3066 1954 (?) Das „Marionettentheater Münchener Künstler“ und die
1765 1926 3076 2005 „Schwabinger Schattenspiele", die auf der „Aus¬
1763 1963 3075 2040 stellung München 1908“ im Kleinen zu versuchen scheinen,
1763 2015 3064 2084 worum das neue „Künstlertheater“ im großen bemüht ist, das
1765 2058 3068 2129 ist: der szenischen Darstellung von heute gewaltsam, und sei es
1768 2104 3061 2174 durch die Flucht hinter Puppen und Schatten, den Stil wieder¬
1766 2146 3060 2225 zugeben, den sie nun einmal verloren hat, sie gaben am Eröff¬
1767 2187 3079 2274 nungstage der Ausstellung auch ihrerseits ihre ersten Vorstellun¬
1754 2236 3068 2313 gen. Das von P. Bronn geleitete Marionettentheater brachte zu¬
1754 2280 3069 2358 nächst den „Tapferen Cassian“ von Artur Schnitzler
1769 2320 3084 2387 und das „malerische Lustspiel“ „Kasperl als Prrrar¬¬
1758 2365 3099 2436 maler“ vom Grafen Poccei, und es war amüsant zu sehen,
1771 2410 3077 2475 wie anstandslos der alte harmlose Romantiker den mit indivi¬
1765 2458 3077 2533 duellen Zügen und etwas problematischer Psychologie beschwerten
1776 2499 3087 2567 Neu=Wiener aus dem Felde schlug. Die Puppen wollen, scheints,
1776 2540 3087 2608 keine Probleme, geschweige denn angedeutete Probleme; sie wollen
1781 2585 3090 2654 im Komischen wie im Feierlichen einfache gerade Linien, die ihren
1782 2637 3092 2692 unbeweglichen Zügen und sparsamen Gesten entsprechen. So ent¬
1779 2667 3095 2738 stand hier, ohne Schuld der dramatischen Ausführung, die tadel¬
1783 2733 3102 2787 los war, eine sonderbare Verzerrung, die in den tragischen Mo¬
1783 2766 3098 2821 menten gar zu gefährlich an die Grenze des Entgegengesetzten
1794 2810 3096 2870 streifte. Und man begrüßte den lustigen infamen Kasperl Lari¬
1792 2846 3096 2916 fari des zweiten Stücks, seinen malenden Herrn, die zu malende
1786 2883 3102 2951 alte Jungser und den stotternden Polizeikommissar, wie er¬
1792 2930 3100 2992 quickende alte Freunde. Die Figuren, von den Herren Professoren
1785 2957 3138 3049 Lanatius Taschner und J. Bradl ausgeführt m## #
1822 3043 3141 3127 charakteristisch und so wie die ganze Ausstattung des kleinen
1823 3090 3132 3151 Theaters, von erfreulichem Geschmack. Die „Schwabinger
1816 3134 3144 3212 Schattenspiele“; leiteten mit einem Spiel von Karl Wolfs¬
1816 3174 3139 3254 kehl ein: „Wolfdietrich und die rauhe Els“, das in
1827 3218 3138 3313 schönen, tiefen Versen und wenigen einfachen Bildern muster¬
1814 3255 3125 3340 gültig für die Art des ernsten Schattenspiels überhaupt, die
1819 3306 3136 3390 tragische Verzauberung des Helden und die Erlösung der Zauberin
1807 3347 3131 3419 behandelt. Den Beschluß machte ein reizendes Schauspiel von
1807 3387 3128 3467 Coppelius: „Der heilige Antonius“ das den in
1801 3445 3136 3528 die Höhle des abwesenden frommen Mannes verirrten Kasperl
1811 3484 3134 3559 prompt den Versuchungen durch alle sieben Todsünden erliegen
1816 3533 3132 3579 und sodann, halb versenkt, als den Unrechten aus der Hölle wieder
1813 3561 3126 3650 hinausgeworfen werden läßt. Die Vorführungen sanden freund¬
1806 3612 2120 3676 lichen Beifall.
