3392 4384
570 139 1317 224 „ODOENPER
402 203 1481 286 1. österr. beh. konz. Unternehmen für Zeitungs¬
616 264 1283 333 Ausschnitte und Bibliographie.
572 312 1348 393 Wien, I., Concordiaplatz 4.
802 385 1134 451 Vertretungen
408 417 1491 491 in Berlin, Brüssel, Budapest, Chicago, Cleveland, Christiania,
408 471 1498 529 Genf, Kopenhagen, London, Madrid, Mailand, Minneapolis,
407 507 1494 566 New-York, Paris, Rom, San Francisco, Stockholm, St. Peters¬
809 555 1108 608 burg, Toronto.
749 587 1155 645 (Quellenangabe ohne Gewähr.)
407 650 788 716 Ausschnitt aus:
788 648 1230 750 Die Zeit, Wien
635 715 928 815 19 1 1911
404 752 598 854 vom 1
475 863 1330 1014 Theatef und Kunst.
753 983 1079 1083 Puppenspiele.
474 1049 1404 1137 c. h. Das Marionettentheater, das aus
427 1102 1393 1161 München kommt und in der Urania auf¬
439 1149 1407 1226 geschlagen ist, hat man schon in Wien gesehen.
424 1201 1399 1255 Man kennt es aus der „Flevermaus“, mo es
431 1247 1412 1311 ein paar entzückende kleine Stücke, darunter
426 1273 1121 1338 den „Tapfern Kassian“ von Schn
1149 1297 1419 1375 tr. „Pielte.
417 1332 1084 1385 Nunmehr soll es aber ein b##
1183 1340 1423 1400 Wolikum,
438 1363 1423 1430 heranlocken. Kinderspiele sind's nicht, aber eine
431 1406 1426 1472 köstliches Theaterchen für Große. Es ist immern
421 1459 1409 1521 von einem zauberhaften Reiz, Marionetten“
423 1504 1401 1560 agieren zu sehen. Das Püppenspiel mag in der
433 1541 1399 1604 Mitte zwischen Schauspielerei und Pantomime
424 1588 1395 1657 stehen. Die Pantomime schließt selbst das Wort
423 1650 1393 1704 aus, als könnte es die Leidenschaft, das Gefühl
419 1676 1393 1745 gar nicht ausdrücken; sie läßt nur die Geste und
419 1728 1399 1781 den Blick zu, ist ganz auf das Unsagbare
416 1769 1393 1835 gestellt. Das Puppenspiel anerkennt des
408 1805 1392 1880 Dichters Wort, doch nicht viel mehr; es liefert
415 1857 1402 1927 sich nicht an den Schauspieler, an seine äußere
406 1904 1397 1969 Erscheinung aus. Die Marionette kann sich der
420 1944 1398 2004 Gestalt, wie der Dichter sie ersonnen, auf das
414 1983 1390 2050 äußerste nähern. Sie streift von ihr das In¬
414 2033 1398 2102 dividuelle=Veränderliche und erhebt sie zum
407 2067 1387 2131 Typischen. Sie ist immer von einem wunder¬
412 2127 1390 2190 vollen Geheimnis des Unwirklichen umhüllt.
412 2157 1388 2233 Dadurch ist sie gar nicht die psychologischen
408 2196 1386 2276 Abwicklungen gebunden un acht alles Bizarre,
412 2241 1385 2321 Groteske nicht unglaubhaft. Keine Schwere zieht
410 2290 1382 2344 sie nieder. Alles wird spielerisch, heiter, ironisch.
404 2345 1375 2420 wie eine miniatürliche Karikierung des mensch¬
406 2375 776 2439 lichen Getriebes.
447 2424 1378 2493 Die possierlichen, nur in den Gelenken be¬
403 2475 1375 2542 weglichen kleinen Akteure sind immer wieder an¬
418 2515 1379 2579 regend. Besonders wenn sie so reizende Komödien
413 2558 1377 2627 spielen wie die Marionetten Paul Branns.
413 2598 1386 2667 Sie geben ein romantisch=satirisches Stück
410 2647 1389 2740 „König Violon und Prinzessin Klarinette“.
429 2707 1396 2780 August Mahlmann, der zum Tieck=Kreise
423 2758 1399 2820 gehörte, hat es gedichtet, einige aktuell=anzüg¬
429 2802 1395 2858 liche Witze putzen es jetzt auf. Man sieht einen
415 2850 1397 2919 komischen König, dessen Braut sich in einen
416 2884 1393 2965 Prinzen Kasimir verliebt: Kasimir entpuppt
430 2934 1387 3010 sich als ein unechter Sohn des Königs; die
422 2971 1393 3054 Geschichte nimmt einen fürchterlichen Verlauf,
415 3004 1379 3094 denn am Ende sind alle Beteiligten Leichen
415 3068 1388 3130 Das ist aber nicht die Attraktion. Eine komische
405 3102 1394 3187 Oper von Offenbach „Das Mädchen von
415 3159 1387 3223 Elizondo“ schlägt das Romantikerstückchen. Da
411 3179 1390 3263 singen die Marionetten. Ein Gastwirt, ein
399 3227 1385 3319 Liebhaber, ein Mädchen. Ein Baßbufso, ein
406 3275 1382 3351 Tenor, ein Sopran. Die kleinen Marionetten
401 3333 1383 3405 singen mit vollen Menschenstimmen, und doch
393 3381 1380 3441 entsteht kein zwiespältiger Eindruck. Sie geben
394 3410 1372 3500 sich dem Rhythmus der faszinierend pikanten,
401 3452 1386 3539 champagnisierenden Musik hin. Hier zeigt sich die
394 3504 1382 3571 feine Kunst der Münchener Pupvenspieler. Die
396 3547 1375 3631 winzige Dame macht die Sanggesten einer wirk¬
400 3597 1376 3670 lichen Sängerin. Der Bufso ist ein breit be¬
400 3632 1369 3711 haglicher, großköpfiger Komiker, unvergleichlich
395 3677 1368 3765 in allen Einfällen. Er bringt hinreißend ein
393 3728 1370 3804 Ständchen dar, er agiert einen Rausch mit
392 3771 1362 3838 maßloser Drolligkeit. Dazu sind die Dekoratio¬
381 3819 1370 3891 nen originell, die Figuren humorvoll-charakte¬
378 3855 1362 3938 ristisch (von Prof. Josef Wackerle) ausgedacht.
386 3893 1366 4005 Man genießt ein Vergnügen von sublimerem
366 3949 1377 4056 Raffinement, als ein großes Theater es zu
386 3980 706 4061 bieten vermag.
1830 1899 2757 1995 Bitte Rückseite beachten!
2441 1982 2907 2078 Telephon 12.801.
2654 2089 2791 2175 44
1957 2166 2728 2255 „UBSERPER
1815 2248 2922 2337 I. österr. behördl. konz. Unternehmen für
2118 2309 2597 2383 Zeitungsausschnitte
1838 2357 2931 2443 Wien, I., Konkordiaplatz 4.
2232 2417 2541 2481 Vertretungen
1810 2454 2921 2524 78 Berlin, Basel, Budapest, Chicago, Cleveland, Christiania,
1823 2497 2919 2561 Genf, Kopenhagen, London, Madrid, Mailand, Minneapolis,
1825 2540 2917 2617 New-Vork, Paris, Rom, San Francisco, Stockholm, St. Peters¬
2213 2581 2550 2645 burg, Toronto.
2057 2620 2683 2693 (Quellenangabe ohne Gewähr).
1820 2679 3000 2787 Ausschnitt aus Deutsches Volksblatt, Wies
2057 2770 2485 2864 13. MRZ. 1911
1822 2810 2014 2887 vom —
1772 2841 2156 2930 Bighenrterenern
1882 2878 2891 2970 * [Die Verjudung der Urania.] Die von der Ge¬
1765 2941 2892 3006 meinde so ausgiebig subventionierte Urania bereitet schon
1777 2982 2884 3075 wieder eine Schuitzler=Premiere vor und wird
1781 3026 2876 3102 am 17. d. M. Schntlers—„Der tapfere Kassian“ als
1786 3073 2913 3154 Puppenspiel zur Aufführung bringen. Das kann doch nicht
1782 3109 2924 3192 in der Abicht der Mitglieder der Gemeindeverwaltung
1759 3163 2881 3250 gelegen sein, die den Bestand der Urania durch hohe Bei¬
1758 3231 2055 3297 träge sichern.
