3436 4384
1157 262 1414 338 Cassi
1701 274 2149 364 box 22/7
236 267 1546 379 17.2 Dertafran
2552 739 2807 817 Seite 197
1504 756 1773 822 URANIA
463 751 648 831 Nr. 12
1664 871 2860 948 herrschaft hatten die Sefawiden ein persisches Groß¬
422 879 1635 956 zu erschließen und Westtibet zu gewinnen, er gelangte
1659 939 2852 1021 reich aufgerichtet. Sultan Selim zog mit 180.000 Mann
426 961 1632 1015 zu den Philippinen und breitete sich auf den Molukken
1661 1016 2791 1074 gegen die Perser. Das erleichterte zeitweilig Europa.
419 1005 1623 1059 aus. In Europa besaß er bereits ganz Südrußland und die
1737 1057 2842 1128 Neue Wechselwirkungen werden durch die Konqui¬
417 1079 1628 1125 Hauptländer der Balkanhalbinsel. Anfang des 16. Jahr¬
1663 1121 2862 1177 stadoren in Afrika und Amerika ausgelöst. Negersklaven
417 1118 1633 1176 hunderts verstärkte er sich durch den Mongoleneinfall
1666 1172 2856 1230 wurden in Portugal und in der Neuen Welt eingeführt
419 1190 1633 1254 in Indien. Bald darnach gewann er von der Bucharei
1666 1232 2861 1290 und bildeten dort bald einen wichtigen Bestandteil der
422 1235 1625 1293 aus Westsibirien, dadurch Europa auch auf der nordöst¬
1663 1297 2859 1360 Bevölkerung. In ganz Amerika wohnen jetzt 20 Mil¬
419 1307 1624 1359 lichen Flanke bedrohend. Jetzt berannten die Türken
1661 1337 2856 1402 lionen Neger. Von den Geschenken der Neuen Welt an
429 1349 1628 1412 noch Otranto, beunruhigten alle Küsten Südeuropas,
1652 1421 2856 1469 die alte sind am wichtigsten zwei: Edelmetalle und land¬
430 1417 1634 1477 dessen westliche Flanke sie von Algier aus in Schach
1667 1478 2862 1538 wirtschaftliche Produkte, wie Kartoffel, Tabak und Mais.
419 1489 1638 1541 hielten, besetzten Ungarn und Rumänien und ver¬
1666 1525 2861 1579 Namentlich durch den Tabak ist die Lebensführung von
426 1527 1627 1580 wüsteten einen Teil der Alpenländer. Mehr noch als zur
1650 1578 2871 1644 Hunderten von Millionen bei Mohammedanern, Christen
422 1589 1631 1653 Zeit Karls des Hammers war das Christentum in
1663 1630 2854 1707 und Buddhisten umgestaltet worden. Auch die Hänge¬
425 1653 1637 1711 Gefahr, zerschmettert und aufgerieben zu werden, dazu
1659 1705 2341 1770 matten stammen aus Amerika.
432 1705 1633 1775 konnte man sehr im Zweifel sein, wo um 1500 die höhere
1739 1755 2873 1822 Auf die Weltpolitik der neuesten Zeit will ich nicht
421 1750 1634 1824 Kultur war, an den prächtigen Höfen ven Stambul und
1669 1808 2856 1876 eingehen. Nur auf zwei mehr kulturelle Wechselwirkun¬
419 1830 1633 1888 Delhi, eder in Madrid und Augsburg. Dergestalt durch
1666 1860 2861 1943 gen möchte ich aufmerksam machen: Dem Einströmen
433 1875 1629 1947 das unerhörte Anwachsen muslimischer Macht an den
1668 1943 2869 1991 des Christentums und parlamentarischer Gedanken aus
430 1942 1637 2005 Rand des Verderbens gebracht und in die äußersten
1675 1985 2883 2067 dem Westen fließt ein Strom indischer Philosophie und
427 1987 1633 2057 Winkel des curasischen Kontinentes zurückgeschoben,
1682 2040 2862 2105 Thicesephie und japanischer Kunst aus dem Osten ent¬
437 2050 1628 2108 fanden die Christen bloß einen Ausweg: das offene
1682 2099 1831 2197 gegen.
438 2103 1633 2184 Weltmeer. Sie umgingen, zur Sec die feste Masse der
422 2168 1648 2243 mohammedanischen Länder und nahmen im Roten und
438 2233 1636 2290 Indischen Meer aufs neue den Kampf mit den Osmanen
1669 2226 2883 2341 Schnitzlers-,,Tapferer Cassian“ auf
438 2278 1636 2338 und Moguls auf. Allmählich in Südafrika und Indien, in
1923 2313 2594 2417 der Puppenbühne.
440 2339 1638 2398 Mombassa, Aden und Ormuzd starke Ferts errichtend,
428 2396 1636 2456 faßten sie den Islam, der in Europa immer noch Fort¬
1779 2394 2757 2483 (Zu den Marionettenspielen in der Wiener Urania.)
437 2429 1655 2523 schritte machte, im Rücken. Zugleich strömten ihnen aus
1750 2465 2876 2523 Nun werden wir sie auf der Puppenbühne sehen, den
427 2517 1643 2583 Peru und Mexiko Milliarden Silbers zu und ward in der
1672 2535 2876 2580 abenteuerlichen Krieger und Rencmmisten Cassian, den
1666 2567 2877 2625 einst so braven Martin, dem eine Tänzerin das Blut heiß
434 2566 1639 2625 Neuen Welt der Grund zu volkreichen Siedlungen gelegt,
1665 2616 2872 2673 gemacht hat, und seine arme Sophie, die verlassene, ver¬
432 2627 1647 2690 zu einem ausgedehnten und mächtigen Neu-Europa, mit
1663 2659 2861 2723 lassende Geliebte. Alles als Marionetten. Sie werden bei¬
437 2684 1642 2741 dessen Hilfe das Christentum den Islam niederzwang und
1675 2711 2862 2768 sammensitzen und Martin wird Abschied nehmen wollen.
438 2747 1649 2801 die Hand zur Weltherrschaft ausstreckte. Seit dem Ende
1679 2768 2874 2817 Sophie wird still weinen. Und doch hört er es, wenn er
1678 2818 2868 2865 auch wegsieht. Er will fort, weit fort, der märchen¬
440 2819 1643 2877 des 16. Jahrhunderts eroberten die Russen Vorderasien.
1679 2855 2882 2911 schönen, grausamen Tänzerin nach, die in Fontainebleau
435 2862 1640 2910 Ein Jahrhundert später begannen sich die Buren am Cap
1666 2899 2872 2972 nachts im Schloßpark vor dem König von Frankreich und
437 2934 1643 2986 auszubreiten, so daß immer neue Bollwerke gegen die
1670 2951 2870 3003 seinen Offizieren ohne Schleier tanzte, die einen Graf
440 2970 1635 3038 Welt Mohammeds erstanden. Durch die übersecische Aus¬
1681 3001 2867 3060 von Leignang zum Fenster in den Hof hinunterwarf, daß
432 3032 1639 3100 dehnung erstarkte dann das Christentum in der alten
1671 3041 2871 3105 die Hunde auf ihn stürzten und ihm ein Ohr auffraßen,
1679 3087 2880 3160 die in Homburg — doch genug von ihrem Ruf. Ja richtig,
431 3091 1647 3168 Heimat so sehr, daß es bald auch in Osteuropa Erfolge
1676 3138 2867 3211 wie hieß sie denn? Elconore Lambriani war ihr Name.
438 3149 1640 3209 gegen die Osmanen erzielen konnte. Die tiefste Wunde
1672 3188 2875 3246 Also ihr will Martin nach. Der Ungetreue, während
443 3210 1643 3270 aber brachte dem Islam seine eigene Uneinigkeit bei.
1666 3247 2883 3296 Sophie so bitterlich weinen wird. In Sophies feinen
442 3257 1646 3325 Schiiten wüteten gegen Sunniten, Mongolen und Tataren
1665 3298 2877 3351 Puppenarmen hat er küssen gelernt, ihr schwor er die
446 3328 905 3404 gegen die Osmanen.
1684 3351 2875 3393 ersten Eide, die Mädchen gerne hören. Den Glühenden.
1680 3388 2876 3445 Eifersüchtigen, Zärtlichen hat er nur gespielt und
526 3392 1643 3466 Während nach der Einnahmne Konstantinopels die
1668 3434 2884 3487 glaubt nun, die hohe Kunst der Liebe zu kennen. Wie
445 3477 1646 3533 Türken in Europa beschäftigt waren, gründete Uzon
1668 3478 2876 3548 sich das doch die Puppen vorstellen? So wie wir
437 3527 1640 3590 Hassan ein Turkmenenreich im Gebiete des Oxus und
1671 3525 2867 3585 Menschen. Eh’ er die Stadt verläßt, will er der Weinen¬
1672 3577 2884 3637 den sagen, daß er sie niemals wiedersehe, und sie wird
438 3590 1647 3642 Euphrat. Er verband sich mit dem Papst, dem König von
1664 3623 2881 3681 darob sterben. Welch ein böses, schwarzes Puppenherz!
447 3639 1649 3714 Neapel und Venedig und suchte Kleinasien zu erobern.
1683 3673 2880 3722 Und die Sophic sagt: -Bist du wieder da, wenn der
437 3689 1651 3769 Dort war sein Freund ein unabhängiger Fürst, Kasim,
1670 3717 2883 3791 Flieder blüht? Es ist nämlich März und auf den Wiesen
446 3768 1641 3826 zu dem noch der Venctianer Mocenigo gestoßen war.
1697 3767 2552 3829 vor der Stadtmauer blühen die Veilchen.
440 3806 1646 3884 Die Schlacht bei Otluk Beli machte jedoch 1472 den
1765 3815 2874 3877 Da kommt Cassian mitten unter die Abschied¬
1678 3866 2886 3930 nehmenden. Er kommmt aus so vielen Abenteuern, daß
437 3874 1645 3940 Plänen der Verbündeten ein Ende. Dagegen scheiterte
1683 3924 2878 3975 ein anderer mehr Mühe hätte, sie zu erfinden, als es ihm
445 3925 1205 3991 ein Osmanenangriff auf Aegypten.
1688 3959 2880 4020 gemacht hat, sie zu bestehen. Nun sitzen sie in ihrer
530 3976 1643 4083 Eine Reihe anderer Unternehmungen gegen mosli¬
1666 4001 2876 4074 Dachkammer beisamnnen. Der komnnende Frühling liegt
1670 4058 2882 4139 ihnen in den Gliedern. Sie spielen und feiern ein Fest zum
444 4083 1644 4133 mische Reiche folgt. Auf den Trümmern der Turkmenen¬
