3392 4320
262 202 1563 308 17.2. Der tanfere Gassian
451 612 1251 793 DTRH
378 751 1531 846 □ l. österr. behördl. konz. Unternehmen für Zeitungs-Ausschnitte
402 850 457 894 6
557 812 1426 914 Wien, I., Concordiaplatz 4.
765 905 1200 973 Vertretungen
371 919 469 985 —
435 954 1522 1058 1 in Berlin, Budapest, Chicago, Christiania, Genf, Kopen¬
371 997 1531 1082 hagen, London, Madrid, Mailand, Minncapolis, Neu-Nekt,
1067 1018 1508 1096 Fmnnefst. FEEIsbINE“
487 1047 816 1124 Paris, Rom, San
799 1047 1203 1155 Wellea ud 6e-Hs
388 1148 887 1229 * Ausschnitt aus:
392 1212 454 1272 15
818 1193 1111 1284 7—ARE 1909
381 1247 631 1340 E vom:
493 1269 1614 1357 (Marionettentheater in der „Fledermaus“
368 1337 1647 1415 Eine künstlerische Wiederhelebung der alten Puppenspiele be¬
378 1387 1647 1468 absichtigt mit seiner Gründung des Marionettentheaters der
386 1425 1659 1518 Münchener Schriftsteller Paul Braun, an dessen Seite# mit ihrer
387 1490 1649 1551 Mitwirkung Künstler wie Jakob Bradl, Ignatius Taschner und
384 1514 1651 1604 Alexander v. Salzmann, von denen die Dekorationen und die Figuren
388 1568 1656 1656 herrühren, stehen. Ihr Repertoire bilden alte und moderne
385 1609 1651 1694 Puppenspiele, Komödien und alte Opern von Pergolese und Jean
390 1663 1648 1748 Jacques Rousseau. Gestern fand die Generalprobe vor einem aus
382 1721 1651 1813 Künstlern, Schriftstellern und Journalisten zusammengesetzten Publikum
399 1769 1656 1836 statt, das im stilvollen Raum der „Fledermaus“ die künstlerische
390 1815 1650 1885 Sensation genoß. Die Spiele, die wir sahen, passen gut in den
397 1859 1657 1943 Rahmen des mit künstlerischem Raffinement ausgestatteten Kabaretts.
398 1908 1658 2000 Mit künstlerischem Raffinement auch wird in diesen Puppenspielen
402 1945 1673 2040 an das naive Empfinden gerührt. Eindrücke aus unserer Jugend¬
402 1990 1663 2084 zeit, in der das Primitivste der Theaterspiele unser Ent¬
405 2082 1670 2146 zücken erregte, werden mit diesen modernen Puppenspielen
397 2112 1663 2199 mit seinen künstlerischen Mitteln wieder erweckt. Das erste
402 2161 1656 2222 der vorgeführten Stücke, Schnitzlers „Tapferer
402 2180 1675 2269 Cassian“, paßt mit seinen tragisch anmutenden Vorgängen
396 2252 1674 2329 nicht recht in dieses Spiel, das auf Naivität, Einfachheit und
407 2311 1666 2386 Humor gestellt werden muß. Die kleine Dichtung ist ein echter
400 2338 1670 2425 Schnitzler, eine der von melancholischer Weisheit erfüllten Dichtungen
408 2411 1671 2469 unseres feinsinnigen Poeten, ein Drama, das von letzten Dingen
399 2444 1667 2516 handelt, von Liebe und Tod, Schmerz und Lust. Von Puppen
403 2498 1666 2563 dargestellt, erhält das Stück etwas Groteskes, ungewollte Komik
405 2544 1676 2615 durch die zappelnden und eckigen Bewegungen der
416 2579 1671 2684 Figuren; gesprochen wurde in trefflich charakterisierender Weise
414 2662 1681 2713 und auch die Bilder waren voll Reiz und anmutiger Stilisierung.
405 2688 1675 2765 Die entsprechendere Marionettenwirkung erzielte jedoch das Zauber¬
414 2730 1686 2809 spiel „Das Eulenschloß“ von Franz v. Pocci, das mit
414 2784 1688 2872 seinen drastischen und drolligen Vorgängen die heiterste Stimmung
425 2832 1680 2907 erregte. Auch hier sind die Figuren und die Interieurs mit großer
420 2893 1682 2963 künstlerischer Feinheit hergestellt und die Charakteristik durch eine
420 2931 1685 3001 markante Nüancierung der Deklamation eine treffliche. Ein wenig,
412 2979 1687 3046 litt jedoch „Das Eulenschloß“ durch die Teilung in vier Akte und
422 3046 855 3119 durch einige Längen.
536 3060 1694 3154 (Ungesundes Blut) und solches, in welchem gewisse
421 3125 1693 3204 notwendige Elemente fehlen, um den Körper aufzubauen und in
420 3172 1683 3255 gutem Zustande zu erhalten, ist die Folge von mangelhafter Er¬
420 3224 1693 3303 nährung, und zwar Störung in der Verdauung und Assimilation.
429 3271 1688 3356 Die Speisen werden, statt in gutes Blut verwandelt zu werden,
420 3325 1696 3408 nur teilweise verdaut und es entstehen Herzklopfen, Nervosität, Kopf¬
424 3358 1702 3437 schmerzen, blasses Aussehen, große Müdigkeit bei der geringsten
437 3421 1697 3506 Anstrengung, Neuralgie 2c. Durch den Gebrauch von Ferro¬
436 3460 1699 3542 manganin wird ein gesunder und normaler Blutzustand ge¬
436 3514 1692 3592 sichert und ernste Krankheiten vermieden. Ferromanganin ist in
436 3576 1028 3649 fast allen Apotheken zu haben.
547 3609 1708 3684 (Das anerkannt beste Bier) ist Spatenbräu; es ist ebenso
426 3675 1701 3738 wohlschmeckend als bekömmlich und nahrhaft. Es ist das Tafelbier des
433 3710 1247 3789 Allerhöchsten Hofes und der feinen Familien.
562 3718 1711 3824 (Unseren ganzseitigen Anzeiger) „Beliebte
1145 3798 1704 3863 Geschäftshäuser“
435 3809 1148 3867 und bewährte Wiener
437 3841 1624 3934 empfehlen wir als wertvollen Wegweiser bei allen Einkäufen.
1720 208 2162 307 box 2277
2499 900 2889 1012 Telephon 12801.
2227 1079 2888 1199 DR SR
1763 1133 1853 1201 *
1870 1130 2219 1228 MInMKLEI
1844 1173 1886 1226 1
1765 1188 1847 1249 4
1773 1159 2903 1293 O l. österr. behördl. konz. Unternehmen für Zeitungs-Ausschnitte
1938 1228 2810 1344 Wien, I., Concordiaplatz 4.
2151 1317 2616 1386 Vertretungen
1768 1338 1858 1408 2
1829 1340 2913 1453 in Berlin, Budapest, Chicago, Christiania, Genf, Kopen¬
1768 1390 2910 1507 hagen, London, Madrid, Mailand, Minneapolis, New- Vork,
1874 1434 2895 1528 Paris, Rom, San Francisco, Stockholm, St. Petersburg.
2180 1492 2580 1574 Quellenangabe ohne Gewähr.)
1786 1549 2266 1650 & Ausschnitt aus:
2334 1563 2895 1669 REICHSPOST, WIEN
1789 1614 1861 1696 2
2070 1631 2354 1720 7- 3. 1918
1801 1685 2019 1746 E vom:
1869 1688 2922 1895 Fheater, Aunst, Musik.
1961 1858 2990 1952 Das Marionettentheiter der Münchener
1795 1920 2973 1999 Künstler. Unsere üherkusthierko Welt verlangt dringend
1800 1967 2987 2051 nach einem Erholunhe#ntttsl'für ihre überreizten, künstle¬
1793 2010 2984 2083 rischen Geschmacksorg## und sucht es, wie mitunter der
1780 2062 2979 2127 übersättigte Gourmans in kräftiger Bauerkost, in der naiven
1789 2095 1989 2151 Kunst. Ab
2038 2109 2971 2175 Rie ##nierten Verdauungskräfte verhindern in
1787 2146 2974 2220 beiden Fällsyin der Regel den Erfolg. Darum ist auch, wie
1787 2193 2978 2246 man bereits heute anläßlich einer Generalprobe in der
1803 2238 2978 2291 „Fledermaus“ bemerken konnte, das Marionettentheater der
1795 2270 2980 2346 Münchener Künstler im Kabarett doch „fehl am Ort“. Ein¬
1789 2312 2980 2394 mal ertönte in der heutigen Generalprobe ein herzhaftes
1788 2366 2975 2426 Gelächter aber der beneidenswerte, fröhliche Lacher war
1784 2412 2959 2485 ein — Kind. Das ist bezeichnend. Naive Kunst setzt eken
1782 2458 2970 2535 eine naive Empfindung voraus; wer den letzten Rest
1785 2488 2962 2553 davon verloren, auf den versagt sie ihre wesentliche Wir¬
1789 2589 2974 2652 kung. Darum ist es schade, daß ihre Kräfte sie in unserem
1782 2626 2978 2709 Falle in einem modernen Kabarett verpufft und nicht dort
1793 2683 2967 2738 ausgenützt werden, wo sie nötig und nützlich wären: vor
1796 2704 2984 2784 dem naiven Volke, das heute mehr denn je nach mühevollem
1799 2766 2987 2832 Tagesringen einer drastisch harmlosen Erheiterung von
1794 2813 2973 2876 künstlerischem Charakter bedürftig ist. Stürme von Heiterkeit
1797 2851 2978 2928 würden die wirklich famosen Marionettendarstellungen der
1804 2902 2986 2974 Münchener mit ihrer derbeu Satire, ihrem kräftigen Humor,
1798 2943 2973 3005 die schon in den Figuren und in den Dekorationen zum
1798 2986 2975 3053 Ausdruck kommen, vor einem besseren Wiener Volkspublikum
1797 3032 2979 3096 erregen. Und darum sollte man sie dort verwerten, wo sie
1794 3089 2975 3138 wirklich ihren vollen Anwert finden, denn sie sind in ihrer
1801 3122 2972 3177 Art einfach unvergleich famos. Zumal: „Das Eulen¬
1797 3165 2977 3215 schloß — ein mit unglaublicher Zauberei vermischtes
1792 3211 2980 3267 Drama von Franz Graf von Pocci“ istechte volkstümliche
1788 3243 2974 3306 humoristische Kunst, die in ihren poetischen Grundzügen an
1799 3300 2978 3353 Ferdinand Raimund erinnert. Und gespielt wird die Ko¬
1800 3334 2980 3407 mödie vorzüglich. Der Kontrast der „hölzernen" Beweglich¬
1792 3383 2977 3444 keit der Marionetten mit der kunstvollen dramatischen
1790 3433 2980 3477 Durchführung des Spieles ergibt einen förmlichen Reigen¬
1796 3478 2956 3527 drastisch belustigender Momente. „Der tapfere Cassian“
1787 3516 2959 3555 von Artur von Schnitzler besitzt allerdings nicht die
1785 3564 2978 3619 gleiche Wirkungskraft, denn ihm fehlt die Ursprünglichkeit
1784 3608 2965 3656 des Humors, und einige erotische Ingredienzien geben ihm
1792 3645 2972 3692 einen fremden Beigeschmack. Die Marionettenfiguren be¬
1797 3685 2968 3737 weisen in erquickender Art daß sie von Künstlern geschaffen
1794 3735 2966 3803 wurden, denen der naive Humor noch nicht ganz abhanden
1795 3778 2087 3855 gekommen ist.
