3392 4256
147 204 1310 324 2. Cuttings box 37/7
1755 1099 2946 1208 " Dur ause geag i## der Late
1816 1170 2948 1246 - viel rascher, als ich es erzählen kann. ... Wir sprangen
659 1183 1770 1279 Leutnant (geht mit schweren Schritten auf und
1724 1215 2958 1301 alle gleich hinzu — aber der Gefangene war schon unten ...
123 1209 601 1318 Franzose, wenn er auch
584 1242 1586 1337 ab). Sind Sie immer noch so ruhig, Feldwebel?
115 1313 2952 1451 er Lampe der Psycho= Von dieser polyphonen Musik kennen wir schon einzelne und Ermüdungen wie die Menschen haben. Aber wenn diese
1758 1371 2949 1431 Zeiten überwunden sind, erleben sie erst ihr eigentliches, viel¬
1771 1410 2952 1484 sagendes Dasein und werden denen „teurer als zuvor, denen
583 1418 779 1499 Motive.
122 1420 603 1500 ten durch die Traum¬
747 1428 1779 1523 Das Motiv von der unentrinnbaren Einsamkeit, in
1773 1453 2964 1532 sie zu entgleiten drohten. Zum drittenmal scheint bei Schnitzkr
127 1470 602 1547 ychologische und dar¬
586 1490 1765 1562 der jede Menschenseele mutterscelenallein lebt, von der Lüge,
1768 1501 2953 1584 dieser Wendepunkt eingetreten zu sein, heute, wo wir erst
122 1518 597 1604 hnitzler) hinabgestiegen
595 1542 1763 1622 die in jedem Liebesverhältnis und in jedem scheinbar zweifel¬
1774 1547 2959 1634 zur Erkenntnis erwachen, wieviel Wertvolles, Lebensfähiges,
134 1575 601 1652 hnitzler dei engere,
593 1588 1771 1672 losesten Gefühle verbörgen ist, von den Gefahren, die die
1778 1594 2956 1670 Schönes in den letzten Jahren zu Grabe gegangen ist
225 1610 594 1698 ärztliche Beruf,
131 1635 244 1695 ete
1767 1639 2959 1709 Sonderbarer Widerspruch, sonderbare Weisheit des Ewigen.
596 1625 1773 1720 endgültigen Bündnisse der Seelen und die menschlichen Be¬
182 1662 596 1734 dichterischen Ent¬
126 1684 205 1746 n
589 1680 1779 1776 ziehungen überhaupt bedrohen, von der erbitterten oder
1777 1679 2965 1763 daß das Untergéhende über seinen Tod hinaus oft lebendiger
141 1709 594 1787 Abspiegelung in der
1776 1737 2967 1808 wirkt als im Leben, daß gerade die höchsten Stunden des
128 1722 1782 1836 mauches seine Wort resignierten Ohnmacht des Alterns, von der Flucht vor der
1783 1772 2981 1858 Daseins den tiefen, innig versunkenen Ausdruck des Todes
599 1771 1784 1857 Verantwortung, vom Ineinanderfließen von Traum und
139 1797 617 1874 kann. Er zeigt in
599 1817 1787 1903 Wachen, Wahn und Wahrheit, vom Puppenspieler des
1777 1808 2986 1903 tragen! Der Dichter des Todes Artur Schnitzler ist, scheint's
125 1844 606 1927 das wurde, was er ist,
1787 1856 2975 1953 mir, lebendizer und zukunftsreicher als so mancher rot¬
606 1867 1783 1950 Lebens, der in seine eigenen Fäden verstrickt wird, von der
137 1897 608 1975 Dichter versteckte. Bis
1789 1907 2977 1995 wangiger Daseinsverherrlicher. Um ein Wort von Thomas
597 1913 1782 2004 so geheimnisreichen, verhängnisvollen Verkettung fremdester
132 1944 606 2027 irt, gehebbelt, französelt.
606 1957 1784 2048 Schicksale miteinander, von der Angst vor dem versäumten
1792 1960 2973 2052 Mann anzuführen, dem Richard Spechts Buch zugeeignet ist:
126 2001 614 2076 ng Spechts, daß man,
596 1996 1799 2082 Leben, von der Angst vor dem Tode. Dies sind nicht Motive
1787 1998 2986 2097 „Das Leben ist oft auf jener Seite, wo im Grunde nur eines
138 2042 615 2116 Gestalten spricht, bis¬
609 2062 1460 2150 einer Generation, sondern ewig gültige.
1786 2060 2263 2163 geliebt wird: der Tod.“
136 2090 604 2173 Hausarzt zu befragen,
703 2093 1793 2199 Man hat gegen den Dichter einzuwenden versucht, daß
133 2131 619 2210 rliche, ja über ihre
612 2145 1800 2249 seine Schöpfungen nicht nur Dokumente eines eng begrenzten
1850 2167 2909 2258 Bacharkas Werner und Frau v. Staöl.
135 2167 616 2262 (Dies, gilt in gleichem
621 2191 1804 2289 Zeitabschnittes seien, sondern auch bloß lokale Bedeutung
130 2233 618 2316 mit dem Dichter redet.)
1985 2230 2784 2334 Ungedruckte Briese Werners.
618 2236 1809 2332 besäßen. Wahr ist, daß er der Dichter, fast möchte man
124 2277 612 2351 tung eines künftigen,
622 2279 1807 2377 sagen, der Enddecker der Wiener Landschaft ist, die wir alle
2025 2298 2744 2393 Mitgeteilt von Dr. Haus Günther.
130 2320 614 2400 tblättert Schnitzler auch
621 2330 1810 2433 seildem unbewußt mit seinen Augen betrachten (so wie Hof¬
1885 2346 2996 2440 Der Todestag Zacharias Werners, der sich eben zum
126 2374 618 2445 nvention, an der unsere
613 2388 1808 2480 mannsthal an einigen erlesenen Prosastellen die Ausseer
1797 2399 3000 2486 hundertsten Male jährt, weckt die Erinnerung an sein be¬
138 2413 626 2494 riffe werden bei ihm
612 2432 1793 2523 Landschaft ins Ideale gesteigert hat), die wir zwischen den
1794 2437 2999 2535 deutendstes, heute leider fast verschollenes Werk: „Die Weihe
130 2456 625 2541 utes“, das „Pathos der
616 2483 1797 2576 Zeilen seiner schmucklosen, edlen Prosa, der irgendeine
1789 2505 2990 2566 der Kcast“, das genialste und bühnentechnisch wirksamste
117 2497 637 2581 it des an seiner Einsam¬
614 2536 1798 2611 magische Beschwörungskraft innewohnen muß, unwillkürlich
1795 2540 2989 2624 LueherTrama, soweit die deutsche Dichtung in Frage kommt.
123 2554 636 2636 üdischen Geistes erblärt
620 2576 1794 2655 schauen und die gleichsam als Luft um seine Gestalten almet.
1802 2593 2990 2666 Seltsamerweie war der Verfasser dieses Dramas innerlich
118 2601 638 2680 hen, Religiösen, Sozialen
125 2620 1810 2729 mmer tieferes Mißtrauen Wahr ist aber auch, daß der Dichter je mehr er sich ins
1797 2644 3000 2722 schon tifer mit jener Macht verwachsen und vertraut, die sein
137 2668 1802 2771 ist ein Vorurteil“, sagt Indwiduelle versenkt, durch um so allgemeinere Gesetze be¬
1808 2677 2997 2768 Held, der große Retigionsreformator, so flammend bekämpfte.
627 2714 1809 2803 lohnt wird, daß ein Homer Griechen und ein Shakespeare
1809 2740 3004 2819 Drei Jahre nach diesem Werk — und Werner war in Rom,
121 2747 640 2822 gt. Es ist, als ob der
119 2772 1164 2866 wiegen, sich erst sammelte, Engländer geschildert hat.
1800 2792 3029 2870 wo er, nach wenigen Monaten (im April 1810), zum Katholt.
720 2804 1819 2886 Mit Recht weist Specht darauf hin, daß auch Dich¬
126 2841 649 2928 n Worten ist, die wahren
128 2848 2366 2975 #schheit zu verkündigen, tungen Krankheitsperioden erleiden, ihre Vereinsamungen zieus übertrot.328
