3344 4256
839 174 1311 270 box 37/7
142 177 816 281 2. Cuttings
611 852 3343 1110 2. Beiblatt des 8 Uhr-Hbendblatt der National-Zeitu
499 1036 1716 1237 der Gesellschaftsroman Arthur Schnitzlers.
1727 1144 2927 1247 zu den Menschen. Deshalb das skeptische Lächeln, das er ihnen
2941 1178 3321 1263 die Höhe. Aus Psych
1046 1202 1174 1263 Von
1727 1168 2936 1287 gern mitgibt. Darum ist seine Kunst sehr demokratisch, ganz im
2929 1236 3322 1304 mittslbares; diese 8#
1731 1228 2931 1325 Gegensatz zu den anderen Vertretern des Oesterreichischen: v. Hof¬
878 1231 1321 1329 Kasimir Edschmid.
2934 1278 3319 1344 klug und geistreich,
1722 1266 2918 1372 mannsthal. Dennoch ist er voll Reserve, selbst in der Opposition,
541 1290 1710 1395 Der Stil, in dem um die Jahrhundertwende geschrieben wurde
2930 1317 3329 1388 wird nicht ganz rei
1723 1316 2929 1427 selbst im Angriff. Das macht die Tcadition und der Boden.
483 1328 1706 1445 und den man mit Vorliebe den impressionistischen nennt, war nicht
2933 1357 3326 1426 sie auch nicht. Sie
1717 1357 2927 1455 Schließlich ist seine künstlerische Gesinnung ohne Wechsel, ohne
489 1381 1714 1473 der Fresko=Stil, in dem, gleich Rubens und Tiepolo, die großen
1701 1391 2303 1465 Tadel, von absolutem Anstand.
2936 1405 3332 1471 portion. In klugem
494 1413 1707 1521 Romane der Weltliteratur geschrieben wurden. Das Tempo dieser
2946 1448 3335 1513 Gebiets kommt ihrn
1764 1449 2931 1539 Die Technik dieser Schreibweise war zeitweise die durchgängige.
489 1457 1705 1566 Bücher war bedacht und elegant. Die Stimmungen waren hinein¬
2936 1496 3317 1549 Anstend und voll
1726 1481 2917 1572 Schnitzler scheint heute ihr gesündester Vertreter. Doch liegt im
482 1505 1704 1591 getüpfelt, die Bücher bestanden mehr aus Atmosphäre als aus Archi¬
2926 1533 3336 1597 Daß ihr letzte Größ
1715 1523 2932 1627 psychologischen Sezieren die Grenze dieser Kunst von vornherein.
483 1545 1710 1644 tektur. Der lyrische Einschlag war unverkennbar vor den dramati¬
2934 1569 3319 1640 gerichtet, sich selbst z
1716 1565 2926 1665 Sie ist Kunst wie jede, beschränkt wie jede. Weniger in Breite und
482 1584 1705 1688 schen getreten. Die Meister dieser Schreibart waren die Skandina¬
2928 1608 3327 1673 rechtigkeit vor ihrer
1721 1611 3332 1727 Stoffgebiet, Davon hat sie mehr als andere. Die Grenze geht in  Spiegel. Das ist ger
476 1635 1706 1726 ven, der Däne Jacobsen und Bang, der Schwede Geijerstam, der
480 1664 1709 1789 Norweger Hamsun. In Deutschland vertrat diesen Stil am meister¬
474 1706 1708 1814 lichsten Graf Eduard Keyserling. Ein Schüler Hamsuns, Bernhard!
469 1749 1702 1849 Kellermann, dessen Romane viel gelesen wurden, und dessen techni¬
468 1790 1698 1896 scher Roman „Der Tunnel“ einen Welterfolg erreichte, war ein
468 1834 1709 1936 Nachahmer der nordischen Allüren, wohei man zugeben darf, daß er
461 1870 1695 1985 der deutschen Prosa seiner Zeit Geschmeidigkeit und Tempo zu geben
454 1923 1700 2013 verstand. Die Romanversuche des verstorbenen Bruders von
471 1963 1701 2079 Gerhart Hauptmann (Carl) waren Hilflosigkeiten von dem rühren¬
457 1993 1697 2107 den Zauber, den nur ein voll Visionen lebender, aber undisplinierter
464 2034 1697 2141 deutscher Autor hat. Mittlerweile hatte sich im Süden eine Roman¬
462 2079 1693 2192 form ausgebildet, die halb enigonal und halb neu war. Vor allem
446 2132 1692 2222 war sie Gesellschaftsliteratur, indem sie nicht irgendwelche gleich¬
455 2168 1694 2247 gültige Probleme schilderte, sondern tatsächlich die österreichische
1728 2201 1807 2266 W
456 2212 1682 2306 Nation schilderte. Es mag sein und ist wahrscheinlich, daß sie das
1689 2239 1865 2310 zurücks
445 2255 1682 2350 nicht beabsichtigte, denn im Vordergrund dieser Schule stand das
1689 2298 1855 2358 schmack
445 2295 1682 2393 Bemühen, das Denken der Menschen bloßzulegen, aher nicht, wie
1680 2336 1850 2398 man s#
451 2339 1678 2424 Benjamin Constant und Stendhal, die großen Gründer und Vollender
1681 2378 1875 2437 brachen
441 2372 1678 2473 des psychologischen Romans, es taten, indem sie titanische Welt¬
1682 2425 1866 2479 Lutheri
441 2419 1665 2515 gebäude über diese Untersuchungen aufbauten, sondern die Wiener
1679 2459 1873 2521 lebende
441 2459 1677 2557 Schule ging der Entblätterung der Seelenvorgänge mit fast medi¬
1677 2504 1868 2569 worauf
447 2502 1667 2605 zinischer Neugier nach. Man legte mit Pinzetten die Seele ausein¬
1673 2549 1868 2612 selbst ve
438 2536 1667 2626 ander, ohne dabei dämonisch wie Dostojewfki oder von dem unsterb¬
1677 2591 1891 2666 briet, u
444 2591 1668 2688 lichen Feuer d'Annunzios zu sein. Man verfügte nämlich über soviel
436 2624 1675 2709 Anmut, daß diese Spielart der Literatur halb medizinische Analyse
439 2671 1662 2764 und halb Maupassant wurde. Sie wurde die Literatur jener Typen,
1678 2692 1876 2768 muß m
426 2713 1665 2806 die das Wien vor dem Weltkrieg darstellen, genau wie man bei
1674 2747 1868 2812 gewisse
431 2748 1661 2853 Musset die seines Frankreichs sehen kann. Der Ton ist leicht lyrisch,
1666 2800 1862 2852 Der fra¬
428 2809 1661 2902 ja melancholisch bei aller Lebenslust. Bei Hugo von Hofmannsthal
1672 2837 1880 2895 verwund
436 2833 1648 2933 erreicht er fast die prinzenhafte Grazie Alfred de Musses. Die Schule
1662 2869 1870 2939 und bei
433 2873 1652 2975 ist recht ausgedehnt und ging von dem besten deutschen Kriminal¬
1665 2917 1868 2981 er sie st
436 2923 1653 3012 schriftsteller Otto Soyka über Felix Salten, Paul Zifferer, Sil Vara
1669 2952 1859 3027 zug vor
430 2954 1656 3043 bis zu Hermann Bahr, dessen Lustsipele ebenso wie die Schnitzlers in
1699 3001 1861 3070 Leide
428 2997 1647 3088 der ganzen Welt gespielt wurden, obwohl ihre Anmut größer ist als
1658 3025 1855 3102 Eigenar
429 3044 1655 3147 ihr Gehalt. Der typischste Vertreter ist der ehemalige Arzt
1658 3083 1848 3155 Kultur,
418 3077 1658 3179 Arthur Schnitzler, der im Jahre 1922 ein Sechziger wurde, und
1663 3131 1850 3186 fluß.
419 3111 1652 3225 dessen Novellen sowie sein dramatischer Zyklus „Anatol“ nach der
1661 3165 1850 3237 Ludwigs
411 3149 1638 3260 Revolution schon wie Denkmäler einer verflossenen Periode wirken.
1660 3213 1875 3270 Reize, die
471 3201 1647 3310 Man wird später, wenn die Hüllen der Zeit fallen, sagen: das ist
1651 3247 1877 3321 genen St
423 3243 1647 3343 das Oesterreich jener Zeit, weniger vielleicht das Kolorit als: die
1660 3300 1873 3355 selbst ent
415 3297 1648 3404 Herzen. Das ist die Dunstschicht jener Leben, jenes Erlebens. In
1654 3338 1863 3397 Mahlzeit
403 3353 1489 3425 diesem Sinne wird Schnitzler für Oesterreich repräsentativ.
1654 3378 1877 3439 großen T
477 3390 1647 3457 Es schadet nichts, wenn, anknüpfend daran, das Urteil nach
1653 3421 1883 3485 Paionne
409 3416 1638 3500 dem Wert dieser Lebensepoche gefällt wird. Das ist nun einmal
1644 3460 1870 3523 karten de
409 3460 1635 3553 diese Zeit, die er gibt. Er ist ihr Dichter, dessen Atem mit dem
1646 3509 1883 3568 wenig übe
413 3510 1630 3604 ihren schwingt. Schnitzler wird Vertreter einer Zeitkultur. Die
1649 3548 1882 3608 alles in ei
415 3551 1634 3636 Frage nach seinem Wert fällt nur mit dem den Zeit. Man ist im
1647 3590 1888 3646 einem Din
397 3594 1641 3680 preußischen Deutschlund leicht geneigt, diese Zeit einer sogenannten
1648 3630 1886 3697 suppen, Re
412 3639 1641 3723 „eisernen“ gegenüber zu unterschätzen. Man vergißt, daß hier eine
1645 3673 1874 3732 brust, Br.
409 3674 1628 3763 Tradition lebt, nach der wir stets noch streben müssen. Dies wird
1641 3712 1874 3780 junge Hüh
407 3724 1630 3804 wohl erst später aufgehen. Aber dennoch: diese Tatsache kann
1644 3758 1881 3824 braten, Fe
411 3762 1624 3834 nicht darüber täuschen, daß, was den Atem, die Kraft, die Größe
1647 3803 1874 3858 Rindfleisch
409 3797 1504 3879 anlangt, diese österreichische Kunst uns oft schwach scheint.
1500 3829 1625 3890 Daß
1643 3836 1874 3903 Kalbskalda
404 3837 1505 3928 wir spüren, viele dieser Gefühle kämen aus zweiter Hand,
1502 3869 1627 3930 schon
1636 3885 1873 3949 Und auch i
407 3882 1630 3972 einmal gefühlt und weitergegeben. Daß der Lebensrhythmus dieser
1641 3927 1866 3994 Gängen be
410 3927 1627 4027 Arbeiten, dessen Zärtlichkeit und schöne Farbe uns bezaubert, nicht
1638 3959 1868 4035 hielt. Das
399 3963 1619 4056 rasch und tief ins Herz stoße, daß er die schöne Oberfläche gebe
1642 3994 1872 4065 Huhn, das
404 4008 1620 4110 mit dem schönen Herzen, daß wir beides aber oft zu unterscheiden
1637 4038 1868 4111 Hühnerbrü
406 4051 1356 4124 nicht in der Lage seien. Dennoch aber: ein Werk.
1723 4098 1794 4156 K
