3344 4256
119 195 1286 316 2. Guttings box 37/7
1743 492 3122 605 S lo als Minbesmülter eine Hilfe und eine Stütze den Scho
589 531 1872 613 2, der sie obih seldst mitleidende Zeugin des Unheiles gewesen!
2874 563 3117 640 über. Wi
483 595 1692 659 besen, das einst ihre Schwiegermutter, die überall mitredende
1764 618 3117 679 Erschiene es demnach, zumindest rückblickend, in heutiger Notwendi
419 637 3095 706 herrschsüchtige Erzherzogin Sophie angerichtet! Nichts lag Elisabeth Betrachtung für vorteilhafter, angezeigter und besser, wenn ohne ein
670 708 1178 773 —
1656 696 3112 786 Kaiserin Elisabeth andere Bahnen eingeschlagen hätte? Diesedarauf so
434 737 3096 811 Schnitzlers persönliche Erscheinung war troß seiner mittleren Frage läßt sich nicht leicht beantworten; gewiß würde es aber werden,
2878 806 3122 869 Bibliothei
433 815 2507 849 Statur eine blendende. Von strahlender Jugendlichkeit hatte schwer fallen, sie ehne weiteres zu bejahen.
426 846 1682 913 seine Physiognomie schon die reise Prägung des Denkers und
1762 830 3095 923 Denn, als achtzehn Jahre nach Elisabeths Tode sich endlich nämlich
424 899 1683 969 Poeten. Ein Künstlerkopf, der an Daudet ein wenig erinnerte.
1664 897 3057 970 auf dem Habsburgerihron eine Nachfolgerin für sie fand, kounte thekar
419 946 1678 1021 Ueber eine marmorweiße, schön geformte Stirn fiel etwas wirr
1671 950 3121 1006 es dem objektiven Beobachter schon nach kurzer Zeit nichtsund wä
415 976 1677 1043 die rötlich gekönte Locke. Männlich im Auftreten, war in
1663 992 3113 1052 vorenthalten bleiben, daß zwar auch letztere im Wesen nichts Oesterreic
418 1039 3110 1111 seinen reich modellierten Zügen ein gewisser semininer Einschlag. anderes als die gleichen Pfade wandelte, wie einst Elisabeth, theoretisie
429 1083 1668 1160 Die Kleidung von einfacher Vornehmheit, manchmal ein wenig
1670 1085 3110 1155 aber doch in diesen auf ganz entgegengesetzte Weiso austrat. Das Wissensch
427 1125 1663 1191 nachlässig. Er wirkte faszinierend durch seine Liebenswürdigkeit,
1667 1135 3114 1193 mag allerdings in erster Linie mit dem lebhafteren, in der süd= stimmung
422 1183 1671 1242 durch bescheidenes Wesen, zartesten Takt. Faszinierend war auch
1657 1182 3113 1252 lichen Abstammung der jungen Kaiserin Zita begründeten und akad
414 1225 3119 1292 das Auge, der durchdringende Blick des Arztes. Manchmal setzte Temperament zu erklären sein, dann auch in ihrer leuchtenderen Bibliothe
428 1280 3113 1347 er sich an das Pianino und mächtig erklangen die Tristan=Weisen Intelligenz und schließlich und endlich in der größeren Freiheit, sraubte. 2#
421 1320 3117 1374 bei einer vollen Tongebung des gebornen Dramatikers. Es gab die ihr das doch etwas moderner gewordene Milieuzur Univ
419 1374 3101 1444 auch gelegentliche gemeinsame Ausflüge in den Wurstelprater, wo der kaiserlichen Familie gewährte. Elisabeth und Zita Er wurd
414 1412 1667 1485 Bude um Bude aufgesucht wurde: Rutschbahnen, Karussells,
1671 1411 3117 1488 wollten zweifellos beide dasselbe, nämlich mit allen Kräften für ein Lebei
416 1465 1669 1548 Riesendamen und wo es zu den heitersten und groteskesten Szenen
1658 1473 3094 1527 das Glück des Gatten und ihrer Kinder sowie für das Wohl=war vor
425 1521 1437 1589 kam. Man war eben jung, trotz der Dekadenzgeste.
1654 1518 3110 1582 ergehen der Völker des Habsburgerreiches einzustehen. Daran in Fühli
537 1565 3105 1628 Schnitzlers Berühmtheit stieg dann jäh auf, wie die Hof= läßt sich nicht deuten und nicht mäkeln. Der grundlegende Unter-trieb sein
421 1605 3113 1679 mannsthals. Man war zuerst ein enger Kreis, eine Gruppe, die schied zwischen beiden Herrschersfrauen liegt einzig und allein in lbesonders
419 1658 3105 1726 sich allmählich auflöste und jeder seinen eigenen Weg ging. Die dem Umstand, daß Zita, im Gegensatz zu Elisabeth, für die Er¬ merksamk
419 1705 2905 1749 intimsten Freunde blieben beisammen. Hofmannsthal, der als reichung des obgedachten Zieles offenkundig, mit augenfälligem
2885 1715 3112 1775 Novellen
419 1748 3111 1819 17jähriger Gymnasiast noch schmal, emporgeschossen als Loris seine Einsatz ihrer Person eintrat, in der vorbehaltslosen Ueberzeugung, ser gründ.
416 1801 3084 1846 ersten bezauberten kleinen Versdramen veröffentlichte und als daß der herzensgute, nur von den lautersten und allerbesten Ab- sanderer?
412 1844 3087 1921 literarisches Wunderkind galt, zog als erfolgreicher Dramatiker in sichten beseelle Exkaiser Karl damit und darin — wie es ja auch Georg K
422 1895 3091 1962 sein Rodauner Wunderschlößchen aus der Maria Theresia=Zeit, wos saktisch der Fall gewesen — die willkommenste, ja für ihn viel= Politik,
409 1958 3092 2002 er noch heute haust. Schnitzler wohnte noch in seinem Elternhause leicht unentbehrliche Hilfe und Unterstützung fände. Der „Genius hielt uns
421 2008 3106 2053 in der Frankgasse mit der zärtlich geliebten Mutter und seiner der Kaiserin“, bei Elisabeth nur einzelnen in langem Zuge der liche oden
1658 2045 3094 2109 Wahrnehmungen und Erfahrungen und auch da mehr oder weniger eingegan
413 2037 1672 2092 Schwester. Hier suchte ich ihn zu einem stillen Plauder¬
419 2090 1668 2154 stündchen zuweilen auf. Der reifere Mann hatte noch nichts
1656 2088 3116 2161 bloß gefühlsmäßig erkennbar, wurde bei Zita bald der eine and
413 2126 3098 2203 von seiner Jugendlichkeit und seinem Charme eingebüßt. uneingeschränktesten Allgemeinheit in scharsumrissenen Formen ge=literazisen
405 2196 1678 2254 Damals entstanden die „Reigen“=Szenen, die als Privat¬
1658 2179 3111 2266 läufig; zuerst nur als blaßfärbig verschwommenes Phantom, betrachte
406 2222 3072 2297 druck für die Freunde herauskamen. Er hatte eine Scheu späterhin, als des Kaisers Karl Regierungshandlungen nicht von Redner
405 2261 3091 2348 davor, sie einer weitern Oeffentlichkeit zu übergeben, da Erfolgen begleitet erschienen, als lastendes Alpdrücken und nach ladungen
406 2322 1662 2402 man, wie er damals meinte, mit derlei Dingen leicht ins Porno¬
1662 2319 3081 2389 und nach sogar als dräuendes Gespenst. Da begann auf einmals es ihm
418 2376 1671 2435 graphenschubfach gebracht werden kann. Er schämt sich dieser geist¬
1658 2379 3074 2439 die öffentliche Meinung, ohne sich viel auf die gewissenhafte Politik
419 2423 1662 2481 voll kecken Skizzen wohl nicht, wußte aber, daß man sie leicht
1660 2425 3083 2485 Prüfung der Einzeltatsachen einzulassen, für alles Mißgeschick —Herz ein
405 2466 1668 2531 mißdeuten könnte, und so verschmähte er lange den Erfolg, der sich
1656 2468 3075 2533 und dessen hat es leider während des unglücklichen Kaisers Karli Manne##
405 2502 1681 2574 mit Sicherheit voraussehen ließ. Diese leichter geschürzten ilder
1666 2519 3079 2582 kurzer Regierungszeit mehr als genug gegeben — die junge Ausblich
407 2568 1664 2636 eines ironischen Erotikers, die wahrscheinlich von den „Contes
1664 2570 3094 2637 Kaiserin verantwortlich zu machen. Kein Wunder, daß es darauf- ganz n#
415 2605 3087 2682 drolatiques“ Balzacs angeregt wurden, paßten auch kaum zu hin nicht mehr lange währte und Kaiserin Zia nicht bloß ihre ins Pas
407 2647 1512 2724 dem grüblerischen, fast schwermütigen Wesen Schnitzlers.
1649 2662 3095 2733 eigene Volkstümlichkeit eingebüßt hat, sondern auch jene des ktarischen
534 2695 1666 2775 Wie in früheren Jahren sah ich ihn stets in Begleitung
1667 2708 3080 2775 mit den schwersten und gefährlichsten inner- und außenpolitischen die im
407 2761 1670 2818 eines Freundes, zu dem er wie in einem unlösbaren Verhältnis
1663 2755 3086 2829 Krisen inmitten der Greuel des Weltkrieges einen übermenschlichenksich Her
405 2795 3090 2879 noch jetzt sieht. Es war ein äußerst eleganter Herr mit der Kampf führenden Gemahls vollständig untergraben sah und dann #
416 2854 1672 2911 Gardenia im Knopfloch, ein heimlicher Poet und sprühend geist¬
1657 2854 2018 2934 all das nur
2025 2852 3067 2919 deswegen, weil Zita bei ihren Be¬ früher
401 2904 1667 2958 voller Konversationskünstler, der hinter einer leichten Reserviertheit
1668 2906 1898 2973 strebungen,
1920 2900 3079 2977 die durchweg nur dem Heile und Besten er auch
399 2957 1668 3011 das gütigste Herz und das zarteste Empfinden verbarg. Er hatte
1668 2948 3081 3012 ihrer Landeskinder selbstlos und opferfreudig gewidmet schauplä¬
412 2994 1665 3063 ein schmales Novellenbändchen dann veröffentlicht, das den
1663 3000 3082 3077 waren, nicht von dem im menschlichen Leben, im Großen und im deutscher
405 3053 1678 3113 Kennern noch jetzt unvergeßlich ist. Auch sein Name ist späterhin
1665 3045 3067 3115 Kleinen, ausschlaggebendsten Faktor, dem Glücke, begleitet wurde. ihn neu
414 3098 1667 3175 berühmt geworden als Dichter des „Charolais“ und von „Jaakobs
1659 3081 3078 3161 Denn es ist einwandfrei erwiesen, daß die hochbegabte Exkaiserin und auf
400 3150 1079 3218 Traum": Richard Beer=Hofmann.
1646 3131 3082 3221 Zita mit ihrem natürlichen durchdringenden und von einer er= die eine
534 3180 3066 3250 Stunden intimer Aussprache über sein Denken und Schaffen, lesenen Bildung geschärften Verstand gleich nach ihres Gatten Er such
410 3231 3062 3291 sein Verhältnis zu den Zeitproblemen verbrachte ich mit Schnitzler Thronbesteigung erkannte, es sei die vom Sturmestosen des schrieb
407 3273 3069 3346 in seinem Heim in der Steinwartestraße und oft weilte unsere titanischen Weltenringens bereits in den Grundfesten erschütterte in den
411 3330 3069 3397 Erinnerung in jenen jungen Tagen, in denen eine neue öster= Donaumonarchie einzig und allein nur durch einen raschen Friedens=wandelt
409 3385 2890 3445 reichische Literatur nach dem Epigonentum und inmitten der schluß zu retten. Diesem setzten sich jedoch von vornherein unge¬
2881 3381 3085 3462 die den
403 3433 2898 3498 naturalistischen Entartung geschaffen wurde, deren dominierende heure, mit offiziellen Mitteln möglicherweise gar nicht zu üher¬
410 3468 1259 3560 Erscheinung Artur Schnitzler noch jetzt ist.
1638 3455 3080 3562 windende Hindernisse entgegen, und trachtete nun Zita — was ihr folgen 1#
2713 4081 3034 4157 G
