3344 4256
722 75 1624 133 von 51,434.981 Kronen aus, es wird somn
1632 85 2526 144 treiben. Durch ein paar mit seiner seinen
715 119 1621 171 mit einem Ertrage von 70,565.019 Kronen
1633 123 2525 195 Künstlerhand hingeworfene Striche steht die
720 166 1604 205 arbeiten, was eine Ertragssteigerung im Be¬
1624 166 2525 229 gegenseitige Bedingtheit von Körper und Seele
712 201 1618 266 trage von 36,452.419 Kronen im Vergleiche
1630 206 2521 282 klar vor uns. Er weiß u. a. auch: „Wenn die
718 241 1430 299 zum Vorjahre bedeuten wurde.
1488 249 1615 304 Das
1628 248 2530 320 Scelen sich allzugut verstehen, so reißen sie
711 278 1607 344 Bankamt gehört zu jenen Betrieben, die
1625 305 2526 347 allmählich auch das mit, was man gern be¬
709 330 1613 389 ihren Voranschlag mit besonderen Rechnungs¬
1624 333 2516 400 wahren möchte: und wenn die Sinne zu ein¬
706 368 1617 425 abschlüssen belegen werden müssen. Wenn
1624 383 2528 443 ander fließen. so gleitet mehr von der Seele
716 403 1603 469 dies gesche#n wird, dann wird man feststellen
1632 424 2529 491 nach, als wir ihnen gerade nachsenden woll¬
704 450 1612 512 können, daß dieser „Betrieb“ nicht nur
1623 469 2525 527 ten. Er spricht davon als von einem „ewigen
705 480 1604 555 keine Erträge, sondern große Ver¬
1625 504 2526 570 Gesetz, das die tiefe Unsicherheit aller irdischen
709 529 1603 595 luste aufweisen wird. Wenn auch einige
1629 548 2526 619 Beziehungen zwischen Mann und Weib ver¬
706 563 1600 641 Abteilungen des Bankamtes mit Gewinn
1635 590 2527 653 schuldet". Und meint: „Nur wer es nicht
711 615 1605 683 arbeiten, so wird doch die Devisenabtei¬
1630 631 2469 704 kennt, vertraut den andern und sich selbst.“
718 658 1605 723 lung bedeutende Abschreibungen in ihren
1677 686 2516 743 Ein dichterischer Hellfkher ist Arthur
708 692 835 758 Bese
856 704 1600 763 #n an fremden Zahlungsmitteln vor¬
1625 707 2519 780 Schnitzler im „Weiten Land“, im weiten
710 753 1604 809 nehmen müssen, Abschreibungen, die die an¬
1629 768 2525 815 Land der Seele, ob er uns als Epiker die Tie¬
707 787 1608 843 deren Gewinne übersteigen werden, denn die
1628 812 2515 875 feneinsamkeit der Kreatur in Leben und
710 824 1604 888 Tevisenbestände des Bankamtes sind zum Ein¬
1626 856 2510 914 „Sterben“ fühlen läßt, ob er uns als Drama¬
706 871 1600 929 kaufspreise eingesetzt, dieser liegt aber heute
1626 903 2513 951 tiker die „Komödie der Worte“ und ihre
701 910 1595 980 dank der samosen Kurspolitik der
1624 937 2511 988 Tragikomödic enthüllt. Eine leise, gedämpfte
701 951 1600 1020 Finanzverwaltung weit über dem tatsäch¬
1623 985 2501 1033 Vornehmheit erhöht die Eindringlichkeit sei¬
705 992 1597 1066 lichen Kurswert. Auch die staatlichen
1623 1012 2518 1088 ner dichterisch=psychologischen Offenberungen.
705 1035 1592 1097 Betriebe verspüren die Segnungen der Kro¬
1680 1076 2512 1134 Wir freuen uns von Herzen einer Stunde
704 1086 1588 1133 nen=Steigung, doch diese haben die Möglich¬
1621 1113 2518 1178 der Einkehr bei seiner stillen Muse in einer
696 1126 1590 1181 keit, ihre Verluste auf die Staatsbürger
1618 1162 2510 1224 lauten Zeit, die uns für ihre Feingespinste lei¬
699 1162 1591 1225 abzuwälzen, ein Vorteil, der der Privat¬
1619 1206 2502 1282 der nur selten die genießerische Muße schenkt.
704 1208 1593 1283 wirtschaft bekanntlich nicht zur Verfügung
710 1247 855 1307 steht.
2293 1250 2478 1322 H. Sch.
769 1272 1606 1346 * (Sterbesall.) In Niemes ist am
1679 1314 2508 1387 (Vorlesung Arthur Schnitzler) heut 8 Uhr
689 1316 1595 1392 31. Oktober abends Herr Ludwig Schicke¬
1612 1372 2502 1451 abends im „Volksgarten“. Karten zu 6, 10,
688 1369 1592 1439 tanz, Seniorchef der Tuchfabriksfirma „An¬
1617 1414 2178 1469 15, 20 K an der Abendkasse.
698 1429 1588 1484 ton Schicketanz Söhne“ in Niemes und Groß¬
688 1451 1601 1521 Grünau, nach längerer Krankheit verschieden.
697 1498 1592 1573 Der Verblichene, der nach Absolvierung der
1606 1481 2501 1613 Gebrauchte Schreibmaschinen
688 1554 1582 1603 Realschule in Leipa in das Geschäft seines
1601 1596 2500 1661 ANTON T. KLAUS, Reidienberg. Schützengasse Nr. 14
697 1590 1597 1655 Vaters eintrat, war eine allgemein geachtete
694 1621 1593 1699 und beliebte Persönlichkeit. Er bekleidete
692 1669 1589 1734 durch eine Reihe von Jahren das Amt eines
1715 1660 2401 1757 Turnen, Sport und Spiel.
692 1718 1595 1775 Obmannes der Bezirksvertretung Niemes
1679 1747 2485 1810 (Prager Fußball.) D. J.=K. Prag verlor
685 1743 1596 1825 und war als nationalgesinnter deutscher
1608 1796 2497 1853 gestern gegen Wrschowitz 2:3 (1:1). Der
691 1797 1580 1850 Mann immer am Platze, wenn es galt, natio¬
1602 1832 2496 1876 D. F.=K. stellte seine derzeit stärkste Mannschaft,
692 1849 1584 1909 nale und humanitäre Bestrebungen seiner
1614 1870 2496 1929 spielte jedoch zeitweise sehr schlecht. — Slavia
681 1886 1586 1945 Vaterstadt und des Bezirkes Niemes zu för¬
1614 1904 2479 1965 schlug Viktoria Zizkow 4:1. Das Nach¬
677 1921 1588 1994 dern. Die Einäscherung seiner sterblichen
1614 1945 2477 2000 spiel (Pokal) wurde beim Stande 3:1 für
675 1974 1579 2037 Hülle findet Freitag nachmittags 4 Uhr in
1604 1979 2484 2038 Slavia angepfiffen und dauerte 30 Minuten.
674 2014 1375 2077 der Reichenberger Feuerhalle statt.
1604 2013 2493 2070 In der 4. Minute erzielte Stapl den vierten
1605 2063 2489 2113 Treffer. In dem folgenden Freundschaftsspiele,
803 2047 1581 2123 (Feuerhalle Reichenberg.) Im Monate
1599 2107 2474 2146 zweimal 30 Minuten, siegte Slavia 3:1 (1:1).
681 2080 1576 2162 Oktober fanden 37 Einäscherungen statt. Ein¬
1595 2137 2479 2192 Viktoria mit Ersatz. — Sparta gegen Me¬
679 2144 1576 2208 segnungen mit Trauerfeier 26, Trauerfeiern
1606 2175 2474 2230 teor VIII 6 :2 (3:1). Meisterschaft. Sparta
2494 2166 2603 2244 ger
683 2187 1584 2254 ohne Einsegnung 6. Die Einäscherungen be¬
1591 2216 2485 2256 gewinnt durch diesen Sieg unbeschadet des Aus¬
672 2225 1587 2279 trafen 17 Fälle aus Reichenberg, 10 Fälle
1606 2259 2486 2322 ganges des noch ausstehenden Spieles Sparta
677 2277 1581 2334 aus Deutschböhmen, 4 Fälle aus der übrigen
1607 2292 2262 2349 gegen Wrschowitz die Meisterschaft.
673 2310 1582 2365 Republik. Von den Eingeäscherten waren
2475 2315 2605 2383 Da
1670 2321 2483 2394 (Rennen zu Pardubitz.) Bei gutem Wetter
676 2354 1573 2416 20 Männer, 17 Frauen, 29 katholisch, 5 evan¬
1593 2371 2475 2436 und ebensolchem Besuch wurde gestern in Pardu¬
673 2392 1567 2473 gelisch, 1 mosaisch und 2 sonstigen Bekennt¬
1593 2405 2475 2470 bitz das diesjährige Steepler=Derby ausgetra¬
678 2439 832 2504 nisses.
2504 2426 2594 2501 bei
1597 2446 2024 2504 gen. Ergebnisse:
2015 2453 2088 2499 I.
2076 2447 2467 2506 Herrenreiten.
1583 2486 2475 2553 7250 K, 2400 Meter. Nora (E. Mauve) Besitzer 1.,
792 2469 1564 2555 (Für den Kraftlöschzug) der Freiwil¬
1589 2518 2479 2587 Tosca (H. Kasalicky) Oblt. Popler 2., Tatika
670 2521 1571 2597 ligen Feuerwehr spendete „. Riedl, General¬
1598 2558 2468 2611 (O'Patrick) Lt. Stateöny 3., Popancz (Stall
681 2579 1554 2651 repräsentant der „Primus“ und „Imago“
2488 2480 2605 2642 5
1582 2595 2474 2674 Max) Hr. Benies 4. Sechs liefen. Leicht 5 L.,
680 2610 1325 2686 Handfeuerlösch=Apparate 300 K.
2486 2628 2607 2681 me
1645 2638 2470 2683 L. Toto, 66 : 20. Pl.: 40, 34 : 20. — II. Ku¬
1587 2679 2462 2730 netitzer. Handikap. 14.500 K, 1600 Meter.
2551 2684 2602 2768 5
1588 2719 2463 2772 Ekkehard (Sill Kary) J. Gutmann 1., Eclatant
674 2716 1566 2822 Schrifttum, Kunst und Wissenschaft.
2531 2747 2590 2808 e.
1592 2756 2469 2820 (H. J. Cifta Tuß 2., Lissy (Jos. Perner) A.
1584 2790 2471 2850 Nagy 3., Thalia (Jos. Perner) Pelikan 4. Acht
765 2785 1469 2871 Arthur Schnitzler zum Gruß.
1582 2825 2469 2886 liefen. Kampf, Hals, 2 L. Toto: 254 : 20, Pl.:
725 2838 1562 2925 Arthur Schnitzler! Wenn wir den Namen
1586 2868 2466 2921 48, 34, 30: 20. — III. Große Pardubitzer
2514 2898 2593 2957 ei.
1582 2903 2469 2974 Steeplechase, Handikap. 30.500 K, 6400
657 2879 1571 2971 des Mannes, der in wenig Stunden bei uns
2475 2937 2585 2983 tr:
1586 2943 2461 3009 Meter. Baldur (Lady Huntingghost) Gimpl 1.,
664 2946 1563 3009 am Vortragstisch erscheinen wird, in seiner
2472 2973 2585 3025 wur
1578 2985 2458 3049 Leffers (Stall Max) Holoubek 2. Sieben liefen.
665 2982 1562 3052 wesentlichen Bedeutung für uns erfassen, dann
2478 3015 2582 3060 den
1585 3018 2465 3066 Mit großem Vorsprung, Lranhasszony, R. F.,
658 3028 1560 3096 überkommt ganz besonders diejenigen, die mit
1586 3055 2461 3118 Perwig und Hrom fielen, wurden wieder be¬
656 3075 1565 3137 ihm jung waren, ein dankbares Erinnern an
2472 3088 2584 3135 dure
1585 3094 2455 3156 stiegen und brachen aus. Toto: 189:20, Pl.:
666 3128 1556 3182 eine beglückende Fülle prickelnder Reize und
2476 3124 2592 3175 dem
1582 3135 2452 3191 84, 46 : 20. — IV. Pardubitzer Hürden¬
662 3160 1556 3229 an ganz tiefe Bewegungswerte, die sie in
2471 3163 2582 3212 das
1571 3162 2451 3227 rennen, Handikap. 7250 K. 2400 Meter
2473 3193 2587 3256 sah
658 3204 1554 3261 Schwingung versetzten in der Zeit, „wo die
1571 3204 2454 3266 M. Gamotus (Stall Max) Holoubek 1., Na zdar
2480 3239 2591 3286 schie
658 3236 1461 3309 Lerchen der Brust am lautesten schlagen“.
1572 3252 2464 3313 (O'Patrick) A. Nagy 2., Prak (Ing. Vanék)
2473 3276 2598 3326 Pfei
1578 3289 2457 3331 Valuskn 3., Csuza (Oblt. Sylva Kokes) E. Gut¬
730 3286 1565 3355 Wie viele Frauen sind leidenschaftlich in
2468 3315 2592 3375 schle
1572 3316 2457 3387 mann 4. Vier liefen. Kampf. ½ L., 3 L. Toto:
655 3331 1559 3398 „Anatol“ verliebt gewesen, ehe sie ihre Nei¬
2469 3354 2581 3406 und
1584 3359 2457 3427 42 : 20, Pl.: 26, 30 : 20. — V. Chrudimer
655 3359 1559 3443 gung nützlicheren und verläßlicheren Zeitge¬
1568 3383 2453 3462 Steeplechase, Herrenreiten. Handikap.
657 3417 1556 3468 nossen zugewendet haben! „Wie viele Män¬
1575 3430 2453 3506 7250 K, 3200 Meter. Eierbecher (Stall Kary)
654 3470 1542 3521 ner haben die Erfolge seiner erotischen Klep¬
1579 3471 2456 3522 Hr. Pelzer 1. Unplaziert Dioso, Obl. Popler.
2470 3479 2581 3536 wur
656 3493 1559 3572 komanie beneidet und sein müdes, blasses,
1568 3515 2439 3568 Eierbecher kam allein ein. Toto: 22:20. —
644 3546 1468 3610 wissendes Lächeln zu plagiieren versucht!“
1571 3542 2452 3612 VI. Welterhandikap. 7250 K, 1200 Meter.
2460 3557 2595 3622 hauf
1570 3577 2447 3637 Reseda (H. Kasalicky) Hintschich 1., Blue bell
715 3582 1547 3653 Wie haben wir den Aufstieg des Dichters
2472 3604 2598 3655 sam
1564 3625 2444 3698 (H. Kasalicky) Tuß 2., Modedame (Gest. St.
638 3623 1554 3682 erschüttert mitgelebt, als die Anatol=Liebelei
2457 3643 2589 3698 trug.
1564 3663 2443 3721 Helena) Weckermann 3., Wildgraf II. (H. Salm¬
2452 3677 2562 3726 daß
640 3674 2581 3782 Schicksal wurde und die Intaktheit ihres 1 Reiferscheid) Pretzner 4. Sechs liefen. ½ L., ¾ L.  und
595 3751 1137 3918 Oeset
887 3883 1085 3986 777
