3296 4256
92 144 1236 220 2. Guftings box 37/7
826 893 1713 944 gevolgen van dit conflict aan den lijve had er¬
840 940 1682 987 varen, het koos als basis voor een drama.
855 982 1713 1025 Maar jammer is, dat juist daar, waar in een
72 932 602 1052 TTEREN.
827 1018 1713 1052 tendenzstuk als „Professor Bernhardi' daar¬
828 1062 1715 1114 door werd, nanwkeurigheid bij het stellen van
838 1097 1709 1145 het conflict, de hoogste plicht was, zoowel
841 1130 1709 1175 voor den dramaschrijver als voor den arts
839 1175 1709 1217 dat juist daar Schnitzler (vermoedelijk onde:
57 1194 815 1250 den kunnen zeer gevaarlijke bacterien
838 1213 1721 1260 invloed van subjectieve momenten) eenigszina
53 1241 807 1292 n, die men niet bij voorkeur op ontsto¬
829 1252 991 1308 faalde.
50 1282 815 1326 gleden zou brengen. Maar de lijken die
45 1321 815 1369 ent had aangeraakt, waren — want hij
52 1364 820 1410 Pholpen met het reddingswerk bij een
53 1402 816 1445 brand — kersversch, nog geen uur
858 1396 1712 1464 Prof. Bernhardi heeft als jong arts zich ver¬
57 1442 813 1491 ar kon toch onmogelijk ontwikkeling
843 1462 1725 1509 zet tegen de officieele Weensche clique, hij
46 1479 808 1539 vaarliike bacterièn hebben plaats ge¬
838 1498 1714 1542 heeft met enkele collega’s een eigen kliniek
837 1534 1722 1584 opgericht, heeft moeilijke jaren doorgemaakt,
49 1552 815 1607 Feet wel, voor het geheele werk doet
845 1581 1723 1627 maar ten slotte ziin de opvattingen veranderd.
55 1597 816 1640 hne kleine fout er niet veel toe, ik noem
839 1614 1717 1658 Bernhardi’s verdiensten worden algemeen er¬
47 1641 818 1679 een als voorbeeld, hoe zeifs een man
842 1636 1728 1699 kend, ziin kliniek, het „Elisabethinum“, heeft
56 1676 819 1718 indberg hier een onjuiste nuance geeft
845 1698 1719 1736 een college van curatoren met klinkende na¬
62 1717 818 1758 s een kleine zwakte vertoonde, juist
843 1729 1721 1775 men, een grootvorst, een bisschop enz. Intus¬
52 1757 685 1808 waar Schnitzler het sterkste is.
835 1766 1721 1816 schen heeft deze groep van joodsche medici
62 1792 817 1839 Schnitzler zou zoo iets nooit overko¬
831 1808 1724 1850 nog altijd machtige vijanden vooral onder de
53 1837 812 1897 jj is een meester in het scheppen van
837 1848 1718 1895 clerikalen. In de eerste acte heeft nu het vol¬
53 1875 400 1927 edische“ sfeer.
834 1884 1730 1935 gende voorval plaats, dat de basis vormt voor
51 1894 819 1963 Fan dit meesterschap maakt hij ruim¬
837 1924 1199 1978 het geheele stuk.
62 1952 829 1999 s gebruik. Tal van stukken spelen in
868 1972 1728 2022 Een meisje, dat in aansluiting aan een abor¬
46 1990 822 2041 niek of in het huis van een arts, en de
845 2011 1734 2060 tus bloedvergiftiging heeft gekregen, is heel
52 2032 818 2077 e het leest, of opvoeren ziet, voelt hoe
846 2055 1734 2100 ziek en zal vermoedeljjk binnen eenige uren
50 2073 819 2132 iet geteekend is, voelt, hoe dat alles
849 2090 1727 2134 sterven Zij is echter in een toestand van z.g.
835 2128 1720 2169 euphorie gekomen (zooals dat in zulke gevallen
48 2151 822 2194 Stunde des Erkennens“, waarin profes¬
840 2170 1720 2218 wel voorkomt), een soort ziekelijken overprik¬
52 2190 820 2243 min, de arts Eckold en diens vrouw
841 2205 1727 2249 kelingstoestand, waarin zij in het geheel niet
54 2228 821 2280 de hoofdpersonen ziin, had even goed
840 2246 1725 2298 liidt, zich uiterst gelukkig voelt; zij verbeeldt
67 2265 824 2311 ander milieu kunnen spelen. Ormin
832 2285 1720 2333 zich haar minnaar bij zich te hebben en heeft
81 2309 822 2355 een afscheidsbezoek bij ziin vriend
834 2326 1717 2372 natuurlijk in dezen toestand geen idee ervan,
70 2348 817 2402 hij is een oogenblik met Klara alleen,
848 2367 1723 2414 dat zij binnenkort sterven moet. Zonder den
47 2397 818 2441 m — nu hij op het punt staat met een
846 2408 1728 2450 arts ex in te kennen, heeft zuster Ludwilla
52 2430 818 2473 nce naar Japan te vertrekken, van¬
841 2441 1731 2488 een priester geroepen, om aan de stervende
738 2462 833 2515 wel
47 2475 735 2529 hü. wijl hij een hartgebrek heeft,
892 2480 1726 2530 die katholiek is — de laatste sacramenten
436 2501 830 2555 toevertrouwt, hoe¬
56 2513 438 2562 zal terugkeeren —
839 2524 1130 2573 toe te dienen.
62 2546 830 2591 Jaren geleden van hem gehouden heeft
878 2566 1734 2612 Professor Bernhardi, de „famulus' Hoch¬
64 2589 824 2640 welke redenen ze niet ziin „Geliebte“
837 2599 1722 2653 zoitspointner, de verpleegster (de eenige
50 2627 829 2675 illen ziin, maar zich wel aan een ander
852 2642 1730 2692 vrouw in het stuk) en nog eenige artsen,
50 2672 819 2709 nhad, enz. Dat alles, ook de latere
840 2689 1728 2731 staan in een voorkamer, als juist de priester
55 2706 829 2760 tusschen Eckold en Klara, waarin blijkt.
846 2720 1725 2773 binnenkomt, die de ziekenzaal wil binnen¬
53 2740 823 2796 ckold zijn vrouw jaren lang heeft ver¬
841 2745 1738 2808 gaan. Bernhardi verzoekt den priester dat niet“
60 2783 817 2833 toch een liaison met Ormin te hebben
842 2801 1735 2847 te doen, daar de patiènte juist nu zich volko¬
74 2824 826 2869 dat alles had evengoed in een ander
845 2846 1742 2889 men gelukkig waant, terwijl het binnenkomen
68 2865 826 2910 kunnen hebben plaats gegrepen. Ka¬
844 2883 1751 2921 van den priester haar tot het besef zou bren¬
56 2902 817 2947 istiek voor Schnitzler is, dat hij dit
841 2916 1755 2972 gen, dat zij verloren is, en dus een einde aan
64 2938 825 2988 koos, cen milieu, dat hij kent zoodat
842 2958 1750 3003 deze korte geluksperiode zou maken. De pries¬
72 2980 818 3030 geheel afgescheiden van de innerlijke
850 2991 1756 3052 ter wil toch binnen, maar Bernhardi weigert
50 3019 823 3070 e van het stuk — een goed geteekende
843 3036 1749 3082 definitief. Gedurende deze bespreking gaat de
48 3059 425 3114 heering geven kau.
840 3067 1750 3133 verpleegster naar de patiènte, vertelt haar, dat
39 3089 826 3143 zoo is het ook in andere stukken, b. v.
841 3108 1745 3166 de priester gekomen is, de patiènte schrikt
52 3135 824 3187 e Gefährtin“. In sommige stukken, b. v.
849 3149 1726 3198 hevig, zegt: „moet ik dan werkelijk sterven?“
59 3183 829 3226 Vermächtnis“ hebben de hoofdpersonen
841 3193 1046 3249 en sterft -
65 3216 831 3271 geneeskunde niet veel te maken, maar
877 3233 1750 3279 Dit voorval wordt door de vijanden van de
54 3252 831 3308 ntoch een of meer artsen op het tooneel
852 3278 1744 3330 groep Bernhardi uitgebuit, de politici werpen
52 3298 821 3346 cht en de woorden, die zij daar te zeg¬
850 3312 1751 3359 er zich op; de katholieke godsdienst wordt
56 3336 826 3387 ebben, ziin steeds weer bewijzen, hoezeer
851 3353 1734 3409 door de joden niet gerespecteerd enz. Bernhar¬
50 3381 606 3433 zler deze zaken beheerscht.
849 3394 1735 3447 di wordt geschorst, komt zeifs in de gevan¬
61 3415 825 3469 „Die letzten Masken“ geeft Snitzler
843 3433 1690 3497 genis, later wordt hij gerehabiliteerd enz.
51 3465 825 3499 de psychologie van den stervende en van
874 3468 1753 3527 Het essentieele punt is nu, dat, volgens den
48 3486 826 3543 eke, dan die van den arts, maar ook hier
846 3514 1745 3565 schrijver, Bernhardi volkomen in het gelijk
53 3535 834 3582 hij zich, jnist in het aanbrengen van de
851 3549 1757 3599 was, zoodat elk weldenkend arts zou hebben
56 3571 668 3634 rage voor dit stuk, een meester.
845 3570 1745 3639 gehandeld als hi, terwijl de tegenstanders dit
849 3626 1758 3676 feit op onwaardige wiize tegen de groep
850 3660 1560 3721 Bernhardi zouden hebben uitgebuit.
872 3707 1751 3761 En daar is het nu, dat Schnitzler volgens
50 3725 831 3797 wel dus op het beschreven gebied
848 3752 1741 3801 mij — en volgens vele andere artsen — een
51 3786 825 3830 tzler’s werk meesterliik is, is hij zeker
842 3783 1746 3837 fout begaan heeft. Met de vraag of een patiènt
42 3827 826 3875 r gelukkig, wanneer hij tracht dieper
849 3840 1743 3880 op een bepaald oogenblik „bediend' zal wor¬
63 3865 835 3908 ziel van den arts door te dringen en
854 3871 1757 3921 den, komt elk arts herhaaldelijk iu aanraking.
47 3903 832 3950 groote conflicten, die zich voor den arts
845 3907 1752 3958 Ik wil elke discussie omtrent de religieuse be¬
47 3942 828 3993 oen, de handeling van ziin stuk te doen
854 3947 1757 4002 teekenis van het toedienen der sacramenten
49 3987 151 4031 an.
853 3979 1743 4047 hier natuurlijk vermirden, maar alleen con¬
40 4003 827 4071 hin de groteske „Paracelsus“ waarin
851 4032 1740 4073 stateeren, dat het niet waar is (zooals een
56 4062 830 4106 ijn tochoorders de groote suggestieve
861 4059 1741 4109 leek on medisch gebied en die zeif niet katho¬
1733 896 2625 945 meen ik, dat juist een niet-katholiek arts zich
1739 938 2627 988 moet onthouden van de beoordeeling wat op
1738 973 2633 1033 een bepaald oogenblik de geestelijke behoef¬
1727 1012 2622 1065 ten van een katholiek patiènt zijn, dat kan —
1741 1048 2618 1096 in het algemeen gesproken —de priester (de
1737 1075 2631 1139 arts der ziel) beter beoordeelen dan wij. Wij
1742 1126 2626 1179 kunnen slechts ons oordeel geven of onmid¬
1730 1179 2541 1222 dellik levensgevaar aanwezig is of niet.
1783 1199 2619 1257 Wanneer nu Schnitzler een bepaalde opvat¬
1742 1242 2625 1293 ting heeft over een medische kwestie, die hij
1744 1275 2632 1338 in zijn comedie invoert, en ik een andere, zou
1736 1322 2631 1375 dat voor mij geen reden zijn om te zeggen, dat
1741 1366 2624 1427 er een principieele fout in het stuk zit. Maar
1727 1398 2634 1437 hier is het wat anders. Schnitzler doet het
1746 1450 2629 1492 voorkomen, alsof volgens de algem.eene medi¬
1738 1477 2630 1524 sche ethiek Bernhardi onbetwistbaar gelijk
1743 1523 2631 1568 heeft, zoodat indien een collega hem zegt, dat
1734 1553 2629 1617 hil ziin handeling afkeurt, deze collega van
1736 1595 2637 1645 oneervolle bijgedachten, politieke intrigue enz.
1748 1639 2636 1684 mag worden beticht. En zoo is het niet. Bern¬
1735 1670 2623 1720 hardi’s opvatting is — ook voor iemand die
1745 1722 2626 1765 geheel buiten de kwestie Elisabethinum, jood¬
1738 1743 2628 1801 sche artsen en katholicisme staat — aanvecht¬
1742 1782 2634 1838 baar en daarom zit er in het eenige stuk van
1746 1810 2637 1881 Schnitzler, waar de basis gevormd wordt door
1751 1871 2370 1933 een medische kwestie, een fout.
1768 2055 2637 2113 Wanneer ik dus nog cens mag herhalen wat
1874 2112 2640 2148 als arts — aan Schnitzler’s comedie¬
1828 2114 1876 2149 —
1741 2099 1834 2155 mij
1751 2146 2628 2190 stukken het meest behaagt, dan is het dat hij
1744 2178 2648 2247 een meester is in het scheppen van wät in zou
1741 2218 2639 2258 willen noemen een medisch milieu, daarvan
1750 2254 2637 2306 geeft hij vooral ook in „Professor Bernhardi'
1750 2296 2643 2353 op tal van plaatsen blijk. Hij heeft niet ge¬
1740 2335 2645 2387 schilderd met forsche trekken de groote.
1750 2366 2645 2431 vraagstukken, die de artsen en de geneeskunde
1750 2405 2655 2467 beroeren, hij heeft niet zoozeer op den voor¬
1744 2461 2643 2505 grond gebracht wät wij willen en wät wis
1751 2496 2639 2543 doen. Hij heeft voor alles doen zien, hoe wist
1749 2531 2644 2581 het doen. In dat opzicht heeft hij beteekenis
1757 2581 2652 2623 voor de geschiedenis van de geneeskunde. Hif
1735 2608 2650 2670 is de historieschrijver van het geneeskundig
1754 2646 1913 2711 milien.
