3344 4256
817 159 1330 270 box 37/7
148 164 748 276 2. Cuttings
2688 870 3092 950 24. August 1928
303 872 514 952 Seite 6
1829 870 2335 955 Neues Wiener Journal
938 877 1166 961 Freitag
265 957 3240 1035 Vonaneiers unseren Sindenten zu vermnitein. Die Besiche sind Urkundenstlschung wanden muße. Hier war er der renige sol die Zlison haben,
1479 999 3311 1082 Sünder, versprach seine Verpflichtungen gegenüber seiner Braut Trattoria zu sein. Spinnenne##
268 1019 1486 1087 immer fehlgeschlagen. Zuletzt erst im heurigen Winter mit dem
271 1060 3325 1136 „Zauberberg.“ Die kunstvoll aufgeschichteten Periodentürme haben und seinem Kinde zu erfüllen und das Gericht beurteilte deshalb Kupfergeschirr an den Wänden un
263 1104 3309 1172 sich als unerklimmbar erwiesen. Und so geht die Reihe fort, seinen Fall mild und diktierte ihm drei MonateHerd, an dessen Feuer die vom
2670 1154 3024 1234 Kühlung suchen!
1462 1153 1799 1236 [Kerker zu.
268 1161 525 1240 immer fort.
2773 1197 3316 1269 Dieses Feuer ist nämlich so
371 1200 1494 1272 Das hat uns viel Betrübnis und Kopfzerbrechen verursacht.
2667 1240 3316 1318 hier. Die Kellner mit den au
1474 1247 1540 1319 G
264 1237 1485 1320 Bis ein Mann schließlch und sein Werk uns vieler Sorgen
2669 1298 3318 1373 drei, vier Sprachen und werd
262 1299 1498 1367 enthob. Artur Schnitzler. Sein Stil, einfach und klar, hat etwas
1484 1293 2672 1421 Feste, Nüchte und Gaste am Livo¬
2669 1340 3317 1404 dirigiert. In den Petroleumlamp
265 1352 1490 1424 von der klassischen Knappheit. Seine Probleme und reine
2680 1395 3303 1453 lampen, die Spinnennetze sind
261 1394 1501 1462 Menschengestaltung haben ihn unseren Deutschstudenten als
2670 1436 3319 1519 offene Herdfeuer sind rote Seidenb
264 1447 1505 1519 einen großen Dichter erkennen lassen. Man sagt uns Amerikanern
1950 1438 2244 1540 stlund.
2676 1491 3069 1574 Höhe züngeln läßt.
256 1489 1497 1565 so häufig eine gewisse Lust am brutal Sensationellen, am kitschig
2010 1521 2154 1587 Von
257 1535 1486 1594 Abenteuerlichen nach. Aber genau genommen ist es drüben nicht
1854 1553 2306 1651 Carl Marilaun.
259 1592 1488 1649 anders wie hier. Wie in der Alten Welt gibt es auch „drüben“
2982 1555 3310 1709 Wenn
262 1638 1491 1698 eine Schicht sein empfindender Menschen. Und ihr hat sich die
1574 1615 2694 1697 Wenn das Motorboot vom Royal Danieli beim Hinüber¬
250 1679 2690 1747 psychologische Feinheit, die undendliche Zartheit Schnitzlerscher biegen zum Lido in die gewisse, von den Damen geliebte Kurve
2899 1555 3286 1797 schiechter
258 1739 813 1815 Seelenschilderung erschlossen.
1465 1736 2698 1803 geht, quietschen die schönen drei Engländerinnen jedesmal so
360 1787 2698 1855 Wie oft und oft habe ich es von meinen Schülern hören herzig, daß ihnen der verheerend aussehende Bootschauffeur den
3062 1767 3327 1868 Neue An
265 1817 1215 1885 können: „Das wahrhaft Große ist immer einfach“.
1468 1825 2490 1904 Gefallen tut, das gräßliche Kunststück zu wiederholen.
2764 1833 3333 1923 Charlie Chaplin wurde ein
376 1850 1504 1953 Als mir die eminente Wirkung Schnitzlers auf unsere
1579 1857 2687 1944 Dann rollt sich auch schon — „vor dem entzückten Auge“
2677 1889 3322 1962 jungen Mann angehalten. „Erken
259 1927 1492 1984 Schüler mit einemmal so recht zu Bewußtsein kam, war mein
1488 1911 2687 1988 steht in dem goldgebundenen Programmhest, das die Strand¬
2679 1948 3320 2029 junge Mann. „Ich bin John Dri
259 1975 1477 2031 nächster Gedanke, die Lektüre Schnitzlers in den Unterrichtsanstalten
1486 1980 2681 2036 direktion ihren Gästen in die Kapannen legt — das Riesen¬
2680 2002 3325 2070 Schule gegangen.“ — „So,“ ern
256 2008 928 2095 auf die breiteste Basis zu stellen.
1477 2025 2687 2094 flimmerbild des von Menschen bunt gesprenkelten Exzelsiorstrandes
2682 2037 3297 2100 sein.“ — „Und die Lee Ponny
363 2045 1483 2124 Zu diesem Zwecke beschloß ich, eine Schulausgabe bekannter
1481 2061 2680 2125 auf. Jetzt haben wir kein Auge mehr für die in den Lagunen
2681 2074 3315 2146 sagte der junge Mann, „sie ist m
265 2108 1479 2172 Schnitzler=Werke zusammenzestellen. Sie ist im heurigen Winter
1483 2124 2682 2188 drüben schimmernde Stadt mit den Kampanilen und Kuppeln aus
2681 2130 3323 2204 bald heiraten.“ — Charlie Chat
264 2164 1478 2236 erschienen und enthält unter anderem den „Grünen Kakadu“ und
1485 2172 2684 2229 Perlmutter. Höchstens gibt es uns jedesmal wieder einen ganz
2681 2192 3319 2247 meinte: „Oh, die Lee Ponny ist 6
258 2204 1491 2277 „Liebelei". Natürlich mit Anmerkungen versehen, mit einem Vor¬
1481 2217 2676 2276 kleinen Riß, wenn nach der Fahrt durch die ausgepflockte Wasser¬
2673 2228 3310 2293 hat Verstand für zwei“, jubelte
260 2244 1481 2329 wort ausgestattet und mit nachträglichen Erläuterungen bedacht
1470 2253 2684 2320 rinne der Lagune plötzlich grün und weiß und blau die ungeheure
2684 2268 3295 2361 ihm die Hand zum Abschied und
259 2302 1231 2361 wie dies eben schon zu einer Schulausgabe gehört.
1477 2311 2691 2369 Wand des Meeres aufsteigt. Sanft donnernd, was wir aber
2682 2323 3033 2411 Sie sie heiraten.“
369 2344 1508 2434 Mir selbst aber erwuchsen aus der anfänglich stark aus
1486 2343 2689 2418 meistens nicht hören, so babylonisch tönt das Stimmengewirr des
260 2392 1482 2482 pädagogischen Gründen gepflogenen Beschäftigung mit Schnitzler
1486 2408 1705 2474 Strandes.
2776 2406 3240 2504 Als Chaplin seiner Fe
260 2443 1497 2511 die ersten, noch schattenhaften Umrisse eines Lebenswerkes. Ich
1581 2431 2698 2543 Spaziergang durch die vorderste, die vornehmste Kapannen¬
262 2483 3244 2569 begann mich immer intensiver mit dem großen Wiener, dem gasse. Da ist der mit Ehrfurcht zu bestaunende Amerikaner, der scheiden lassen muß, meinte#
2683 2529 3241 2614 werde, wirst du nie mehr so
255 2532 1488 2618 großen Deutschen zu beschäftigen, fertigte Uebersetzungen an (so
1471 2529 2692 2604 eine Briefmarke mit anderthalb Millionen Lire bezahlt hat. Der
2814 2573 3188 2657 Chaplin erwiderte:
266 2592 1476 2660 vön der Traumnovelle), revidierte schon besorgte Uebertragungen.
1487 2595 2698 2662 Fürst und die Fürstin Esterhazy. Da ist Pinedo, der kühne Flieger
267 2626 1478 2721 So entwickelte ich mich immer mehr zu einem Spezialforscher
1482 2631 2711 2704 und italienische Nationalheld. Und Flick, Flock, Flack, die drei
2786 2657 3239 2737 Als Chaplin einmal 1
260 2687 1481 2750 „Schnitzler“, dessen Arbeiten nun durch ein großes Monumentalwerk
1486 2680 2708 2756 rasend schicken Dackel der Gräfin Csekonics. Der Direktor des
2683 2708 3253 2810 Mann, der seine Frau verle#
258 2741 1480 2807 gekrönt werden sollen. Sie können die Wertschätzung Schnitzlers
1478 2745 2688 2806 Chicago Opera House und die Principessa San Faustino, die
2785 2776 3173 2855 Chaplin brummte:
256 2788 1493 2831 drüben daran ermessen, daß mein der Columbia=Universität unter¬
1481 2784 2702 2853 prinzipiell nie weniger als drei Sprachen durcheinander spricht.
2790 2803 3246 2892 „Sei nur ruhig!“ schs
268 2833 1482 2893 breiteter Vorschlag, an die Vorbereitung eines solchen Werkes zu
1486 2827 2704 2903 Die kleine, sehr viel rundlichere Dame neben ihr spricht nur eine:
2685 2861 3255 2956 gelaufen, bevor wir heiratett
267 2873 2702 2971 gehen, sofort aufgegriffen wurde. Ein reiches Stipendium Wienerisch. Und an dem keck nach oben gedrückten Näschen er¬
2785 2916 3260 2989 Chaplin seufzte: „Der
264 2927 1490 2996 ermöglichte mir die Arbeit in der Heimat des Künstlers. Ich muß
1476 2936 2509 3015 kennen wir sie sofort: Tini Senders vom Burgtheater.
2686 2952 3251 3049 läuft den Mäusen nicht nach
263 2954 1492 3041 sie leider zu Beginn des neuen Wintersemesters unterbrechen,
1577 2967 2693 3039 Auf dem weit draußen verankerten Ponton treffe ich noch
254 3013 1499 3089 hoffe, sie aber dann im nächsten Sommer hier abschließen zu
1489 3008 2715 3088 eine Wienerin, die es aber schon lange nicht mehr ist. Einmal
272 3075 1482 3132 können. Da indessen auch jene Kapitel, für die ein Spezial¬
1484 3084 2698 3139 hat sie vielleicht Mitzi geheißen, heute filmt sie in Hollywood.
267 3116 1493 3189 studium in Wien nicht notwendig ist, fertiggestellt sein werden,
1484 3121 2713 3193 Was, weiß ich zu ihrem Verdruß nicht recht. Aber wenn sie dort
265 3148 1490 3246 wird das gesamte Werk vielleicht doch noch am Ende des nächsten
1481 3166 2702 3238 drüben erst der Star von übermorgen sein sollte, so ist sie
2895 3097 3252 3283 Deutschla
269 3206 869 3301 Jahres herauskommen können.
1474 3207 2719 3286 wenigstens hier die erklärte und sogar offizielle Strandgöttin: die
1485 3265 2715 3326 schöne Joan Lido, die zu ihrem Kummer von den opulenten
1485 3312 2714 3376 Exzelsiordiners nur ein bis zwei elende Sandwiches nehmen darf.
3054 3322 3242 3396 l
273 3282 1481 3429 Eine Reihe schwerer Verkehrs¬
1492 3354 2714 3419 Um in Hollywood Star zu werden, muß sie hier nämlich unter
2759 3378 3235 3476 Zwölf Millionen
1496 3407 2699 3473 Aufsicht des Arztes täglich geschlagene hundert Gramm abnehmen.
2986 3443 3229 3516 Von unseren
704 3407 1070 3532 unfälle.
1587 3451 2711 3527 Weniger auf Linie hält der Maharadscha, von Kapurthala, die
1477 3488 2707 3568 jede Saison wiederkehrende exotische Hoheit unseres Strandes.
368 3506 1417 3596 Eine 73jährige Greisin zu Tode gefahren.
2794 3530 3217 3625 „Warum die Frau #
1477 3550 2706 3630 Jener Jüngling aber mit dem schmalen Kopf, der hohen Stirn
543 3579 1229 3651 Originalbericht des „Neuen Wiener Journals“.
2683 3581 3204 3663 kann als der Mann?“ De
1473 3596 2699 3656 und den mandelförmig geschnittenen Augen eines biblischen oder
298 3594 370 3686 In
379 3618 1496 3694 Gestern ist ein von dem Kutscher Leopold Enn, Gellert¬
2681 3636 3206 3711 dem ich in seinem Berline
1483 3645 2701 3712 Gettoknaben ist der ein weltberühmter Amerikaner gewordene Geiger
266 3684 1495 3744 platz 87, gelenkter Wagen in Favoriten bei einer Straßenausgrabung
2692 3683 3186 3747 Er blickt auf die blauen
1494 3695 2701 3760 Jascha Haifetz. Andere, auf amerikanischen und englischen Schulen
269 3734 1487 3799 mit einem Rad in die Ausgrabung geraten und umgekippt. Der
2694 3723 3192 3798 durch die Rauchwolken d.
1495 3734 2690 3802 trainierte Jünglinge jagen in der Haltung griechischer Wagenlenker
266 3776 1488 3844 Kutscher wurde zu Boden geschleudert und durch Hufschläge der
2686 3776 3184 3859 Frauen verfolgen. Dann
2089 3788 2704 3851 reizten Beinen auf dem Brett
1481 3780 2061 3863 draußen durch die Flut, mit
266 3831 1492 3892 verunglückten Pferde wurden das eben vorbeikommende vierzigjährige
2692 3825 3175 3900 härter ist als der Manr
1481 3839 2692 3909 stehend, das von einem hundertpferdig knatternden Motorboot
272 3867 1494 3931 Kinderfräulein Ernestine Keck, Gudrunstraße 141, mit dem von
2699 3871 3175 3959 besser, sie läßt sich von
1473 3886 2691 3951 gezogen wird. Wellenreiten heißt das und ist ein sehr vornehmer
265 3918 1498 3984 ihm beaufsichtigten fünfjährigen Kinde Gertrude Winninger,
2682 3913 3165 3995 dann noch eines: die F
1494 3933 2697 3989 Sport, sechzig Lire die Stunde. Nicht viel für den kühnen Reiter,
269 3968 1498 4045 Gudrunstraße 141, erheblich verletzt. Die Rettungsgesellschaft leistete
2688 3972 3193 4049 ist genügsam, fleißig un
1478 3966 2696 4053 den eben jetzt eine Welle vom Breit herunterspült: Lord Northek,
270 4019 1235 4083 dem Kinderfräulein, Kind und Kutscher erste Hilfe.
2686 4007 3173 4089 Haben Sie, Herr Dokto
394 4021 2692 4120 Die dreiundsiebtigjährige Aloisia Lettl wurde gestern nächst den reichen Amerikanern dieser erlesenen Gewässer einer der
2681 4053 3213 4121 Warenhäusern Nachfrage—
1488 4081 1666 4142 reichsten.
