3392 4256
552 50 615 123 —
616 62 964 148 4. MAl
391 248 1773 358 KUNSTEN LETTEREN,
1091 495 1979 554 de wonden kunnen zeer gevaarlijke bacterien
190 503 1074 578 ARTHUR SCHNITZLER EN DE
1091 542 1980 590 bevatten, die men niet bij voorkeur op ontsto¬
1086 579 1988 638 ken oogleden zou brengen. Maar de lijken die
392 562 872 649 GENEESKUNDE
1093 613 1997 665 de student had aangeraakt, waren — want hij
1101 661 1999 710 had geholpen met het reddingswerk bij een
549 645 714 722 DOOR
1090 702 1990 743 grooten brand — kersversch, nog geen nur
211 713 1036 803 PROF. W. STORM VAN LEEUWEN.
1102 734 1989 792 nud, daar kon toch onmogelijk ontwikkeling
1093 780 1985 838 van gevaarlijke bacterièn hebben plaats ge¬
1099 815 1206 869 had.
1121 837 1988 904 Ik weet wel. voor het geheele werk doet
391 862 1088 941 De historieschrijver van het ge¬
1092 882 1988 936 deze eene kleine fout er niet veel toe, ik noem
352 903 793 992 neeskundig milien.
1098 933 1987 978 het alleen als voorbeeld, hoe zeifs een man
1098 975 1982 1026 als Strindberg hier cen onjuiste nuance geeft
207 978 1079 1031 Zooals steeds, wanneer ik in deze rubriek
1092 1016 1980 1063 en dus een kleine zwakte vertoonde, juist
180 1023 1080 1073 over een kunstenaar wil schrijven, moet ik
1090 1055 1863 1103 daar, waar Schnitzler het sterkste is.
177 1076 1088 1118 cerst mij verdedigen tegen de aanklacht dat
1122 1091 1983 1141 Aan Schnitzler zou zoo iets nooit overko¬
187 1107 1085 1159 ik mijn competentie te buiten zou gaan. Wel¬
1097 1135 1986 1197 men. Hij is een meester in het scheppen van
190 1150 1089 1197 nu, Schnitzler is arts, in ziin novellen en co¬
1104 1170 1563 1227 een „medische“ sfeer.
191 1188 1095 1239 medies brengt hij zeer veel artsenpsychologie
1134 1208 1997 1260 En van dit meesterschap maakt hij ruim¬
186 1228 1090 1275 en psychologie van den patient en het is
1095 1245 2002 1314 schoots gebruik. Tal van stukken spelen in
188 1266 1078 1314 vooral dat gedeelte van zijn werk, dat ik
1102 1295 1993 1337 een kliniek of in het huis van een arts, en de
179 1302 1087 1342 hier wil bespreken. Waar ik dus hier niet wil
1099 1326 1993 1376 arts, die het leest, of opvoeren ziet, voelt hoe
182 1343 1086 1401 onderzoeken de artistieke waarde van Schnitz¬
1102 1369 1987 1432 goed het geteekend is, voelt, hoe dat alles
179 1382 1088 1427 ler’s werk, maar de vraag wil trachten te be¬
1095 1410 1225 1458 leeft.
191 1428 1082 1478 antwoorden, in hoeverre hij er in geslaagd is
1135 1421 1996 1491 De „Stunde des Erkennens' waarin profes¬
181 1455 1098 1507 de verhouding tusschen patient en arts — dus
1094 1493 1988 1534 sor Ormin, de arts Eckold en diens vrouw
187 1502 1081 1550 tusschen den lijdenden mensch en hem, die
1105 1527 1992 1573 Klara de hoofdpersonen zijn, had even goed
184 1545 1089 1595 geroepen is, leed te verzachten — waardig en
1096 1564 1992 1610 in een ander milieu kunnen spelen. Ormin
191 1580 1087 1623 waar te schetsen, daar zou vanuit dit oog¬
1101 1603 1995 1655 brengt een afscheidsbezoek bij ziin vriend
181 1624 1094 1681 punt beschouwd, biivoorbeeld Molière's on¬
1101 1643 2000 1698 Eckold, hij is een oogenblik met Klara alleen,
190 1661 1090 1709 sterfelijke „Malade imaginaire“ minder ge¬
1103 1683 1989 1733 die hem — nu hij op het punt staat met een
194 1690 1092 1746 wichtig voor mij zijn dan Schnitzler’s al te
1093 1714 1993 1764 ambulance naar Japan te vertrekken, van¬
194 1740 889 1792 sterfelijke „Professor Bernhardi“.
1900 1762 1993 1814 wel
223 1763 1905 1824 De Weensche tooneelschriiver staat tegen-waar hij, wiil hij een hartgebrek heeft,
1108 1809 2002 1858 nooit zal terugkeeren — toevertrouwt, hoe¬
193 1817 1101 1869 over deze problemen gansch anders dan de
1110 1847 1990 1889 veel zij jaren geleden van hem gehouden heeft
192 1849 1098 1905 meeste van ziin collega’s en zeifs anders dan
1105 1879 2001 1930 en om welke redenen ze niet zijn „Geliebte“.
192 1896 1094 1950 vele groote dichters. Hij is niet als zij, een
1092 1918 1994 1968 had willen ziin, maar zich wel aan een ander
185 1936 1101 1983 buitenstaander, die voor korten tijd zich in
1110 1966 2002 2012 gegeven had, enz. Dat alles, ook de latere
185 1981 1095 2022 de sfeer van de kliniek en in het denken der
1098 1990 1988 2045 scène tusschen Eckold en Klara, waarin blijkt,
191 2008 1081 2063 keneeskundigen heeft ingewerkt, maar hij is
1105 2041 1997 2088 dat Eckold zijn vrouw jaren lang heeft ver¬
193 2054 1092 2112 in ons vak opgevoed en behoort er geheel in
1091 2078 1992 2130 dacht, toch een liaison met Ormin te hebben
189 2095 333 2145 thuis.
1095 2118 1995 2170 gehad, dat alles had evengoed in een ander
227 2109 1102 2189 Schnitzler is dus niet een tocneelschrijver,
1110 2167 1987 2214 milieu kunnen hebben plaats gegrepen. Ka¬
191 2172 1095 2220 die toevallig vroeger arts is geweest en die
1111 2194 1998 2246 rakteristiek voor Schnitzler is, dat hij dit
186 2213 1099 2260 de in een vorige periode opgedane kennis af
1108 2238 1994 2282 milieu koos, een milieu, dat hij kent zoodat
187 2254 1091 2298 en toen in ziin stukken te pas brengt maar hij
1106 2279 2008 2324 hij — geheel afgescheiden van de innerlijko
186 2294 1090 2344 is een artiest, die zich in ziin studietijd en ook
1110 2314 2002 2364 waarde van het stuk — een goed geteekende
184 2328 1103 2380 daarna, geheel in dit beroep herft ingeleer.l.
1112 2352 1613 2405 ensceneering geven kan.
193 2371 1099 2420 Hij kent de nooden en de conflicten van dit
1138 2370 2003 2434 En zoo is het ook in andere stukken, b. v.
185 2413 1102 2459 bedriff, omdat hij ze aan den lijve heeft on¬
1107 2425 2002 2477 in „Die Gefährtin“. In sommige stukken, b. v.
199 2449 1095 2503 dervonden, maar voor alles, kent hij de sfeer
1111 2467 1995 2519 „Das Vermächtnis“’ hebben de hoofdpersonen
204 2490 549 2540 van het beroep.
1103 2510 2004 2556 met de geneeskunde niet veel te maken, maar
231 2497 1099 2578 Schnitzler kent den arts, hij heeft de at¬
1103 2545 2010 2601 worden toch een of meer artsen op het tooneel
195 2566 1099 2618 mospheer van de kliniek ingezogen en is
1103 2591 1995 2640 gebracht en de woorden, die zij daar te zeg¬
190 2597 1089 2647 daardoor in staat tafereelen te scheppen, fiine
1104 2625 2000 2678 gen hebben, ziin steeds weer bewiizen, hoezeer
197 2649 1100 2707 nuanceeringen aan te geven, zooals nauwe¬
1108 2671 1786 2721 Schnitzler deze zaken beheerscht.
190 2694 691 2738 lijks een ander dat kan.
1209 2689 2003 2761 „Die letzten Masken“ geeft Snitzler
232 2707 1101 2764 In een zeker opzicht is hij de historieschrif¬
1107 2752 2009 2797 meer de psychologie van den stervende en van
195 2762 1094 2814 ver van de geneeskundigen van onzen tijd.
1116 2785 2002 2837 den zieke, dan die van den arts, maar ook hier
193 2805 1108 2857 Maar alleen in een zekeropzicht. Hij is de
1108 2832 2008 2880 toont hij zich, juist in het aanbrengen van de
208 2846 1104 2897 man die schetst, hoe wij werken, niet de
1109 2871 1843 2930 entourage voor dit stuk, een meester.
196 2886 1102 2942 man, die weet bloot te leggen en te analy¬
204 2928 1111 2971 seeren de groote conflicten, de groote deug¬
188 2958 1106 3015 den en gebreken van de kliniek en van den
192 2998 1109 3056 artsenstand. Hij is niet als Tolstol, die de
1143 3017 2004 3097 Hoewel dus op het beschreven gebied
189 3032 1108 3091 artsen haat en verafschuwt, en in ziin blinde
1107 3069 2009 3132 Schnitzler’s werk meesterlijk is, is hij zeker
196 3084 1094 3124 woede hun ondeugden in de schrilste kleuren
1119 3128 2002 3176 minder gelukkig, wanneer hij tracht dieper
194 3124 1095 3176 poogt af te teekenen, hij is niet als Molière,
1107 3158 2005 3206 in de ziel van den arts door te dringen en
207 3163 1103 3213 die ons vak aantast met vliimscherpe satire,
1109 3200 2003 3246 uit de groote conflicten, die zich voor den arts
197 3199 1099 3264 maar hij is de kunstenaar, die het verstaaf
206 3245 1094 3299 weer te geven en te scheppen de atmosfeer,
1123 3240 2009 3304 voordoen, de handeling van zijn stuk te doen
1117 3281 1321 3331 ontstaan.
192 3277 1099 3333 het décor en alles wat accessoir is aan het
1139 3295 2008 3364 Noch in de groteske „Paracelsus“, waarin
199 3318 638 3377 beroep van den arts.
1108 3359 2002 3403 hij ziin tochoorders de groote suggestieve
246 3345 1092 3407 Wanneer men af en toe wat belletrie leest,
1119 3399 2007 3446 kracht van een genialen kwakzalver wil doen
202 3395 1104 3443 kan men zich niet onttrekken aan de gedach¬
1114 3436 2016 3487 beseffen, noch in „Professor Bernhardi“ is
200 3433 1111 3483 te, dat vele schrifvers gaarne coquetteeren
1115 3481 2007 3525 het hem gelukt om op de basis van een der¬
198 3475 1105 3528 met een beetie medische kennis, die zij be¬
1111 3522 2009 3563 gelijk conflict een sterk drama op te bouwen.
209 3510 1103 3566 zitten en wat zij dan neerschrifven maakt op
1147 3555 2007 3599 Het is wellicht geoorloofd, een kort oogen¬
203 3557 1106 3602 den arts, — vooral op den zo0 critisch aange¬
1120 3590 2010 3642 blik stil te staan bij de vraag, waarom dat zoo
201 3592 1098 3644 legden Nederlandschen arts — wel ecns een
1110 3640 2016 3682 is. Misschien mag men aannemen, dat in hei
213 3638 657 3693 wonderlijken indruk.
1117 3670 2011 3721 eerste geval Schnitzler wat te sterk onder den
246 3667 1120 3723 Zelfs schrijvers, die zulk cen groote hoeveel¬
1121 3712 2017 3758 invloed heeft gestaan van de, toen juist in
206 3715 1104 3775 beid kennis bezitten als Strindberg, ontkomen
1114 3754 2005 3800 opkomst ziinde, theorieén van Freud. En ook
210 3760 505 3810 daaraan niet.
1113 3798 2012 3839 voor het tweede geval is wel een oorzaak te
238 3765 1103 3841 „Ik heb lijken en gewonden aangeraakt“,
1115 3830 2016 3880 vinden. In het tcenmalige Weenen, werd het
208 3829 1111 3885 zegt de student in de „Gespenster sonate“ te¬
1114 3861 2024 3922 Katholicisme als de sterkste steun der anti¬
215 3869 1097 3926 gen het melkmeisie, en meent, dat deze be¬
1119 3914 2015 3960 semieten beschouwd. Het behoeft niet te ver¬
206 3913 1100 3959 langrijke mededeeling steun verleent aan het
1122 3951 2022 4005 wonderen, dat een jong joodsch arts, die ecn
214 3953 1112 4010 verzoek dat hij tot haar richt om zijn oogen te
1113 3981 2023 4049 rijken geest en artistieken aanleg had, die de
215 3989 1105 4043 willen betten. — Inderdaad lijken en etteren¬
1977 177 2874 239 gevolgen van dit conflict aan den lijve had er¬
1988 240 2838 280 varen, het koos als basis voor een drama.
2028 281 2876 326 Maar jammer is, dat juist daar, waar in ecn
1999 303 2874 366 tendenzstuk als „Professor Bernhardi' daar¬
2001 357 2882 410 door werd, nanwkeurigheid bij het stellen van
2002 391 2880 439 het conflict, de hoogste plicht was, zoowei
2004 432 2875 472 voor den dramaschrijver als voor den arts
2002 467 2883 511 dat juist daar Schnitzler (vermoedelijk onde¬
2003 506 2888 577 invloed van subjectieve momenten) ecnigszins
2002 552 2152 605 faalde.
2031 696 2884 763 Prof. Bernhardi heeft als jong arts zich ver¬
2007 745 2884 797 zet tegen de officieele Weensche clique, hij
2000 793 2890 846 heeft met enkele collega’s een eigen kliniek
2003 839 2893 879 opgericht, heeft moeilijke jaren doorgemaakt,
2005 869 2891 912 maar ten slotte zijn de opvattingen veranderd.
1992 908 2888 964 Bernhardi’s verdiensten worden algemeen er¬
2006 945 2898 999 kend, zijn kliniek, het „Elisabethinum“, heeft
2001 988 2888 1023 een college van curatoren met klinkende na¬
2001 1022 2889 1073 men, een grootvorst, een bisschop enz. Intus¬
1990 1064 2895 1111 schen heeft deze groep van Joodsche medici
2008 1107 2881 1151 nog altijd machtige vijanden vooral onder de
2004 1147 2892 1187 clerikalen. In de eerste acte heeft nu het vol¬
1998 1179 2906 1240 gende voorval plaats, dat de basis vormt voor
2000 1223 2377 1281 het geheele stuk.
2034 1242 2901 1313 Een meisje, dat in aansluiting aan een abor¬
2007 1305 2899 1358 tus bloedvergiftiging heeft gekregen, is heel
1999 1346 2903 1388 ziek en zal vermoedelijk binnen eenige uren
1997 1387 2891 1433 sterven Zij is echter In een toestand van z.8.
2001 1428 2891 1474 euphorie gekomen (zooals dat in zulke gevallen
2012 1465 2901 1509 wel voorkomt), een soort ziekelijken overprik¬
2008 1504 2895 1548 kelingstoestand, waarin zij in het geheel niet
2006 1538 2900 1588 lüdt, zich uiterst gelukkig voelt; zij verbeeldt
2008 1577 2900 1629 zich haar minnaar bij zich te hebben en heeft
2013 1616 2891 1664 natuurlijk in dezen toestand geen idee ervan,
2010 1651 2898 1711 dat zij binnenkort sterven moet. Zonder den
2006 1689 2900 1747 arts ex in te kennen, heeft zuster Ludwilla
2013 1740 2895 1780 een priester geroepen, om aan de stervende
2038 1771 2894 1829 — die katholiek is — de laatste sacramenten
2009 1810 2317 1872 toe te dienen.
2036 1861 2893 1909 Professor Bernhardi, de „famulus' Hoch¬
2012 1903 2897 1958 zoitspointner, de verpleegster (de eenige
2011 1930 2911 1991 vrouw in het stuk) en nog eenige artsen,
2011 1968 2909 2025 staan in een voorkamer, als juist de priester
2016 2008 2902 2066 binnenkomt, die de ziekenzaal wil binnen¬
2010 2043 2908 2107 gaan. Bernhardi verzoekt den priester dat niét
2010 2092 2915 2146 te doen, daar de patiènte juist nu zich volko¬
2006 2129 2923 2186 men gelukkig waant, terwijl het binnenkomen
2010 2171 2931 2222 van den priester haar tot het besef zou bren¬
2019 2203 2921 2262 gen, dat zij verloren is, en dus een einde aan
2014 2246 2929 2306 deze korte geluksperiode zou maken. De pries¬
2021 2294 2917 2340 ter wil toch binnen, maar Bernhardi weigert
2011 2322 2927 2375 definitief. Gedurende deze bespreking gaat de
2020 2370 2918 2417 verpleegster naar de patiönte, vertelt haar, dat
2018 2403 2916 2459 de priester gekomen is, de patiènte schrikt
2024 2443 2905 2507 hevig, zegt: „moet ik dan werkelijk sterven?“
2018 2485 2245 2547 en sterft —
2051 2509 2914 2582 Dit voorval wordt door de vijanden van de
2018 2568 2916 2620 groep Bernhardi uitgebuit, de politici werpen
2017 2610 2932 2665 er zich op; de katholieke godsdienst wordt#
2016 2655 2929 2699 door de joden niet gerespecteerd enz. Bernhar¬
2018 2696 2924 2744 di wordt geschorst, komt zeifs in de gevan¬
2026 2738 2874 2787 genis, later wordt hij gerehabiliteerd enz.
2055 2742 2925 2815 Het essentieele punt is nu, dat, volgens den
2015 2805 2932 2860 schrijver, Bernhardi volkomen in het gelijk#
2016 2843 2931 2902 was, zoodat elk weldenkend arts zou hebben
2025 2880 2924 2935 gehandeld als hij, terwijl de tegenstanders dit g
2015 2926 2926 2982 feit op onwaardige wiize tegen de groep
2015 2968 2730 3021 Bernhardi zouden hebben uitgebuit.
2053 2982 2922 3054 En daar is het nu, dat Schnitzler volgens
2013 3047 2924 3104 mij — en volgens vele andere artsen — een
2023 3079 2918 3142 fout begaan heeft. Met de vraag of een patiènt
2020 3114 2918 3173 op een bepaald oogenblik „bediend' zal wor¬
2027 3156 2915 3224 den, komt elk arts herhaaldelijk iu aanraking.
2024 3202 2927 3255 Ik wil elke discussie omtrent de religteuse be¬
2015 3243 2931 3295 teekenis van het toedienen der sacramenten
2015 3274 2918 3335 hier natuurlijk vermirden, maar alleen con¬
2028 3329 2916 3373 stateeren, dat het niet waar is (zooals een
2031 3357 2923 3409 leek op medisch gebied en die zeif niet katho¬
2020 3407 2925 3446 liek is, allicht meenen mocht), dat in het al¬
2020 3429 2927 3491 gemeen, de mededeeling dat de priester ko¬
2015 3463 2922 3530 men zal, de patiènten zeer verschrikt of voor
2014 3498 2921 3564 hen een bewijs is, dat zij nu zeker sterven
2015 3550 2922 3605 moeten. Herhaaldelijk zien wij juist, dat zulks
2026 3579 2927 3644 hun rust geeft. Wanneer men in een bepaald
2021 3629 2916 3686 geval die mededeeling ontactvol doet, of de
2019 3673 2920 3723 priester zeif ontactvol optreedt, dan zou het
2020 3705 2929 3762 leven van den patiènt daardoor wel kunnen
2032 3747 2924 3798 worden verkort, maar dat is een uitzonde¬
2027 3778 2924 3844 ringsgeval. Had Schnitzler van een dergeliik
2031 3833 2917 3880 uitzonderingsgeval willen gebruik maken, dan
2022 3862 2933 3922 had hij b.v. moeten doen uitkomen, dat deze
2019 3894 2926 3957 priester biizonder ongeschikt was om op dat
2015 3935 2929 4000 moment bij de patiènte binnen te treden,
2017 3980 2929 4046 #maar dat doct hij niet. Afgescheiden daarvan
2589 4046 2854 4114 Aenenen
2887 185 3284 259 meen ik, dat juist e
2887 239 3281 292 moet onthouden va
2901 281 3273 329 een bepaald oogen
2889 320 3283 376 ten van een kathol
2898 353 3272 411 in het algemeen ge
2894 390 3271 450 arts der ziel) beten
2886 434 3265 484 kunnen slechts on
2887 471 3270 521 dellijk levensgevaar
2937 508 3283 561 Wanneer nu Schn
2905 549 3273 596 ting heeft over een
2904 588 3288 635 in ziin comedie inv
2900 628 3280 679 dat voor mij geen r
2899 661 3274 721 er een principieele
2908 698 3272 752 hier is het wat
2894 735 3276 802 voorkomen, alsof v
2910 778 3293 840 sche ethiek Bern
2906 814 3281 881 heeft, zoodat indien
2899 854 3270 908 hij ziin handeling
2904 892 3283 946 oneervolle bijgedac
2912 930 3283 983 mag worden betich
2899 976 3282 1027 hardi’'s opvatting 1
2906 1009 3276 1057 geheel buiten de ky
2899 1049 3285 1103 sche artsen en kath
2910 1085 3290 1143 baar en daarom zi#
2898 1126 3289 1175 Schnitzler, waar de
2906 1162 3285 1228 een medische kwes
2929 1342 3290 1417 Wanneer ik dus
2908 1383 3047 1446 mjj —
3041 1393 3280 1448 als arts —
2904 1431 3281 1491 stukken het meest
2916 1479 3285 1531 een meester is in h
2918 1511 3288 1564 willen noemen ee
2914 1551 3289 1601 geeft hij vooral oo
2919 1589 3287 1643 op tal van plaatse
2918 1629 3288 1680 schilderd met f
2909 1669 3277 1722 vraagstukken, die
2915 1707 3285 1780 beroeren, hij heeft
2920 1750 3273 1797 grond gebracht
2917 1779 3289 1837 doen. Hij heeft voc
2914 1827 3284 1878 het doen. In dat d
2908 1866 3295 1918 voor de geschieden
2910 1904 3284 1966 is de Historieschr
2918 1940 3083 2009 milien.
