3344 4256
156 212 1325 312 2. Guttings box 37/7
2795 1177 3325 1270 Deeez. atot ain demate
461 1186 1535 1296 Whl. auch u 1.0u „. „ hub vo „I. Mtnnehen.
2820 1246 2895 1297 —
2867 1244 3330 1311 viel rascher, als ich es
1720 1236 2818 1325 Leutnant (geht mit schweren Schritten auf und
537 1237 1647 1342 Leutnant. Der Pfarrer ist Franzose, wenn er auch
2777 1290 3328 1354 alle gleich hinzu — aber d
1613 1281 2640 1361 ab). Sind Sie immer noch so ruhig, Feldwebel?
438 1289 798 1381 Deutsch spricht.
2650 1318 2769 1400 S
452 1405 3328 1476 gleichen Stadt Sigmund Freud mit der Lampe der Psycho= Von dieser polyphonen Musik kennen wir schon einzelne und Ermüdungen wie die
2800 1435 3333 1498 Zeiten überwunden sind, er
444 1430 1838 1526 analyse in die Tiefen des Unbewußten durch die Traum= Motive.
1800 1480 3340 1548 Das Motiv von der unentrinnbaren Einsamkeit, in sagendes Dasein und werd
445 1497 1647 1567 pforte (man erinnere sich an die psychologische und dar¬
2814 1527 3333 1594 sie zu entgleiten drohten. Z
452 1553 2808 1629 st. Terische Rolle der Träume bei Schnitzler) hinabgestiegen! der jede Menschenseele mutterseelenallein lebt, von der Lüge,
2803 1571 3330 1639 dieser Wendepunkt einget
1639 1589 2809 1649 die in jedem Liebesverhältnis und in jedem scheinbar zweifel¬
449 1591 1637 1664 ist. Mit diesem verbindet Schnitzler dei engere,
2806 1616 3322 1685 zur Erkenntnis erwachen,
1630 1645 2820 1692 losesten Gefühle verbörgen ist, von den Gefahren, die die
442 1637 1640 1723 mehr dem Seelischen zugewendete ärztliche Beruf,
2815 1668 3324 1729 Schönes in den letzten
1638 1691 2804 1749 endgültigen Bündnisse der Seelen und die menschlichen Be¬
453 1683 1648 1755 über dessen Bedeutung für den dichterischen Ent¬
2818 1698 3330 1770 Sonderbarer Widerspruch,
1644 1718 2818 1800 ziehungen überhaupt bedrohen, von der erbitterten oder
445 1731 1647 1808 wicklungsgang und über dessen Abspiegelung in der
2818 1743 3337 1827 daß das Untergehende übe
1637 1773 2810 1837 resignierten Ohnmacht des Alterns, von der Flucht vor der
460 1777 1641 1848 Gestaltenwelt Artur Schnitzlers manches feine Wort
2816 1799 3338 1874 wirkt als im Leben, daß
1643 1817 2816 1880 Verantwortung, vom Ineinanderfließen von Traum und
461 1833 1605 1898 bei Specht nachgelesen werden kann. Er zeigt ir
2815 1839 3338 1918 Daseins den tiefen, innig
1640 1869 2816 1933 Wachen, Wahn und Wahrheit, vom Puppenspieler des
446 1867 1648 1940 treffender Weise, wie Schnitzler erst das wurde, was er ist,
2810 1885 3336 1971 tragen! Der Dichter des
1646 1908 2818 1973 Lebens, der in seine eigenen Fäden verstrickt wird, von der
446 1924 1647 1986 als er den Arzt nicht mehr vor dem Dichter versteckte. Bis
2805 1941 3321 2009 mir, lebendizer und zuku
1651 1963 2810 2020 so geheimnisreichen, verhängnisvollen Verkettung fremdester
442 1967 1640 2043 dahin hatte er heinisiert, georillparzert, gehebbelt, französelt.
2810 1983 3315 2059 wangiger Daseinsverherrli
1639 2011 2812 2069 Schicksale miteinander, von der Angst vor dem versäumten
451 2026 1649 2083 Lebenswahr ist auch die Bemerkung Spechts, daß man,
2806 2030 3328 2108 Mann anzuführen, dem Ri
1640 2059 2824 2126 Leben, von der Angst vor dem Tode. Dies sind nicht Motive
450 2070 1641 2137 wenn man mit Schnitzler über seine Gestalten spricht, bis¬
2805 2069 3346 2162 „Das Leben ist oft auf jen
1643 2103 2488 2178 einer Generation, sondern ewig gültige.
457 2110 1645 2177 weilen die Empfindung hat, ihren Hausarzt zu befragen,
2820 2119 3293 2214 geliebt wird: der Tod.“
1718 2153 2823 2228 Man hat gegen den Dichter einzuwenden versucht, daß
453 2138 1651 2213 der über alles Seelische und Körperliche, ja über ihre
1644 2200 2828 2274 seine Schöpfungen nicht nur Dokumente eines eng begrenzten
450 2198 1652 2273 skünftigen Ereignisse Bescheid weiß. (Dies, gilt in gleichem
2897 2222 3328 2325 Zachartas Wern
1653 2239 2830 2312 Zeitabschnittes seien, sondern auch bloß lokale Bedeutung
458 2255 1649 2342 Maße, wenn man über sich selber mit dem Dichter redet.)
1646 2280 2830 2362 besäßen. Wahr ist, daß er der Dichter, fast möchte man
564 2297 1652 2365 Als einer, der die Anschauung eines künftigen,
3008 2296 3332 2389 Ungedruckt
1654 2329 2827 2408 sagen, der Entdecker der Wiener Landschaft ist, die wir alle
452 2338 1654 2410 frichtigeren Lebens in sich trägt, entblättert Schnitzler auch
3047 2365 3336 2449 Mitgeteilt von
1640 2380 2831 2456 seildem unbewußt mit seinen Augen betrachten (so wie Hof¬
454 2391 1659 2463 fmanche welk duftende Lüge der Konvention, an der unsere
2897 2418 3334 2507 Der Todestag Zachar
1635 2435 2833 2503 mannsthal an einigen erlesenen Prosastellen die Ausseer
461 2437 1648 2514 [Gesellschaft krankt; eingelebte Begriffe werden bei ihm
2808 2472 3321 2545 hundertsten Male jährt, 1
1640 2477 2821 2544 Landschaft ins Ideale gesteigert hat), die wir zwischen den
460 2490 1651 2562 wesenlos, wie die „Stimme des Blutes“, das „Pathos der
2812 2524 3313 2600 deutendstes, heute leider se
1646 2525 2819 2597 Zeilen seiner schmucklosen, edlen Prosa, der irgendeine
456 2524 1657 2602 Untreue". Die unerbittliche Helligkeit des an seiner Einsam¬
2805 2578 3335 2645 der Keast“, das genialst
1652 2594 2828 2637 magische Beschwörungskraft innewohnen muß, unwillkürlich
459 2582 1646 2650 lkeit schwer tragenden modernen jüdischen Geistes erblärt
2809 2611 3331 2682 Luther=Trama, soweit die
1644 2623 2821 2684 schauen und die gleichsam als Luft um seine Gestalten atmet.
457 2630 1658 2691 wielleicht das Fehlen alles Kosmischen, Religiösen, Sozialen
2814 2663 3315 2726 Seltsamerweise war der
1645 2675 2829 2731 Wahr ist aber auch, daß der Dichter je mehr er sich ins
459 2664 1647 2747 in Schnitzlers Werk und sein immer tieferes Mißtrauen
2813 2713 3325 2779 schon tüfer mit jener Mack
1655 2720 2817 2778 Individuelle versenkt, durch um so allgemeinere Gesetze be¬
452 2738 1661 2799 ggegen das Wort („Jedes Wort ist ein Vorurteil", sagt
2827 2751 3315 2836 Held, der große Retigions
1645 2759 2836 2826 lohnt wird, daß ein Homer Griechen und ein Shakespeare
466 2769 1657 2833 [Goethe), das an allem Schuld trägt. Es ist, als ob der
2815 2808 3306 2871 Drei Jahre nach diesem
1642 2796 2180 2894 Englänber geschildert hat.
459 2817 1649 2892 Dichter, der seit längerer Zeit geschwiegen, sich erst sammelte,
1733 2856 3340 2922 Mit Recht weist Specht darauf hin, daß auch Dich= wo er, nach wenigen Mona
536 2848 1663 2944 n in einer Sprache, die über allen Worten ist, die wahren
2944 2902 3332 2989 4übertrat.
455 2901 2833 2994 Wichtigkeiten des Lebens der Menschheit zu verkündigen tungen Krankheitsverioden erleiden, ihre Vereinsamungen
