3344 4256
116 134 1260 237 2. guttings box 37/7
1853 162 2077 261 A
2764 170 2895 257 ##. 4
1573 263 1716 348 —
1787 340 2600 460 EL MUND
1764 468 2764 528 Diario de Informaciön (S. A.).—Aguila 60. Habana.
1856 508 2704 570 MIEMBRO DE THE ASSOCIATED PRESS
1532 545 2630 614 Presidente y Apoderado General: RAFAEL R. GOVIN.
1905 557 2980 636 Director-Administrador: ANTONIO GONZALEZ MORA.
2099 618 2442 666 Centro Privado:
1542 635 2985 712 Anuncios, A-1112: Redacciön. A-1113; Sports. A-1114; Administraciön, A-1116
1843 686 2699 742 Apartado. 170.—Cable y Telégrafo, MUNDO.
1550 710 2289 782 Tarifa de suscripciön en el Intertor:
1911 718 2973 805 Un aflo, 812.00.—Un semestre, 88.00.—Un trimestre, 84.50.
1555 780 2314 856 blinimun de suschipeiön, un trimestre.
1811 831 2828 958 Un ejemplar, 5 cts.—Nümero atrasado, 10 cts
1735 878 2530 932 Tarifa de suscripeiön para el extranjero:
1562 918 2705 978 Un trimestre, 86.00.—Un seinestre, 812.00.—Un aflo, 317.00.
3193 1063 3241 1111 ##
1618 1058 1708 1133 46
3125 1103 3235 1147 ol „
3024 1106 3125 1152 iebro
2995 1133 3242 1192 del Dr. Ante
2335 1125 2964 1216 Er. Lene.A
1655 1122 2235 1211 LENenO
2981 1168 3234 1225 la asistenciat
2983 1212 3084 1261 res.
3015 1213 3234 1289 Primerame
1832 1254 2757 1316 (DR NUASTRO REDACTOR-CORRESPONSAL)
2987 1269 3236 1326 de la sesich
2981 1308 3240 1362 da, v, desput
2985 1341 3231 1395 eseritd del
2994 1378 3234 1429 dando las g
2989 1408 3246 1468 aprobacion c
2996 1451 3242 1499 ria a surent
1564 1432 2983 1521 ErrOeta de Viella
2991 1469 3250 1536 acepta nuch!
2986 1521 3236 1578 ese cuerpo:
1653 1530 2999 1603 El gran diplomätico Talleyrand, solia decir que no conocia la don¬
3020 1564 3242 1633 Al decling
1575 1592 2990 1665 beur de la vie“', quien no habia conocido el Versalles de los Luises. Hoy se
2991 1617 3243 1672 de continunf
1569 1663 2988 1710 podria afladir a esta célebre frase que para haber conocido por lo menos la
3005 1653 3242 1707 expresé en N
2995 1681 3252 1740 tal propósitä
1558 1696 2997 1753 Sombra de la dulzura de vivir versallesca, era indispensable haber vividc em
3005 1722 3243 1773 vocable. Not
1559 1735 2996 1793 Ja Viena imperial en esa capital incomparable, situada entre el Norte sen¬
2995 1745 3251 1812 do a bien
3008 1790 3252 1842 esa rennnejn
1562 1790 2987 1840 Zimental yel Sur imaginativo, entre el Occidente positivo y el Oriente so¬
2996 1828 3122 1876 go po
1578 1833 2995 1901 flador. La Viena de Prancisco-José era el ültimo refugio de Versalles, un
2980 1861 3258 1911 finguidos cs
1562 1881 3249 1948 Versalles mäs intimo y algo aburguesado, rodeado de una atmösfera de !'ger de diezeg#s#
3031 1927 3258 1986 Dadas las
1566 1936 3003 1994 mutlichkeit“ germänica, mezclada con la grachosa poesia meridional, armo¬
3008 1965 3246 2012 en el caso
1562 1976 2997 2032 niosa y superfictal del ahate Metastasto de Maria-Teresa, y con el aire län¬
2993 1995 3260 2052 de salisfach
2978 2018 3242 2082 eiön en que
1568 2026 2420 2089 guido, escapado de las arcadas venecianas.
2998 2065 3222 2117 go constar
1645 2079 2989 2123 De esta Viena adbrable y desvanecida para siempre es poeta Arturo
3007 2073 3240 2149 mismo, com
1574 2111 3007 2195 Schnitzler, que abandonó su diploma de médico por ia voluptuosidad de crea¬
2997 2128 3251 2187 mas elocnen
3001 2172 3120 2217 mis
1564 2175 3001 2232 dor grandioso. Schnitzler es poeta de ese perfume ünico e inconfundible
3000 2197 3112 2257 honro
1570 2219 2990 2279 que envolvió la cindad imperial; de esa sonrisa escéptica, aunque buena; vor¬
3000 2240 3110 2291 cho
3028 2272 3126 2320 Edif
1571 2263 2994 2328 dial. aunque resignada, de los vieneses; de la elegancia discreta de sus mu¬
3011 2306 3181 2367 de 1924.
1581 2309 3000 2372 Jeres, mäs distinguida que la de Paris. Discreciön y distinciön,—dos concep¬
1566 2348 3011 2423 #tog que caracterizan mäs que ningün otro a la Viena de antes de la guerra,
3049 2354 3239 2433 Conferen
1580 2400 3001 2460 #t la obra de Arturo Schnitzler. Viena y Schnitzler desconocen la volun¬
3039 2406 3250 2467 En la prot
3003 2449 3201 2500 Senado, se
1580 2457 2994 2514 tad fuerte, la energia indomable, la lucha despiadada por la vida, el gran
3001 2457 3244 2535 te proposicis
1577 2507 2989 2575 gesto trägico. Todo estä dominado por una elegancia innata e involuntaria,
3011 2525 3245 2583 zalo Pérez:
1584 2546 3007 2611 que evita lo estridente, lo plebeyo, lo brutal, lo altisonante. El dolor mäs
3036 2565 3250 2651 El mante
1574 2597 2992 2662 hondo se expresa por una sonrisa amarga entre lägrimas, por un ligero sus¬
3010 2609 3240 2680 les relaciong
1580 2642 2998 2719 piro pronto reprimido. Es un mundo cansado por la alta cultura secular, que
3003 2662 3235 2712 del mundo
3011 2694 3228 2744 y sincero pr
1573 2704 2998 2757 desconoce ya el anhelo violento, la lucha por la existencia material; un
2998 2718 3203 2781 nos v do
1567 2747 2995 2806 mundo delicioso que acepta la vida como un don concedido por los cielos pa¬
3004 2758 3115 2814 do.
2996 2774 3221 2849 Teuanias 9r
1571 2788 3004 2851 ra gozar de ella armoniosa y discretamente, en placeres intelectuales y ar¬
1573 2838 3243 2898 tisticos, en amorios posticos y silenciosos, sin sensualismo vehemente, dul-ten para ex
2991 2866 3241 2914 Teada una de
1576 2883 3248 2947 ces como un crepüscnlo de primavera, sin tragedias y sin preocupaciön dell##respeto al
1580 2932 3244 3002 signiente dia. Es un mundo cuya gran virtud (zo gran defecto?) consiste enbierno prop
3010 2973 3252 3022 de sentimiel
1589 2982 2995 3048 comprenderlo todo y perdonarlo todo; un mundo que ante él adulterio no
3000 3001 3172 3061 ciones.
3083 3034 3215 3091 Cuba
1586 3035 3007 3093 levanta el pufial, ni siquiera la voz; los amantes y los esposos se separan
3010 3048 3236 3127 ricos, por
1585 3072 3002 3138 con un gesto de dulce indulgencia, con un sollozo reprimido en la garganta,
3013 3098 3232 3157 de que fué
1585 3131 2999 3201 con un pesar oculto en la mirada. Nada mäs lejos de la literatura meridio¬
3015 3128 3249 3191 roicas luchg
3007 3171 3247 3233 por su mist
1592 3167 2996 3227 naly tropical, construida con palabras elocuentes, con silogismos severos, e
3006 3207 3247 3259 la más llamf
1589 3230 2999 3280 iinminada por una luz violenta. En Schnitzler todo es claroscuro, matiz, de
3009 3246 3239 3295 nas, a tom
1588 3269 2998 3324 licadeza; palabras pronunciadas a mitad; frases que se quedan entre lineas;
3011 3279 3241 3331 alta y. hour
3048 3314 3240 3364 V aproxin
1582 3309 3014 3369 un continno parear en las lindes entre la realidad y lo irreal, entre la vida
3007 3342 3237 3399 be ser mem
1578 3366 3000 3414 yel suefo, de lo quesel poeta saca sus efectos mäs bellos y mäs personales.
3019 3382 3230 3434 ferio, de In
1657 3401 3009 3478 Toda esta delicia parece hoy como algo muy lejano; no han pasado aün
3020 3419 3235 3462 vo Gobiern
3014 3438 3250 3505 Dominicana
1588 3464 3013 3514 diez aflos desde las ültimas semanas de la paz, y se diria ya que diez lus¬
3016 3487 3235 3554 chos titulog
1583 3493 3007 3564 tros nos separan de ellas. Los aristöcratas franceses debian de tener la
3020 3524 3214 3572 Congreso,
3014 3553 3240 3606 tivo, enviay
1595 3546 3017 3608 misma sensaciön en su campamento de Coblenza pocos aflos después de la
3012 3583 3244 3652 res y Rep
1581 3605 3010 3650 toma de la Bastilla, cuando su imaginaclön comparaba el ensuefio de Ver¬
3008 3624 3211 3672 barcos de
1587 3655 3018 3699 salles con la triste realidad del destierro. „Qué sentirá ,loy la clase alta del
3017 3645 3236 3708 testimoniar
3011 3678 3241 3742 cuno, en ###
1588 3689 3013 3758 ex Imperio de los Habsburgos al leer los libros de Schritzler en su Patria,
3021 3725 3232 3771 to de hern
1589 3733 3006 3793 sumergida en la miseria? „Qué harian en la Viena de loy los personajes
3022 3757 3239 3812 del tiempo
1586 3771 3013 3841 creados por el poeta? Dönde estä el mundo delicado de“Das weite Land'“?
3023 3793 3224 3841 nada mas
3023 3820 3238 3891 bacion del
1583 3834 3004 3902 „A dönde se ha refugiado la dulzura de la vida; o'se fué quizás para siem¬
3045 3866 3237 3941 f1 Sengeh
1589 3891 1764 3968 pre?
2542 3904 2943 3995 Tibor GALGOCZY.
3015 3925 3234 3981 declarn, aus
3002 3960 3197 4024 bracien
1602 3971 1912 4040 (Viene mano).
3041 4051 3141 4108 gache
1616 4065 1794 4112 •AN
1992 4056 2258 4106 T
2440 4035 2997 4106 e
