3344 4256
564 94 1309 190 Tar and Feathers
650 174 1210 246 (Coneinded from page 407)
929 249 1618 317 AlcCall disappeared into the booth.
229 270 911 317 station and Levin saw them to the
936 301 1604 359 Te rcappeared a few minutes later.
223 321 764 375 gates leading to their track.
286 343 909 405 Let’s sec, what was that address?“
990 342 1633 413 Sending for it right away. Lei’s
933 388 1146 441 go back.?
967 408 1613 483 Afew minutes later a truck ap¬
270 418 912 482 Miss Mcadows? Herc it is. Bet¬
224 466 917 514 ter write it down. Got a pencil? All
944 469 1623 518 peared and McCall’s locker trunks
935 506 1628 548 and bedding roll were being loaded
228 510 918 547 right. Well, so long. Look me up
940 548 1634 593 into it. It sccmed very strange.
217 546 927 589 again. Come to see me when von're
933 579 1628 627 For almost two years they had been
222 584 860 638 in Chicago. Good-night, McCall.“
943 617 1633 659 logether. In the same company at
940 653 1630 713 Plattsburg, where they had gotten
262 653 919 705 Hamilton was lring leisurely on
931 686 1638 746 their commissions together; in the
214 708 919 757 his bed, smoking a cigarette and read¬
939 715 1629 775 samc company at Camp Eustis, where
221 738 911 783 ing a letter from Margaret, ihen Ale¬
933 763 1636 818 they had drilled rookies; in the same
220 783 736 831 Call burst into the room.
932 811 1635 859 company in France, until casualties
282 827 902 874 Got my order! Got my dis¬
931 839 1629 890 had placed cach in charge of his own
219 851 921 917 charge!“ he shouted, waving a slip of
945 874 1635 924 company. They had received their
227 904 922 949 paper. Come on, Hamilton, help me
939 909 1634 968 promotions to hrst lieutenancies and
220 928 929 992 pack. I'm going to catch the noon
940 951 1631 1005 to captaincies on the same day. They
223 975 551 1027 train, if I can.“
935 995 1637 1035 had studied together and fonght to¬
255 994 927 1065 Together they hurried out of the
946 1030 1638 1073 gether. Side by side they had stood in
224 1055 915 1099 room and down the row of wooden
942 1066 1629 1108 muddy trenches. They had tasted
228 1092 919 1156 barracks. McCall was talking ex¬
935 1100 1634 1152 the same dangers and hardships, the
942 1140 1633 1187 same hopes and anzicties, the same
223 1138 395 1191 citedly.
943 1173 1628 1226 enthusiasms and pleasures. Non¬
269 1159 923 1235 No more of these damned bar¬
945 1216 1479 1260 they werc to be separated.
223 1209 853 1260 racks, all looking alike,’ he said.
976 1245 1634 1308 McCall was going back 1o Chicago.
264 1261 928 1320 In MeCall’s room Hamilton was
938 1294 1631 1346 In a few days Hamilton was going
222 1296 924 1357 removing articles from a wooden
943 1340 1631 1386 back to Corinth—and then what
231 1339 929 1388 shelf that extended over the foot of
942 1365 1639 1424 would become of their friendship?
227 1367 919 1427 the bed—a few photographs, books,
939 1403 1634 1449 Parting would sever something from
236 1410 920 1474 stationery, brush, comb, a soap box,
946 1440 1634 1496 Hamilton's life. Ves, life was that, a
235 1449 922 1502 a tobacco pouch, a shoe brush and
935 1474 1643 1530 meeting and a parting. Oue made
228 1484 927 1538 some face towels. As he picked up
940 1515 1633 1576 friends, built up à community of in¬
225 1523 924 1576 one of the volumes, a snapshot, which
944 1552 1635 1606 terests, and then the friend moved
227 1558 922 1621 had been kept between the leaves,
950 1589 1642 1643 away or died or grew up into a dif¬
223 1598 931 1645 fluttered down upon the floor and
945 1638 1633 1683 ferent being. The next time they
235 1636 901 1698 Hamilton stooped to recover it. 11
937 1667 1633 1716 met Hamilton might be engrossed in
237 1673 928 1722 was Dorothy Meadows. standing at
947 1700 1632 1762 something else—possibly the details
225 1711 920 1769 the entrance to the hospital in Paris
945 1754 1633 1792 of the Hamilton enterpriscs and, as
259 1747 924 1811 —Dorothr in her nurse’s cloak and
952 1779 1635 1831 conccivably, MeCall would be en¬
220 1779 927 1833 bonnet, smiling at him. McCall
953 1824 1364 1881 grossed in his work.
232 1825 771 1883 looked up Trom his packing.
973 1855 1638 1922 MeCall was swinging rapidle down
279 1865 923 1934 Mhat is that?' he asked.Oh,
946 1899 1635 1942 the road, stopping now and then 10
222 1910 652 1970 one of my snapshots.“
942 1941 1637 1979 shake hands with Triends, orto shout
652 1933 919 1997 this?“ asked
491 1952 569 2002 011
289 1958 444 2003 Wene
956 1970 1640 2022 Pgood-bye“ excitedly across the road.
235 1985 927 2049 Hamilton, his face red from bend¬
949 2012 1636 2064 Hamilton returned to his room.
227 2031 349 2078 ing.
946 2040 1633 2094 Evervthing was in order, in case
271 2056 931 2111 'In Paris. Took it with her cam¬
947 2085 1635 2139 his discharge should come. He could
230 2105 931 2169 era. Von know she’s been an ange
940 2117 1639 2175 pack within fifteen minutes. He idly
222 2142 757 2192 of mercy to us, Hamilton.“
943 2150 1640 2215 went over some reports, ran a brush
266 2185 919 2228 Hamilton's mind went back to the
954 2194 1648 2248 over his shoes and putties, and lay
226 2216 929 2276 New York cabaret, where McCall had
946 2228 1639 2283 down again on his bed. He looscned
227 2257 930 2316 sat reciting poctry with shining eyes,
945 2274 1645 2326 his coat, took out his letter from
231 2290 934 2348 and an emotion strangely like that of
956 2306 1635 2359 Margaret and rercad it. Margaret
238 2332 930 2386 jealousy scized him. He thought
949 2341 1648 2400 was to sing before the Daughters of
228 2370 921 2426 of their walk in the Luxembourg gar¬
957 2381 1647 2431 the Confederacy and had just been
227 2404 929 2462 dens. Of course it could not be
956 2418 1640 2480 appointed on a committee 10 wel¬
229 2437 928 2512 jealousy. Still the feeling persisted
948 2456 1504 2513 come the returning soldiers.
237 2471 933 2536 and he hardiv heard what McCall
977 2499 1640 2557 Hamilton was dozing away com¬
236 2517 944 2569 was saying. If he had not been in
952 2538 1652 2597 fortably when McCall burst into the
232 2557 932 2614 love with Margaret, this feeling
952 2584 1556 2647 door, a suitcase in either hand.
230 2596 938 2640 would be understandable. As it was,
991 2629 1650 2685 Well, so long, Hamilton, I'm go¬
232 2629 944 2678 it was fantastic. Perhaps McCall had
238 2667 907 2719 not written the pocm to Dorothy.
947 2667 1058 2723 ing.
295 2690 935 2762 Got to get transportation,“ said
1008 2703 1647 2766 Just a minute, I’lI go down with
230 2740 937 2790 McCall, standing up, after the last
957 2756 1622 2813 von.“ Hamilton sprang to his feet.
237 2777 939 2836 strap had been tightened and the last
991 2784 1645 2856 Ouly ten minutes left. All right,
238 2823 937 2880 lock turned.I’ call up the supply
944 2834 1364 2894 your coat’s all right.“
240 2854 708 2908 department. Come on!?
982 2884 1649 2935 Hamilton took onc of the suitcases
285 2874 929 2950 They rushed out to the #. M. C. A.,
948 2925 1640 2970 and together they rushed out of the
246 2930 931 2985 where the nearest telephone was, and
333 3007 410 3054 J.—
1173 3024 1617 3069 Lake Dunmore, in the
1049 3035 1171 3075 FOR
1178 3062 1625 3109 Green Mts. of Vermont
271 3031 1035 3112 ZELENKOCAMP
536 3094 1620 3151 XK 160-acre park of pines, on the shores of a perfert monntain
277 3102 533 3157 Founded 1911.
271 3150 1623 3189 lake. Bungalows and tents. Every' medern ronvenienee for comfort and
285 3160 1619 3207 shfety. All land and water sports, under expert supervision. Tutoring.
282 3184 1626 3239 Physician and trained nurse in attendance. Conscientions personal attention
281 3221 1624 3261 to health and comfort of euch boy. DIETARV LAWS STRICTLY 0B¬
1027 3238 1637 3289 WIILIAM ZELENKO, Director,
273 3239 1030 3297 SERVED. Famons for its excellent table.
282 3273 1395 3332 547 West 1571n Street, New Vork Citg. Phone Wadsworth 2730
1216 3456 1399 3500 38th Season
280 3430 920 3522 MOELLER S
1001 3487 1635 3547 WEINGART SUNMER SCHOOL
1285 3543 1434 3586 BOYS
278 3499 928 3597 Boarding School
1038 3571 1578 3622 Hichmennt, Catsklll Mte., New Verk
352 3595 834 3661 5000 Fifteenth Avenue
1027 3609 1578 3664 For Full Information, Address
1128 3644 1499 3689 ROBERT A. WEINGART
429 3643 787 3704 Brooklyn, N. V.
1408 3665 1620 3722 New Vork City
997 3671 1257 3719 131 Wert 74th St.
319 3690 877 3752 Phone: Windsor 0352—Berkshire 8439
1136 3703 1500 3750 Telephone: Endicott 9374
303 3727 928 3790 A refined home and school for Jewish boys
280 3775 918 3815 and girls. Three separate bulldings. Large
290 3796 918 3836 P'laygrounds, Roller Skating. Tennis, Basket¬
293 3821 920 3868 ball and Handball. School and Clubhouse.
1645 79 2323 131 barrack. They hailed à 0. M. truck,
1640 129 2345 179 leadled the sutteases ontö it, and
2503 124 2916 203 She Found
1645 164 2333 227 crowded into ### scat next to the.
1649 205 1810 260 driver.
2411 187 2968 268 A Pleasant Way
1684 227 2344 299 The train was here. Everg one
2398 251 3021 336 To Reduce Her Fat
1646 278 2339 339 made a ruch for the deor. Last
1642 321 2337 369 farewells were saldl, last addresses
2739 331 3015 385 Thousands of oversat
1646 362 2349 409 exchanged. MeCall was waring bis
2700 361 3024 415 people have greatly re¬
2712 399 3018 438 Anced their weight and
1639 399 2339 448 arms and shaking hands with ever¬
2708 430 3019 466 attained a normal fig¬
1655 431 2335 479 one. There was no time for eveh a
2714 453 3025 499 ure by following the
1648 464 2335 518 last word. Hamilton wished to say
2716 480 3028 524 adrice of others who
2712 508 3023 548 use and recommend the
1642 507 2343 554 something—something abent their
2626 484 2688 571 7
2713 539 3017 574 Marmola Prescrip¬
1652 539 2332 583 friendship, something abent the sar¬
2719 565 3016 601 tion Tablets. These
1648 574 2343 635 ing of his life in France. But it was
2720 595 3023 627 barmiess little fat re¬
2714 617 3015 652 ducers are prepared in
1641 612 2339 665 100 late. MeCali was being pushed
2709 646 3022 685 tablet form from the
1648 647 2338 708 Torward tothe train. 1ie found a
2712 672 3025 712 same ingredients that
1648 686 2338 735 scat next te the window, openel it
2710 698 3022 741 Tormerly composed the
2722 723 3031 770 samous Marmola Pre¬
2138 723 2347 774 The next
1645 726 2118 773 and shouted:So long!“
2726 760 3027 798 scription for fat re¬
1656 763 2341 814 minnte the train started, the cheering
2722 786 2861 824 duction.
1651 810 2337 851 and laughing mingled with the noise
2419 800 3031 860 If you are too fat, you oweit to yourself to give
1643 839 2344 881 of the locomotive gaining momentun,
2390 843 3032 885 these fat reducers a fair trial. Allthe better drug
2391 877 3034 918 stores the world over sell Marmola Prescription
1649 883 2349 935 the waring arms and grinning faces
2400 908 3020 944 Tablets at one dollar per package. Ask vour
1658 912 2113 968 receded in the distance.
2397 923 3022 974 druggist forthem or send one dollar to the Mar¬
2392 958 3024 1000 mola Co., 717 Garfield Bldg., Detroit, Mich., and
1686 952 2347 1011 Hamilton wondered when he would
2389 992 3022 1026 sccure a package of these tablets. They are harm¬
1652 992 2362 1053 go home, locked around and walked
2395 1013 3035 1051 less and reduce your weight without going through
1644 1032 2171 1096 back to his barrack alone.
2391 1043 3029 1086 long sieges of tiresome exercise and starvation diet.
2394 1074 2837 1125 If you are too fat try this today.
1732 1071 2279 1140 (To be continned nert zeeck)
1701 1165 2307 1245 Jewish Art Pilgrim
2384 1176 3031 1252 SUPERFLUOUS HAIR
2409 1228 3042 1300 Oaly Institute ueing Albert C. Geyser, M. D.“
1729 1228 2264 1317 (Coneluded from bage 461)
2426 1284 3013 1362 6 Treatment Method
1641 1311 2345 1381 His models, usually with dilliculty
2493 1358 2937 1398 THE RESULT OF 25 VEARS
1643 1367 2345 1422 persuaded to pose because of their
2533 1391 2903 1430 Of Constant Improvement
1642 1402 2350 1456 orthodox abhorrence of the reproduc¬
2493 1419 2944 1465 For Removing Superflucus Halr
1651 1437 2351 1495 tive arts, are fascinating types. His
2580 1456 2849 1497 Conaultation free
1648 1475 2343 1528 studies include, among others,
2537 1486 2918 1529 oney back for every halr we
2505 1522 2928 1564 fall to remove permanentiy
1649 1522 2349 1561 Ghettos in Paris, Krakow, Venice,
1650 1554 2355 1603 Wilno, Warsaw, Tarnopol and Lub¬
2442 1548 3004 1623 TRICHO INSTITUTE
1662 1595 1750 1643 lin.
2444 1613 2980 1674 242 W. 74th St., N. V. C.
1678 1619 2351 1689 The writer hopes that it will be
2458 1666 2993 1711 Open Evenings—Tuesdays and
1653 1671 2348 1728 made possible for Mr. Reiss to con¬
2475 1694 2953 1734 Thursdays Until 9 P. M.
1651 1711 2357 1759 tinuc his pictorial quest. The artist
2392 1721 3037 1781 VALUABLE B00KLET FREE OP REGUEST
1649 1744 2354 1787 desires later to visit Spain, Morocco
1651 1784 2343 1833 and the cradle lands of the faith in
1661 1820 2351 1868 Asia, as well as trails of the wander¬
2181 1860 2348 1904 Judlung
1646 1865 2178 1916 ing Jew in South Amerien.
2427 1847 2976 1941 F SUPERFLUOUS HAIR
1651 1895 2352 1938 Trom the restts tins far, both his¬
2446 1934 2994 1970 emoves Permanentiy by the painless
1655 1930 2354 1986 torically and artistically, Mr. Reiss
2411 1960 2989 2005 method of Dr. Roebling Geyser, a licensed
1658 1961 2356 2017 may be trusted to measure up to the
2595 1986 2996 2016 Different from any other
2424 1990 2576 2021 physician.
2416 2010 2997 2040 method. Fourteenth year in zuccessful
1658 2008 2348 2058 great project he has set for himself,
2415 2032 3003 2067 uso. Quaranteed permanent. Booklet cont
1664 2044 2349 2096 the delincation of the Jew at various
2414 2048 2997 2090 In Plaln Envelope. Dr. Roebling Geyser.
2419 2083 2864 2113 107 East 35th St., New Vork.
1660 2092 2358 2131 points of his cosmic background. To
1656 2114 2354 2170 quote George Bellows, the well¬
1656 2150 2349 2208 known artist, apropog of Reiss,
1661 2191 2362 2243 whom he knows and respects:“ When
1664 2233 2360 2282 we find a man with a great desire
1667 2275 2362 2318 to do something for its own sake, it
1654 2309 2351 2367 is a great thing to give him every
1664 2340 1992 2413 possible support.“
1721 2450 2289 2532 Arthur Schnitzler
1741 2521 2292 2605 (Concluded from bage 460)
1657 2600 1950 2668 quicker brain.
1704 2645 2361 2716 Why anti-Semitism has gained so
2406 2686 3049 2734 FOR THE PASSOVER HOLID IVS USE
2183 2695 2369 2744 I think
1664 2705 2185 2747 much in strength recently?
2428 2727 3015 2792 HOE.OWITZ BROS. & MARUARETEN
1657 2728 2368 2788 it hasto do with the general state the
2571 2769 2877 2818 MATZOTHS
1661 2779 2361 2816 world is in at present. Remember
2414 2807 3051 2855 The Matzo with the Distinctive Tuste“
1658 2808 2367 2862 that a wave of hate has swept over
2400 2839 3053 2903 Packed in Special Sanitary Cartons
1661 2850 2364 2903 the pcoples of the carth, and that hate
2433 2877 2880 2924 Do not accept Substitutes.
1659 2888 2371 2937 is a very real deep-rooted instinct
2422 2900 3043 2955 Look for the red Mogan David“ and
1672 2921 2363 2971 which must have its vent once it is
2403 2943 3050 2981 the name of the well-known matzeth
2411 2968 3049 3020 bakers who have been serving you for
1664 2958 2363 3014 aroused. Some object must be found
2400 2997 2781 3040 more than forty years.
1664 3002 2366 3045 for it, and it is therefore not un¬
2404 3023 3057 3089 HOROWITZ BROS. & MARGARETEN
1664 3031 2364 3084 natural that it concentrates on a sec¬
2670 3064 2776 3100 INc.
1668 3077 2363 3118 tion of the community that enjoys a
2404 3081 3061 3142 363-369 East Fourth Street New York
1670 3112 2367 3162 certain traditional privilege of perse¬
2527 3113 2923 3173 Telephone, Orchard 4014
1664 3143 2354 3201 cution, a section of the community,
1667 3184 2367 3239 moreover, which for some reason or
1670 3216 2362 3269 other is weakened by an excessive
1676 3257 2363 3311 objectivity and br a certain inclina¬
2544 3196 3081 3347 URNEA
1676 3293 2361 3344 tion to self-analysis, and is therefore
1680 3336 2135 3391 perhaps a rcadier victim.
2572 3340 2871 3415 EXCEPTIONAL.
1726 3378 2361 3424 "Do I think that the Jews are a
1666 3413 2362 3476 creative pcople? I most unhesitating¬
2608 3401 2845 3475 Tuition in
1672 3455 2364 3514 Iy answer that I do. Look at the
1667 3485 2367 3537 names that we can show within a
2469 3489 3002 3563 DANCING and
1683 3523 2364 3578 short space of time. More than that,
1697 3565 2368 3616 I believe we are on the verge of a
2440 3556 3017 3634 Dance Calisthenics
1680 3604 2373 3653 great Jewish renaissance. What is
2496 3631 2969 3688 Children and Adult Classes
1680 3638 2367 3683 the nature of the artistic message
2439 3667 3019 3726 Day or Evening—Private Lessons
1694 3684 2365 3738 Judaism has to convey tothe world
1707 3715 2365 3759 am unable to say. But there is a
1687 3726 3037 3799 promise of springtime in the air. BALLROOM, HOTEL DES ARTISTES
2784 3788 3038 3835 Columbus 10194
1674 3781 2670 3841 Time alone will show the nature of II1 West ö7th St.
1670 3827 1938 3888 the blossom.“
2532 4035 3122 4107 mmn, che
