3392 4320
1131 246 3006 343 er Robert Michel) Österreichische
1105 339 3015 451 ich /Die österreichische Landschaft
861 654 2070 761 Osterretens
143 558 657 767 chter
126 789 2094 875 STHAL, ANTON WILDGANS, ARTHUR SCHNITZLER
345 879 1019 958 Ansprache von Felix Braun
197 939 2094 1028 manches und nicht bloß das, was sie dem,zold. Indem ich diese Aufeinanderfolge
210 1010 2088 1073 Vaterlande, dem alten Kaiserreich, ver- feststelle, die innerhalb weniger Jahre
1159 1046 2096 1122 aus Österreichs Dichtern einen langen
209 1070 1151 1129 dankten. Obwohl jeder einem andern
1157 1098 2108 1171 Totenzug gemacht hat, kann ich mir nicht
209 1117 1153 1177 Stand angehörte — Hofmannsthal kam
1161 1156 2100 1221 verwehren, das Ereignete zu deuten.
206 1166 1153 1232 von oben, Schnitzler aus der Mitte, durch
1160 1199 2091 1261 Starben die Dichter dem Vaterlande
204 1215 1153 1276 die Tiefe Wildgans — verband sie die
195 1246 2088 1334 Zeit, die bei aller Schwäche, ja Müdigkeit nach? Folgten sie dem alten Reich hinab
1142 1301 2091 1367 in die Vergangenheit? War das der Sinn?
205 1307 1145 1376 für die Künstler entscheidend war. Hof¬
1145 1350 2089 1412 Bestand nicht Raum mehr für sie? Be¬
205 1368 1154 1421 mannsthal und Schnitzler stehen, als vom
1150 1397 2087 1462 durfte man ihrer nicht weiter (denn mit
209 1408 1150 1464 Fin de siècle bestimmt, näher zusammen;
211 1458 2091 1531 aber so ferne einander stilistisch das Ausnahme Schnitzlers sind sie alle ja
207 1487 2097 1554 „Salzburgen Große Welttheator“ und der jung gestorben)? Wir. die hier versam¬
211 1536 2096 1616 Einakter „In Ewigkeit Amen“ scheinen: melt sind, wagen keine Antwort, aber so
1146 1594 2093 1650 mancher mag in gewissen zu schweren
210 1594 1152 1652 das Wort über dem äußeren Burgtor, dalz
1149 1648 2081 1698 Augenblicken diejenigen vielleicht glück¬
221 1654 1153 1705 „Die Gerechtigkeit das Fundament der
1148 1669 2087 1742 lich gepriesen haben, die nicht mehr dem
203 1692 1150 1751 Regierungen“ sei, liegt beiden Dramen in
208 1742 2074 1813 jenem besonderen Sinn zugrunde, den Druck der Zeit Widerstand leisten müs¬
2281 1759 2833 1863 ANTON WILDGANS
221 1773 2087 1846 ein aus vielen Nationen bestehendes, inisen. Können wir uns Rilke oder Hof¬
221 1827 2087 1900 einem humanistischen Geist geleitetes mannsthal heute noch als mitlebend vor¬
1154 1862 3029 1932 stellen, Mächten unterworfen, die sie nie Kräfte, durch welche z. B. die Kunst be¬
217 1886 1144 1941 Reich für sich in Anspruch nehmen
1161 1923 2083 1992 anerkannt, an denen sie vorüber gelebt
213 1937 1150 1993 durfte. Das Uberwiegen des Dramas in
2086 1926 3030 1997 dingt ist, geradezu aussterben; die Lust
1150 1964 2082 2027 hatten? Bedenke ich, daß für die drei
222 1982 1149 2037 der österreichischen Poesie hat seine Be¬
2090 1982 3027 2046 am Lügen, am Ungenauen, am Symboli¬
1152 2025 2079 2088 Dichter, die wir heute ehren, ihre Kunst
212 2038 1144 2087 deutung in jener überwaltenden Gerech¬
2089 2031 3030 2090 schen, am Rausche, an der Ekstase könnte
1165 2068 2077 2131 Alles war, so weiß ich nicht, ob es das
212 2089 1149 2144 tigkeit: wer je einen Dialog geschrieben,
2081 2078 3032 2129 in Mißachtung kommen. Ja, ist das Leben
1161 2118 2083 2179 Schicksal nicht eher gut mit ihnen ge¬
2090 2131 3029 2188 erst im vollkommenen Staate geordnet, so
214 2139 1151 2195 wird nie mehr wähnen, es könne das
1151 2158 2085 2231 meint hat, als es sie zur rechten Frist
2091 2179 3037 2232 ist aus der Gegenwart gar kein Motiv zur
217 2173 1161 2234 Recht auf einer Seite allein bleiben und
1163 2221 2085 2273 entrückte. Nicht allein dem alten Reich:
219 2224 1151 2284 gelten. Dieser Geist ist heute, wir wissen
2090 2218 3039 2283 Dichtung mehr zu entnehmer, und es
1146 2265 2080 2318 einer ganzen Welt und Ara sanken ihre
233 2273 576 2343 es, imn Sinken.
2092 2266 3036 2334 würden allein die zurückgebliebenen Men¬
2093 2316 3023 2387 schen sein, welche nach dichterischer Un¬
257 2313 2085 2372 Wenn in Hofmannsthal das theresiani- Schatten nach. Gewiß erfreuen wir uns
130 2347 230 2408 wer
229 2365 2079 2436 sche, in Schnitzler das josephinische, in noch manches reinen, ja großen Dichters
2082 2353 3033 2438 wirklichkeit verlangten. Diese würden
1162 2418 2087 2467 aus ihrer Zeit und auch aus der neuen
2088 2423 3047 2478 dann jedenfalls mit Sehnsucht rückwärts
232 2430 1152 2482 Wildgans das francisco-josephinische und
1171 2448 2076 2518 Jugend; namentlich die Alpenländer ha¬
2090 2462 3035 2526 schauen, nach den Zeiten des unvoll¬
222 2482 1157 2544 zugleich auch das barocke Österreich sich
129 2497 179 2571 1
1169 2505 2091 2558 ben uns ein wertvolles Talent nach dem
2086 2526 3038 2579 kommenen Staates... nach unseren
225 2524 1155 2583 abgebildet haben, so sind das verschieden
1163 2555 2090 2622 andern gedeihen lassen. Gleichwohl will
2090 2554 3039 2619 Zeiten“. Fühlte das Hofmannsthal, wie er
236 2577 1158 2634 genug scheinende Aspekte: die Idee der
126 2594 225 2651 Der
1157 2606 2089 2662 es scheinen, als ob der Stern, der noch um
2093 2613 3027 2669 das Erdb. ben von Messina gespürt hat?
224 2622 1151 2693 Menschlichkeit aber ist, nicht mit dem ge¬
137 2648 226 2703 ra¬
1163 2648 2085 2712 die Jahrhundertwende hier in Wien den
2087 2655 3036 2736 In einer Gesellschaft, an der er teilnahm,
125 2668 1162 2747 ken redeten Pathos der Nachkriegsjahre,
1159 2708 2089 2767 jungen Dichtern Vers um Vers aus der
2092 2704 3036 2768 wurde — so erzählte man mir — die
135 2722 1162 2786 der sondern in dem Begriff des von Kant,
1169 2750 2032 2825 Seele gelockt hat, im Verlöschen wäre.
2084 2742 3038 2815 Frage gestellt, was der Dichter eigentlich
133 2767 1158 2846 des Goethe und Beethoven bezeugten deut¬
2077 2805 3038 2877 jetzt noch machen solle. Mit seiner hohen,
234 2798 1176 2876 schen Humanismus überall so tragend,
131 2838 218 2904 ene
2078 2851 3039 2931 schrellen Stimme erwiderte er: „Nichts!
228 2858 1182 2931 wie man noch an späten Bauten die antike
137 2886 222 2943 ent
2085 2901 2337 2966 Sterben!“
227 2909 1173 2977 Säule verwendet hat, nicht als Zierat, son¬
134 2935 231 2999 ehr
2132 2925 3035 3019 Andererseits jedoch müssen wir uns
230 2948 1184 3021 dern als Ausdruck des einzig Würdigen,
2089 2992 3043 3054 auch der erhebenden Tatsache bewußt
232 3003 1173 3073 wodurch fernste Geschlechter und Epo¬
2095 3038 3037 3107 sein, daß ir — immer noch! — dem ein¬
235 3055 1174 3135 chen in die Gegenwart sich ohne Zwang
130 3077 228 3143 der
2083 3090 3044 3158 zigen Jahrhundert angehören, in dem die
233 3110 412 3186 fügen.
140 3125 229 3185 nd
2092 3133 3041 3205 österreichische Dichtkunst geblüht hat
265 3145 1188 3226 „Wenn endlich Juli würde anstatt!
141 3178 232 3229 sten
2081 3186 3038 3253 und fort blüht. Im Mittelalter hat der
238 3202 1187 3269 März“: so beginnt das Gedicht „Des alten
138 3220 234 3286 er“
2086 3226 3045 3294 babenbergische Hof kurze Zeit die Dichter
241 3251 1178 3319 Mannes Sehnsucht nach dem Sommer“.
132 3268 237 3326 Enn
2099 3272 3031 3340 um sich versammelt: Walter von der
230 3302 1165 3366 Im Juli des Jahres 1929 wurde Hofmanns¬
2097 3331 3043 3403 Vogelweide erwachte hier, erstrahlte und
228 3360 1182 3422 thal uns weggerissen; zwei Jahre später,
145 3369 232 3420 ers
2093 3379 3044 3444 ging wie ein göttlicher Sonnen-Abschied
242 3399 1178 3468 an einem Herbsttag standen wir vor
2084 3426 3035 3502 hier unter. Aber dann: welche langen
243 3449 1190 3510 Schnitzlers Grab; im nächsten Frühling
130 3456 237 3523 ätet
2093 3472 3044 3543 Jahrhunderte ohne Kunst in unseren Län¬
239 3496 1181 3562 umkreiste der Trauerzug mit Anton Wild¬
137 3512 237 3568 ng¬
2084 3514 3021 3596 dern! Erst das Barock erweckte sie wie¬
234 3555 1181 3609 gans' Sarg das Burgtheater. Innerhalb
139 3561 231 3607 ten
2087 3564 3046 3625 der: die Architektur zog die Bildhauerei
243 3591 1183 3658 dreier Jahre schieden diese drei uns not¬
146 3605 241 3666 on
2083 3614 3030 3700 und die Malerei an sich; ihr folgte die Mu¬
241 3647 1183 3702 wendigen, sehr geliebten Dichter von
146 3652 254 3718 fen,
2084 3664 3036 3728 sik Glucks, Haydns, Mozarts, und im To¬
139 3691 1185 3757 end uns. Aber weiter zurück uns entsinnend,
2093 3717 3040 3795 desjahr Mozarts wurde der erste Dichter,
1320 3734 1483 3800 ARTH
1531 3731 1946 3811 R SCHNITZLER
134 3735 1171 3822 hmisehen wir alle wohl noch jenen schreck¬
2098 3766 2723 3823 wurde Grillparzer geboren.
128 3770 1182 3856 eit lich nebeligen 29. Dezember 1926, da die
2136 3816 3036 3876 Seither lebt bei uns die Dichtung — im¬
1211 3788 2101 3878 „Wozu Dichter in dürftiger Zeit?“ Dies
138 3826 1202 3900 ete Nachricht von Rainer Maria R.i¬
2095 3865 3044 3924 mer noch! Denn wenn in unseren Tagen
147 3870 2084 3944 chtikes Tod uns so traf, daß seither die Welt fragte Hölderlin. In einem Aufsatz von
2094 3905 3038 3967 ein „Apostelspiel“ und die herrliche Lyrik
1171 3922 2091 3975 Rudolf Pannwitz in der „Welt im Wort“
235 3939 1160 3991 uns um vieles dunkler geblieben ist. Im
138 3941 248 4001 om
2097 3950 3036 4012 von Max Mell entstehen konnten, so ist
135 3967 2084 4046 den Krieg kam GeorgTrakl um sein Le-fand ich eine Stelle aus Nietzsche zitiert,
2099 4012 3036 4063 das nicht weniger, ja, in gewissem Be¬
229 4016 2091 4091 ben. im Nachkrieg verloren wir Thad-die einer erschreckenden Prophezeiung
2109 4056 3041 4130 tracht sogar mehr, als was den Vorfahren
150 4067 2096 4160 ernidäus Rittner und Alfons Pet-gleichkommt; sie lautet: „Es könnten
