3392 4320
1962 220 2219 292 —
863 287 1324 390 box 33/3
430 312 516 378 t
115 314 731 422 2. Cut ings
1115 1030 1698 1128 HERMANN BROCH
2181 1037 2296 1132 71
529 1118 2306 1186 before us alone: the mother of the rich beside the mother of the poor,
521 1191 2294 1249 all equally downtrodden (dejected) and crushed, all equally grief-stricken:
1016 1243 1504 1311 Your son was mine
953 1294 1484 1372 and my son yours.
969 1348 1563 1424 The death of our sons
965 1406 1363 1479 made us one.
961 1470 1468 1551 My lap is empty,
960 1512 1340 1585 desolate both.
520 1545 965 1641 Here also, as in“
957 1561 2291 1653 The Sleep-walkers,'’ the world is first introduced, then
521 1622 1358 1699 understood and finally overcome.
1012 1677 2080 1755 In your sorrows you have found yourselves,
917 1738 1908 1818 in the sorrowful pregnancy of your love.
907 1796 1973 1848 Fettered by pain, you are freed from pain.
908 1842 2033 1925 Oh mighty pain and sorrow, creator of worlds
1237 1898 1598 1972 upon worlds.
910 1945 2032 2027 Let the dirge for your dead continue for ever.
901 2009 2225 2072 From your pain and sorrow a new world will be born.
584 2172 2288 2233 A crv of despair, through which nevertheless a silvery note of hope
524 2237 2295 2298 is heard. How far are we removed from the grace and charm, the blisstul
519 2286 2293 2343 joy of living of pre-war days; how far removed from Schnitzler and
530 2344 2294 2403 Rilke and Hofmannsthal; how difficult to find our way back to such an
533 2395 2295 2464 unaffected, care-free state. Of course, there is no lack of advocates of an
534 2450 2291 2507 old-time, easy-going“ Gemütlichkeit. Thev are false witnesses tothe
522 2505 2292 2563 gravity of our time, however; nor do they hear the voice of true joy,
525 2556 2300 2609 the volce of unselfish kindness of heart. The true witness is seen in
522 2622 2299 2686 Hermann Broch, who among a few others, including Robert Musil, truly
531 2671 2300 2749 deserves to be heard outside his own country. For he knows that the duty
523 2723 1480 2812 of a poet is to understand and to help.
