3392 4352
170 266 756 372 2. guttings
902 267 1368 351 box 38/3
1192 1018 2041 1119 „OBSERVER
1316 1111 1977 1180 . österr. behördl. konzessioniertes
1242 1158 2012 1222 Unternehmen für Zeitungs-Ausschnitte
1321 1200 1941 1291 WIEN, I., WOLLZEILE 11
1385 1274 1874 1340 TELPPHON R-23-0-43
1182 1392 1575 1483 Ausschnitt aus.
1578 1402 2098 1486 Fiele Presse, Wien
1596 1469 1925 1569 Abenablen
1183 1615 1321 1689 vom:
1565 1636 1888 1746 30. 382.
1163 1738 2236 1848 („Jahrbuch deutscher Bibliophilen und Literatur¬
1078 1803 2242 1894 freunde.“) Das soeben im Zsolnay=Verlag erschienene,
1073 1852 2237 1939 von Professor Hans Feigl herausgegebene „Jahrbuch deutscher
1074 1894 2240 1979 Bibliophilen und Literaturfreunde" birgt in seinem 18./19.
1070 1928 2240 2010 Jahrgang wieder fesselnden und abwechslungsreichen Inhalt. Den
1065 1984 2234 2068 Reigen der Beiträge eröffnet der Dichter des Stephan=George¬
1065 2014 2240 2109 Kreises Karl Wolfskehl mit einer auch durch sprachliche
1065 2067 2242 2161 Schönheit ausgezeichneten Erörterung über „Beruf und Berufung
1061 2117 2226 2197 der Bibliophilen in unserer Zeit" Karl Wolfskehl selbst wird als
1039 2139 2234 2247 Hüter des Erbes von Erich Lichtenstein (Weimar) gewürdigt.
1076 2255 2243 2315 Felix Salten erfreut durch seine viel Unbekanntes und Merk¬
1083 2300 2239 2346 würdiges vermittelnden Erinnerungen an die Anfänge des lierari
1085 2347 2249 2394 schen Jung=Wien, dessen hervorragendste Erscheinung, Arthur¬
1084 2391 2242 2448 Schnitzler, gleichfalls mit zwei Beiträgen aus dem Nachlaß ver¬
1078 2432 2244 2470 treten ist. Eigentümlich berührt es, daß schon der achtzehnjährige
1473 2469 2259 2525 e in seinem ganzen späteren Leben, um die
1088 2498 2246 2565 Preruneb kreist. („Frühlingsnacht im Seziersaal“),
1086 2558 2248 2606 Für die große Schritzler=Gemeinde stellt auch die bis ins kleinste
1094 2603 2256 2657 gehende, von Professor an der Columbia=Universität in Newyork
1095 2648 2247 2701 Otto P. Schinnerer nach jahrelangem Mühen zusammengestellte
1080 2689 2257 2737 Bibliographie sämtlicher Drucke, Schriften und Ausgaben der
1090 2722 2252 2771 Schnitzlerschen Produktion eine ungemein willkommene Gabe dar
1093 2769 2258 2811 Der als Gastrosoph ebenso wie als bibliophiler Palyhister großer
1098 2811 2253 2880 Ruf genießende Münchner Kari Georg v. Maaßen deckt als
1086 2859 2251 2902 „Grundgescheuter Antiquarius“ wieder eine Anzahl Anonyma der
1082 2895 2256 2943 deutschen Literatur auf, Dr. Konrad Höser (Eisenach) vermittelt
1088 2941 2256 2987 zum erstenmal einen ungemein lesenswerten Briefwechsel zwischen
1092 2990 2258 3033 Ferdinand =ürnbgrger und dem Kritiker und Hebhel=Biographen
1097 3009 2250 3069 Emsl Kuh, der der Bedeutung des damals erst von wenigen
1087 3075 2237 3128 Kennern geschätzten Gottfried Keller und dessen „Grünem Heinrich“.
1098 3111 2255 3174 gilt. Nebst einer Anzahl weiterer literarisches und bibliophiles
1092 3154 2260 3197 Gehiet behandelnder Aufsätze kommt auch die österreichische Lyrik
1087 3198 2243 3257 mit Anton Wildgans (aus dem Nachlaß), Max Mell, Guldo Zer¬
1092 3236 2260 3289 natlo, Erika Mitterer, Jakob Haringer, Heinrich Suso Waldeck
1082 3290 2261 3345 zum klangschönen Wort. Der Herausgeber Hans Feigl stellt sich
1095 3338 2251 3385 auch diesmal wieder mit seiner die ganzen Jahre her bewährten um¬
1105 3365 2258 3413 fassenven, die gesamte geisteswissenschaftliche Produktion der letzten
1092 3411 2261 3467 Zeit in scharfumrissenen Charakteristiken würdigenden Bücher¬
1098 3446 2257 3499 schau ein; doch über diesem wertvollen Buchinhalt wird auch der
1090 3494 2262 3538 Buchgestalt unter anderm in Beiträgen von Robert Haas „Ueber
1075 3544 2256 3597 das Drucken auf der Handpresse“ und von Rudolf Geyer über
1078 3583 2260 3638 den „Verlegereinband“ nicht vergessen. Das schön gedruckte, mit
1087 3629 2267 3686 reichem Bilderschmuck versehene, auch durch seinen ungemein
1091 3664 2253 3732 aparten Einband sich dem Auge einschmeichelnde Jahrbuch wird
1062 3704 2216 3773 sich ohne Zweifel wieder viele neue Freunde gewinnen. n.
