3248 4352
2204 157 3240 294 er Robert Michel
363 302 519 372 voln:
2203 269 3265 412 ich /Die österreichi
348 441 695 690 Dr
682 457 1767 702 ei Dichter
1920 454 3193 709 Osterreichs
346 711 3181 826 HUGO VON HOFMANNSTHAL, ANTON WILDGANS, ARTHUR SCHNITZLER
1421 800 2105 896 Ansprache von Felix Braun
1278 894 3182 967 manches und nicht bloß das, was sie dem,zold. Indem ich diese Aufeinanderfolge
1295 954 3180 1032 Vaterlande, dem alten Kaiserreich, ver- feststelle, die innerhalb weniger Jahre
1294 1007 3183 1082 dankten. Obwohl jeder einem andern aus Österreichs Dichtern einen langen
1292 1051 2242 1115 Stand angehörte — Hofmannsthal kam
2232 1058 3185 1111 Totenzug gemacht hat, kann ich mir nicht
1295 1097 2238 1165 von oben, Schnitzler aus der Mitte, durch
2235 1111 3181 1182 verwehren, das Ereignete zu deuten.
1289 1150 2250 1213 die Tiefe Wildgans — verband sie die
2235 1146 3178 1205 Starben die Dichter dem Vaterlande
1274 1193 2241 1261 Zeit, die bei aller Schwäche, ja Müdigkeit
2220 1197 3184 1264 nach: Folgten sie dem alten Reich hinab
1275 1234 3178 1315 für die Künstler entscheidend war. Hof- in die Vergangenheit? War das der Sinn?
1275 1290 3182 1360 mannsthal und Schnitzler stehen, als vom Bestand nicht Raum mehr für sie? Be¬
1277 1337 3184 1412 Fin de siècle bestimmt, näher zusammen; durfte man ihrer nicht weiter (denn mit
1278 1386 3181 1474 aber so ferne einander stilistisch das Ausnahme Schnitzlers sind sie alle ja
1276 1433 3193 1493 „Salzburgen Große Weittheater“ und der jung gestorben)? Wir, die hier mesnam¬
1280 1473 2237 1548 Einakter „In Ewigkeit Amen“ scheinen:
2221 1469 3195 1555 melt sind, wagen keine Antwort, aber so
1295 1535 2238 1595 das Wort über dem äußeren Burgtor, daß
2225 1536 3179 1599 mancher mag in gewissen zu schweren
1292 1568 3177 1631 „Die Gerechtigkeit das Fundament der Augenblicken diejenigen vielleicht glück¬
1289 1618 3178 1699 Regierungen“ sei, liegt beiden Dramen in lich gepriesen haben, die nicht mehr dem
1275 1677 3163 1732 jenem besonderen Sinn zugrunde, den Druck der Zeit Widerstand leisten müs¬
1286 1730 3168 1790 ein aus vielen Nationen bestehendes, in sen. Können wir uns Rilke oder Hof¬
1284 1777 2237 1848 einem humanistischen Geist geleitetes
2218 1774 3178 1851 mannsthil heute noch als mitlebend vor¬
1281 1820 2227 1882 Reich für sich in Anspruch nehmen
2224 1816 3263 1905 stellen, Mächten unterworferl, die sie nie Kri
1285 1880 2228 1937 durfte. Das Uberwiegen des Dramas in
2227 1871 3265 1961 anerkannt, an denen sie vorüber gelebt ding
1292 1919 2231 1980 der österreichischen Poesie hat seine Be¬
2219 1922 3162 1976 hatten? Bedenke ich, daß für die drei
3157 1941 3265 1999 am
1285 1969 2224 2039 deutung in jener überwaltenden Gerech¬
2220 1964 3160 2033 Dichter, die wir heute ehren, ihre Kunst
3154 1989 3271 2048 sch
1289 2021 2225 2078 tigkeit: wer je einen Dialog geschrieben,
2224 2028 3160 2078 Alles war, so weißs ich nicht, ob es das
3149 2039 3265 2097 in
1291 2066 2237 2116 wird nie mehr wähnen, es könne das
2223 2048 3159 2139 Schicksal nicht eher gut mit ihnen ge¬
3149 2086 3266 2149 erst
2229 2115 3162 2179 meint hat, als es sie zur rechten Frist
1291 2115 2249 2178 Recht auf einer Seite allein bleiben und
3154 2133 3268 2189 ist
2230 2161 3162 2219 entrückte. Nicht allein dem alten Reich:
1288 2163 2238 2245 gelten. Dieser Geist ist heute, wir wissen
3154 2183 3257 2243 Dic
429 2182 1241 2279 HUGO VON HOFMANNSTHAL
1293 2209 1676 2280 es, im Sinken.
2214 2212 3160 2283 einer ganzen Welt und Ara sanken ihre
3157 2234 3273 2291 will
1324 2242 3160 2326 Wenn in Hofmannsthal das theresiani- Schatten nach. Gewiß erfreuen wir uns
392 2262 1303 2340 Es muß nicht erst gesagt werden, wer
1295 2301 3152 2369 sche, in Schnitzler das josephinische, innoch manches reinen, ja großen Dichters
343 2300 1297 2392 Hofmannsthal, Schnitzler und Wildgans
3160 2281 3280 2391 aehn
1304 2359 3164 2419 Wildgans das francisco-josephinische und aus ihrer Zeit und auch aus der neuen
342 2376 1302 2443 gewesen sind, was sie geschaffen und uns
3146 2378 3267 2442 dan
1295 2401 3159 2469 zugleich auch das barocke Österreich sich Jugend; namentlich die Alpenländer ha¬
352 2429 1301 2486 und der Nachwelt (sofern mit einer uns
3140 2425 3268 2486 Isch
2222 2459 3254 2529 ben uns ein wertvolles Talent nach dem gon
1301 2467 2240 2522 abgebildet haben, so sind das verschieden
355 2475 1305 2528 günstigen gerechnet werden darf) an
1293 2499 3263 2584 genug scheinende Aspekte: die Idee der andern gedeihen lassen. Gleichwohl will 26#
351 2529 1301 2592 Gütern der Poesie vermacht haben. Der
2222 2548 3264 2632 es scheinen, als ob der Stern, der noch um das
1290 2562 2236 2623 Menschlichkeit aber ist, nicht mit dem ge¬
350 2567 1293 2627 Weg von den Gedichten, den kleinen Dra¬
2223 2597 3159 2662 die Jahrhundertwende hier in Wien den
1287 2605 2229 2675 redeten Pathos der Nachkriegsjahre,
338 2620 1302 2684 men, den unfaßbar herrlichen Aufsätzen
3154 2618 3272 2680 In
2228 2655 3157 2722 jungen Dichtern Vers um Vers aus der
1294 2663 2233 2723 sondern in dem Begriff des von Kant,
3154 2676 3260 2725 wur
337 2673 1297 2727 des jungen Hofmannsthal-Loris bis zu der
2226 2689 3116 2767 Seele gelockt hat, im Verlöschen wäre.
1299 2705 2235 2766 Goethe und Beethoven bezeugten deut¬
3143 2706 3264 2776 Fra
346 2713 1295 2785 Strenge des „Turms“ der Weisheit des
1294 2756 2237 2812 schen Humanismus überall so tragend,
342 2759 1292 2825 „Buches der Freunde“ der Liebesszene
3132 2762 3264 2842 jetz
1302 2806 2249 2878 wie man noch an späten Bauten die antike
342 2796 1295 2877 mit Romana in dem Roman-Fragment
3144 2809 3265 2870 sch
1290 2846 2240 2911 Säule verwendet hat, nicht als Zierat, son¬
3146 2861 3262 2932 Stei
348 2866 1298 2934 „Andreas“: vielleicht ist er nur sehr
1293 2886 2253 2982 dern als Ausdruck des einzig Würdigen,
344 2903 1298 2974 wenigen in seinem ganzen kühnen Bogen¬
1291 2950 2245 3007 wodurch fernste Geschlechter und Epo¬
348 2960 1297 3021 zug bewußt; und auch der von den leich¬
1292 2990 2253 3075 chen in die Gegenwart sich ohne Zwang
338 3013 1291 3073 ten „Anatol“-Stücken Schnitzlers und der
1291 3048 1480 3114 fügen.
341 3060 1291 3128 „Liebelei“ über die „Dämmerseelen“ und
1331 3074 2253 3166 „Wenn endlich Juli würde anstatt
343 3099 1303 3178 den „Einsamen Weg“ zu dem geläuterten
1288 3142 2248 3221 März“: so beginnt das Gedicht „Des alten
336 3156 1289 3216 Alters-Drama „Der Gang zum Weiher“
1291 3200 2241 3251 Mannes Sehnsucht nach dem Sommer“.
348 3203 1298 3271 wird erst später überschaubar sein, wenn
1282 3251 2250 3308 Im Juli des Jahres 1929 wurde Hofmanns¬
3158 3249 3263 3304 um
340 3256 1293 3309 man manches der berühmten psychologi¬
1289 3284 2243 3366 thal uns weggerissen; zwei Jahre später,
348 3296 1294 3363 schen Kunstgebilde Arthur Schnitzlers
1296 3340 2239 3394 an einem Herbsttag standen wir vor
339 3352 1292 3417 als nicht eigentlich zum poetischen Be¬
1285 3382 2242 3456 Schnitzlers Grab; im nächsten Frühling
338 3389 1296 3457 reich gehörend gesondert betrachtet
1295 3443 2235 3510 umkreiste der Trauerzug mit Anton Wild¬
340 3439 1294 3504 haben wird. Anton Wildgans, den Jüng¬
1294 3489 2244 3549 gans' Sarg das Burgtheater. Innerhalb
348 3487 1298 3559 sten der drei, haben wir in der nächsten
349 3535 2238 3602 Nähe mit erlebt: sogleich waren wir von dreier Jahre schieden diese drei uns not¬
1297 3584 2237 3640 wendigen, sehr geliebten Dichter von
3134 3575 3263 3647 und
343 3581 1300 3640 dem tiefen Blick auf das Volk getroffen,
1285 3633 2235 3694 uns. Aber weiter zurück uns entsinnend,
3123 3633 3265 3704 Sik
345 3633 1309 3704 der seine ersten Gedichte so ergreifend
341 3679 2238 3743 bilden geholfen hat; doch auch bei ihmlsehen wir alle wohl noch jenen schreck¬
3137 3677 3255 3741 des
2374 3685 3009 3768 ARTHUR SCHNITZLER
3141 3726 3268 3787 wur
344 3718 2240 3800 schwang sich der Bogen hoch und weitllich nebeligen 29. Dezember 1926, da die
3169 3774 3254 3837 Se
349 3765 3166 3848 aus: wir denken an das reichgestaltete Nachricht von Rainer Maria Ril- „Wozu Dichter in dürftiger Zeit?“ Dies
3144 3812 3267 3882 mer
343 3834 3139 3890 Epcs „Kirbisch“ und an die noch nichtikes Tod uns so traf, daß seither die Weltlfragte Hölderlin. In einem Aufsatz von
344 3873 3143 3943 gewürdigte späte Prosa, in der etwas vom uns um vieles dunkler geblieben ist. Im Rudolf Pannwitz in der „Welt im Wort“
3143 3874 3267 3935 ein
3138 3920 3266 3980 von
359 3925 3148 3982 Wesen Grillparzers wieder auferstanden Krieg kam Georg Trakl um sein Le-fand ich eine Stelle aus Nietzsche zitiert,
1281 3954 3262 4032 ben, im Nachkrieg verloren wir Thad-die einer erschreckenden Prophezeiung das
349 3978 478 4053 ist.
394 4013 3265 4088 Gemeinsam war den drei Geisternldäus Rittner und Alfons Pet-gleichkommt; sie lautet: „Es könnten Itrac
