3392 4352
898 237 1369 336 box 38/3
159 241 753 347 2. guttings
529 917 1082 1006 N· Di DEI!  en ene de mnen
337 1024 1186 1121 Entrait de LEN DEHORS
744 1093 1029 1172 ORLEANS
328 1119 510 1216 Adresse
319 1219 489 1310 Date
536 1195 1143 1330 15 AURIL 1933
325 1319 859 1418 Signature eeeeneessereereensesemeneen
974 1322 1310 1425 —
326 1420 2137 1548 eupom Willlekllertrtr..
428 1498 2056 1662 Arthur SCHNITZLER, le poete de Tironie
1183 1622 1450 1689 War.——
375 1652 1242 1743 A Vienne, sa ville natale, mourut, dans
1246 1668 2130 1750 naissance allemande, inaugurée par Heine,
313 1724 1242 1792 Des dernières semaines de 1931, Arthur
1249 1731 2131 1805 qui rassembia Théritage dispersé de Gethe
335 1772 1237 1834 Schnitzler. La littérature antrichienne
1258 1779 2142 1822 et de Schiller et donna à sa poésie rolnan¬
345 1805 1239 1881 venait de perdre, en lui, le plus original,
1250 1820 2143 1876 tique le tour social, la grandeur humaine
331 1850 1240 1933 ie plus délicat et le plus profond de ses
1258 1870 2133 1923 atteinte par Hauptman dans des Tisse¬
337 1892 524 1967 poètes.
1259 1912 2139 1964 runde, par Sudermann dans Lu cloche
379 1917 1241 2006 Dramaturge, écrivain, essayiste, Schnit¬
1252 1948 1492 2012 engloutie.
334 1962 1238 2047 zler représenta un mélangesenchanteur de
1276 1984 2140 2074 Si Schnitzler prit pour leit motiv éternel
337 2041 1244 2104 tous les éléments moraux qui font de Tart,
1252 2043 2134 2118 ce theme éternel: P’amour, et pour armes:
341 2079 1243 2137 en meme tempe qu’un aimable divertisse¬
1251 2088 2144 2154 Pironie, son cuvre n’en cessa pas moins
335 2120 1241 2193 ment, ünd arme an service de in cause
1255 2130 2139 2200 de remplir une mission belle et difficile;
334 2159 565 2215 humaine.
1255 2186 2139 2237 éveiller l’inquiétude, projeter la pitié d’un
366 2189 1243 2255 Durant presque un demi-siècle, Arthur
1254 2224 2133 2269 echur humain sur toutes les misères hu¬
342 2238 1236 2309 Schnitzler fut, en Autriche, le représen¬
1251 2269 2135 2329 maines de lame et de la chair. Ainsi, son
334 2295 1240 2342 tant d’un naturalisme qui, né avec Sten¬
1254 2315 2144 2371 a Interlude n, prodige de subtilité, mer¬
344 2344 1239 2395 dhal, se ver de somhre réalisme chez
1256 2347 2143 2432 veille de profondeur psychologique, n'a
344 2385 1230 2463 Zola et, chez notre anteur, d’une ironio
1249 2389 2100 2474 pas été dépassé par les maitres russes.
342 2422 662 2478 mélancolique.
1285 2445 2142 2499 Et si Dostolevski contempla le monde, la
370 2462 1243 2535 Ses ceuvres, inquiétes, imprégnées d’un
1257 2494 2138 2550 vie et les hommes avec la perception aigué
337 2499 1232 2578 fond Cangoisse et de démolition sociale,
1244 2542 2144 2598 de son regard de malade, avec cette hyper¬
331 2546 1240 2629 les unes vigonreuses, les autres légères,
1251 2590 2146 2641 sensibilité qui est l’apanage des phtisiques
339 2603 1246 2661 tombèrent comme des pierres dans la mare
1254 2623 2154 2688 et des névrosés, Arthur Schnitzler regarda
338 2650 1234 2713 paisible et fétide de la société viennoise.
1253 2660 2141 2726 les Rommes, la vie et le monde avec la
365 2692 1247 2748 I faut que nous revenions anx jours ou
336 2739 1243 2809 Anatole v, ceuvre d’un humoriste impla¬
1256 2750 2140 2822 sain, normal et gai, dans l’organisme de
331 2779 1231 2847 cable et délicat, eruel et almable, mélan¬
1256 2806 2144 2856 qui le raffinem.., de T’esprit faisait con¬
339 2820 1237 2885 colique et joyeux tout à in fois, éclata
1255 2849 2134 2912 tre-pol's avec la sensü.stité d’un corps en
342 2870 1231 2929 comme une bombe dans ce milien d’opé¬
1255 2884 1949 2955 bonne santé et avide de voluptés.
338 2908 1238 2976 rettes à la Franz Lehar. Après & Anatole 9,
1278 2917 2142 3008 Comme tous les sensuels, Schnitzler était
340 2958 1233 3016 piquant et andacienx, on une philosophie
1252 2982 2140 3040 mélancolique. (Je ne sais pas qui a dit que
339 3001 1243 3047 légère et désencha tée fait défller les sen¬
1252 3032 2142 3079 &la chair est triste v.) Et comme chez tons
341 3040 1243 3101 timents et es étres devant les yenx des
1252 3076 2143 3118 les mélancoliques qui ne sont gas des ma¬
339 3084 1232 3141 spectateurs, les dénndant à la manière
1251 3116 2141 3183 lades, la mélancolie s’enveloppait chez lul
342 3123 1233 3188 freudienne, son e Liebelei # attaqun avec
1253 3155 2143 3204 de cette humour fine, de cette ironie pitoya¬
340 3160 1238 3220 plus de violence et de hardiesse encore le
1252 3204 2138 3261 ble, eubtile, pénétrante et donce qui font
333 3204 1241 3277 probleme de Tamour et l’union des Scars.
1262 3243 2139 3299 des pages de sone Anatole n, de sa & Ron¬
366 3262 1230 3318 On a comparé Schnitzler a Porto-Riche,
1245 3298 2136 3352 den, des petits chefs-d’auvre de la littéra¬
327 3292 1243 3350 mort, comme on sait, à la lin de 1930, mais
1258 3331 1581 3398 ture moderne.
338 3346 1240 3403 Porto-Riche, poête de l'amour et de la fem¬
1291 3378 2148 3443 Alfred Kerr raconte que Schnitzler vivait
329 3387 1240 3439 me, définisseur génial de sentiments, ne
1252 3428 2147 3489 tonjours préoccupé de l’idée de la mort.
338 3435 1235 3494 donnn jamais à son leuvre le caractère
333 3463 1239 3525 social, l’intensité de rebellion qui font de
1250 3470 2148 3521 Mais cette pensée ne le tourmentait pas,
341 3513 1248 3569 certaines des productions de Schnitzler les
1252 3513 2143 3567 n’assombrissait pas ses jours, n’en lit pas
1250 3566 2148 3620 un mystique ténébreux. Au contraire, cette
335 3562 1242 3615 dignes sceurs de celles d’lbsen. Tel est cc
1262 3607 2135 3660 préoccupation stimula en Jui le besoin de
341 3604 1241 3655 & Professeur Bernbardi o qui rappelle 6 Un
1251 3640 2138 3707 jouir de la vie. II considérait celle-ci com¬
346 3647 1250 3692 ennemi de peuplen et g Le chemin de la
1249 3705 2142 3748 me une promenade à la fin de laquelle nous
339 3690 1248 3767 liberté n qui est le probleme pathétique, In
1254 3736 2144 3793 attend un abime. Mais cette perception
344 3731 1241 3808 tragédie du peuple juif, victime des lut¬
1252 3778 2136 3825 claire de la An nannihila pas en Jui le
329 3768 901 3850 tes de religion et de race.
1246 3817 2141 3873 plaisir des excursions, l’émotion humaine
1258 3870 2141 3917 des panoramas: amour, vie, lutte, gloire,
357 3906 2139 3983 Schnitzler appartenait encore à cette re- réalisations de justice. Elle lui donna, au
2150 287 3039 365 contraire, la sérénité socratique, la pui¬
2142 342 3047 409 sible volupté d’Epieure et le stoleisme
2144 387 2396 446 d’Epietôte.
2559 432 2653 512 „
2179 477 3047 558 Mais conmne dans in vie de presque tous
2140 535 3051 599 Ies honnnes iili vechrent la période de la
2141 589 3052 640 guerre, il Fent quelques années profondé¬
2144 633 3061 700 ment tristes. La promenade avant Lebime
2144 666 3066 734 lnal, de combien d’obstacles s’hérissa-
2140 725 3054 788 telle et combien d’epines se plantèrent
2146 750 2837 820 dens sa chair et dans son Ame?
2193 779 3055 873 Ge fut à T’apogée de cette époque horri¬
2141 822 3047 909 bie de tuerie que queiques hommnes unis
2148 900 3050 955 par ie cchur et T’esprit, osèrent mal enir
2148 921 3050 980 le lien ardent d’une solidarité M. aine,
2143 977 3047 1041 P’unité d’un désespoir et d’une protesta¬
2150 1010 3048 1083 tion impuissante. Schnitzler perdit dans
2154 1069 3047 1128 ces anndes de folie sa paix intérieure, sa
2151 1108 3053 1169 renommmée, desaxa sa vie, engloutie dans
2154 1144 3047 1226 Pabime de haine et de frénésie qui l’envi¬
2149 1182 2606 1247 ronnait tout entière.
2191 1220 3046 1295 Si Romain Rolland put écrire le drame
2149 1269 3053 1334 intense du paciliste, de l’esprit indépendant
2149 1331 3046 1385 au milien de l’égarement de la tuerie, dans
2147 1363 3042 1426 son Clérambault; s’il düt vivre par Jui¬
2146 1401 3059 1473 inème cette tragédie, combien fut plus dur
2149 1452 3057 1516 encore le sort des esprits indépendants
2154 1477 3058 1568 dans les empire centraux! Combien fut
2151 1533 3055 1603 plus tragique encore le drame chez un
2154 1574 3069 1647 Nicolal, un Latzko, un Stefan Zweig, chez
2164 1629 3061 1689 Schnitzler Jui-mème, qui, sans appartenir
2152 1677 3047 1724 an pacilisme militant, osa également con¬
2152 1713 3060 1771 server son indépendance, exposer ce qu’il
2154 1757 2904 1824 pensalt u amddessus de la mélée „.
2208 1781 3046 1862 Ni son prestige, ni sa situation de pa¬
2147 1835 3069 1915 triarche des lettres autrichiennes, de fon¬
2151 1875 3064 1944 dateur d’école, d’éducateur de la jeunesse,
2156 1929 3060 1985 ne ie sauverent de la persecution morate
2149 1975 3053 2034 et des insultes. II perdit son se-otre et,
2154 2013 3060 2080 amer, hautain, se retira de la lutte. C’est
2159 2062 3052 2117 à peine s’il ajouta quelque chose d sa pro¬
2156 2108 3058 2155 duction, perdant contact avec la généra¬
2149 2150 3056 2220 tion nouvelle qui l’edt compris et qui, ce¬
2157 2190 2611 2258 pendant, T’ignorait.
2181 2210 3058 2294 II a falln sa mort pour que l’on se res¬
2157 2280 3050 2347 souvienne de Schnitzler, signalé respec¬
2158 2320 3044 2375 tucusemnent par ceux qui lui avaient con¬
2152 2364 3060 2409 servé une fidélité de fils: Stefan Zweig,
2156 2407 3060 2474 Franz Werfel, en Autriche; Toller, Glae¬
2163 2453 3049 2503 ser, Remarque, en Allemagne, les nou¬
2156 2490 3058 2558 venux, qui s’inelinèrent sur cette tombe
2161 2524 3052 2611 doublement ouverte par la mort et par
2556 2621 2667 2699 „
2183 2677 3056 2749 Arthur Schnitzler vivait obscurément de
2155 2714 3054 2795 la vie tranquille et monotone d’un petit
2155 2772 3052 2832 rentier on d’un fonctionnaire retraité. Au
2159 2820 3054 2869 retour de sa promenade quotidienne, après
2150 2862 3063 2914 le repas, il rentra dans son bureau et lä,
2162 2911 3054 2964 assis dans un fauteuil de cuir, il s’éteignit,
2153 2944 3053 3004 un soir Tautomne, doucement, sereine¬
2158 3001 3053 3044 ment, silencieusement. On le trouva mort;
2153 3027 3060 3092 il sen était allé avec discrétion, sans brult,
2157 3077 3066 3157 sans pompe, dans une certaihe amblanse
2159 3127 2410 3184 héllénique.
2199 3166 3052 3227 Son genie, malgré son racialisme ger¬
2159 3212 3061 3267 manique, son génie, tenait plus du latin
2152 3249 3051 3313 que du nordique. IIy avait en lui beau¬
2151 3282 3055 3347 coup de choses qui rappellent Anatoie
2160 3333 3052 3398 France, mais un France avec plus de pro¬
2159 3385 3052 3447 fondeur, plus capable de sonder et de seru¬
2158 3429 2883 3485 ter les abimes de l’ame humaine.
2194 3465 3051 3522 Et sa hn, tranquille, paisible, après une
2159 3511 3056 3568 longue vie, intense, impétuense, ressem¬
2154 3552 3047 3606 blait davantage an passage de la vie se¬
2159 3603 3056 3655 reine à Timmortalité des Champs-Elysées
2162 3648 3055 3722 qu’à une entrée bruvante et triomphante
2160 3685 2567 3745 dans le Walhalla.
2196 3711 3049 3787 J'ai sons les yeux une photographie qui
2154 3765 3056 3825 le représente aux approches de 70 ans, áge
2159 3817 3054 3864 on i mournt. Son visage est plein de bon¬
2151 3857 3064 3913 homie et ses yeux clairs et pénétrants mon¬
2157 3902 3068 3959 trent encore de la vivacité et de l’acuité.
2195 3952 3097 4028 Ce sont des yenx d’entomologiste qui su¬
2176 4011 3099 4078 rent contempler l’homme, le disséquant
2200 4060 3095 4129 coimme un insecte, captant ses volitions
2192 4093 3086 4181 les plus secrêtes, mettant à mu son inti¬
2181 4148 3164 4206 mits, ce lien secret ou. recouverte par la —
