3392 4352
956 261 1410 353 box 38/3
203 261 789 370 2. Guttings
886 503 1371 585 L0 S CANDAGLIO
1379 615 1555 699 ROLAA
650 806 1366 901 Arturo Schnitzler,
882 910 1594 997 scrittore viennese
693 987 1605 1079 II prezioso gesto letterario di Schnitzler
648 1069 1601 1127 si rivelo con aleune monografie di carnt¬
643 1103 1599 1177 tere scientifico, scritte per divulgare espe¬
660 1152 1610 1218 rienze proprie. Poi, senza vanità giovanili
662 1208 1603 1263 o sete di gloria, il medico Schnitzler
658 1247 1598 1312 lasció completamente la medicina e si
653 1293 1607 1364 dedicb alle lettere. Oltre alla sua perso¬
651 1351 1606 1410 nale attività lo scrittore possedeva un
651 1397 1608 1459 ricco patrimonio di severi studi scienti¬
652 1437 1594 1489 fici di cui egli usö, durante un periodo
657 1488 1604 1554 di quarant’ anni, con misura sempre ginsta
654 1539 1611 1598 e indovinata. Nel 1893 raccolse il volume
664 1590 1597 1650 „Anatol“ ossia un ciclo di commediole
652 1645 1589 1692 in un atto che per tanto tempo, e so¬
653 1687 1595 1750 pratutto all' estero, vennero citate come
650 1727 1610 1788 modello del teatro di prosa viennese. II
662 1788 1594 1844 pubblico della metropoli poi, pretendeva
650 1830 1602 1887 di riconoscere nel personaggio di Anatol
658 1874 1602 1923 lo stesso Schnitzler. Schnitzler doveva
646 1928 1602 1974 sapere della mania dei pubbliei d’ogni
659 1981 1602 2037 paese di voler immaginare sempre un le¬
657 2018 1593 2083 game intimo fra lo scrittore e la sua
660 2063 1602 2119 creazione, limitandosi a tacere, non fece
659 2114 1594 2168 nulla per smentire la credenza degli in¬
655 2170 1598 2225 tellettuali viennesi. Cosi Anatol divenne
655 2214 1594 2272 il beniamino del pubblico. La critica non
650 2258 1595 2311 ebbe che a consentire. Da allora Schnitz¬
648 2312 1592 2373 ler preparó l'atto unico, alternandolo con
649 2359 1597 2421 la novella, come un manicaretto prelibato
650 2409 1602 2459 da dare in pasto al pubblico. Questi ge¬
653 2463 1597 2511 neri narrativi di carattere breve erano.
647 2501 1605 2561 piu conformi al sno temperamento di
654 2549 1599 2613 scrittore che rifuggiva dal tessere lunghe
651 2600 1601 2664 trame.,, Ma v’era meglio da farsi: abbat¬
660 2642 1601 2711 tere le ridicole trudizioni del -Burg¬
656 2701 1598 2765 theaters di Vienna che non rappresen¬
651 2742 1594 2799 tava se non Scommedie prese nei re¬
659 2792 1597 2856 pertirio francese e dove agli serittori
654 2838 1599 2888 locali era soltento permesso di produrre
653 2888 1594 2948 di quelle vuote edsenfatiche tragedie on¬
659 2935 1600 2993 deggianti fra Hebbel e Schiller, non rag¬
655 2981 1609 3043 glungendo mai perd né la psicologin del
651 3027 1597 3094 primo o il caldo lirismo interiore del se¬
663 3075 1606 3147 condo. Schnitzler si mise d’impegno al
647 3137 1598 3188 grave compito e nel 1895 ottiene di rap¬
653 3170 1605 3235 presentare la sua „Liebelei“, II trionfo
659 3224 1595 3271 é completo. La forma drammatica di „A¬
650 3267 1609 3332 natol“ era solo un pretesto per pre¬
660 3310 1599 3379 sentare i diversi momenti della vita di
656 3371 1594 3429 und scapestrato gaudente, in „Liebelei“
659 3417 1600 3465 era una la commedia perfettamente com¬
647 3463 1587 3533 piuta. Niente scatti selvaggi, ma senti¬
651 3519 1593 3577 menti interlori, semplicemente e verace¬
657 3564 1598 3623 mente rappresentati. II soggetto poi era
648 3606 1595 3667 di quelli che lo scrittore prediligeva, un
664 3652 1606 3717 piccolo dramma di vita borgliese. La
650 3706 1610 3766 Cristina di „Liebelei“ non é un' eroina
647 3753 1590 3820 ma una piccola donna come tutti ne co¬
648 3805 1604 3853 noscono, dalla mentalità comune e le idee
650 3848 874 3911 limitate.
695 3884 1600 3939 Anche in seguito, Schnitzler non cerco
656 3943 1602 3996 mai di esulare nel campo, sovente tradi¬
660 3987 1607 4059 tore, della fantasia, ma si tenne sempre
664 4040 1607 4094 fedele alla vita reale. Anzi Wilkowskl, i1
662 4091 1594 4142 critico che allora aveva voce in capitolo,
652 4136 1605 4185 disse di Schnitzler: in lui vivono la mol¬
653 4182 1596 4227 le e comoda agiatezza della vecchin Vien¬
2011 190 2461 256 — —
1788 197 1920 254 —..
1672 793 2575 853 Viene poi la tragica storia di „Tere¬
1637 846 2584 916 sa“. Tutta la vita di una povera donna
1632 897 2576 965 che ha amato e sofferto, messa controluce.
1619 957 2583 1012 II libro piu denso, zeppo di pagine tristi
1627 1009 2583 1061 e commoventi. Uno studio analitico ed
1630 1041 2580 1099 un bel romanzo, che peró non é all' al¬
1640 1087 2273 1149 tezza della „Signora Berta“,
1669 1138 2590 1198 In quest ultimo infatti, si puó dire,
1631 1195 2572 1245 tratti una vivisezione e si sente acuto, 11
1622 1254 2578 1306 taglio del bisturi del chirurgo, mentre
1630 1302 2583 1349 „Teresa“ é uno studio anatomicoe cio6
1638 1338 2573 1405 eseguito dopo la morte della protagonista.
1636 1385 2582 1435 Teresa é pol una donna qualunque sceita
1632 1441 2581 1493 nella folla, mentre Berta é und donnu
1623 1482 2569 1541 conosciuta, forse un' amica intima dello
1635 1529 2576 1588 scrittore. Di gradino in gradino, attra¬
1625 1596 2586 1634 verso tante noyelle e molte commedie,
1616 1622 2583 1695 l’esperienza di Schnitzler culmina con 11
1635 1684 2578 1733 caso clinico della „Fräulein Elsa“. Qui
1622 1718 2585 1776 T’arte dello Schnitzler si affina ediventa
1629 1768 2573 1835 poesia. Poesia pura. Elsa, fanciulla inno¬
1631 1817 2577 1886 cente per quanto moderna, si sente offesa
1637 1867 2582 1927 nella sua castità di fronte alla richiesta
1631 1919 2577 1963 del vecchio signore libertino. In questo
1633 1966 2574 2028 racconto meglio che nei due precedenti
1635 2010 2573 2075 citati si sente l'eco della Vienna mon¬
1626 2061 2584 2107 dana, cosi cara al poeta. Certo, Schnitzler
1625 2107 2574 2174 deve aver incontrato la sua Elsa un po¬
1623 2157 2575 2215 meriggio di domenica, sullo sfondo gaio
1621 2218 2579 2261 del Prater, fra le molte giovani avventu¬
1617 2253 2584 2316 rose passeggiatrici. Il tormento sesspale
1623 2302 2582 2351 6 pure qut agitato ma non si risolve in
1621 2357 2581 2411 erotismo come nel „Girotondo“ ma
1621 2401 2581 2451 la tragedia interiore della protagonista si
1631 2446 2315 2516 trasfonde in candore sublime.
1680 2495 2582 2567 Comunque nello Schnitzler pur scmpre
1623 2546 2586 2606 vivo é il senso della veritä. Purtroppo,
1635 2608 2579 2667 spesse volte e specialmente in alcuni la¬
1639 2653 2572 2705 vori teatrali, Schnitzler doveve ricorrere
1625 2699 2580 2762 a delle piecole menzogne per non solle¬
1630 2741 2576 2799 varsi contro 11 borghese di Vienna che
1633 2789 2576 2841 l'aveva caro sebbene lo ritenesse in conto
1625 2841 2575 2905 d’ immorale e peggio, di scrittore socia¬
1633 2891 2584 2954 lista e rivoluzionario, Arbitrario, forse
1627 2940 2585 3004 piü arbitrario di tutti i suoi lavori é la
1625 2985 2585 3049 commedia del „Papagallo verde“ dove i
1633 3055 2589 3102 porscnaggi agiscono talvolta in modo po¬
1626 3084 2585 3153 co naturale. Ma la vita stessa ha pure di
1625 3134 2585 3188 queste impenetrabilita. Altro lavoro tipico
1672 3180 2568 3246 „II Professor Bernardhi“ dove é agi¬
1637 3227 2569 3295 tato il problema semitico, con forza e
1632 3278 2030 3347 grande sincerita.
1681 3333 2577 3395 Questo „Professor Bernardhi“ interesso
1630 3383 2582 3436 anche il governo che rimase perpiesso se
1635 3433 2573 3483 condannare c no, Arturo Schnitzler, serit¬
1622 3482 2576 3523 tore ebreo. Sebbene lo Schnitzler fosse
1622 3528 2588 3583 membro del cenhcolo letterario della
1629 3578 2577 3639 „Jung Wien“ poteva considerarsl apo¬
1630 3627 2590 3690 litico che poca parte prese alle vicende
1636 3672 2248 3749 dell' Austria repubblicana.
1665 3723 2584 3798 Colla scomparsa di Schnitzler I’ Austria
1629 3773 2572 3834 ha perduto il suo massimo scrittore e
1633 3830 2586 3879 stilista. La mole dell’opera sua non conta
1636 3877 2582 3929 quello che vale é che nella sua opera egli
1632 3922 2586 3987 ha messo tutta la sus anima di poeta,
1634 3974 2088 4041 sensibile e delicata.
2415 4014 2464 4050 —
2067 4035 2537 4105 GIUSEPPE RIGOTTI
3119 4134 3337 4223 S
