3392 4320
375 214 606 286 Cutti
203 226 792 320 5 —
937 219 1399 298 box 38/3
1014 1325 1385 1379 Ausschnitt aus:
1253 1356 1822 1464 3. Z. am Abend, Wien
1435 1426 1844 1510 6. unia. 1936
1025 1545 1161 1597 vom:
1707 1660 2580 1709 bis 1910 macht; er ist ein Seher, Künder des
1704 1705 2574 1763 Vergehens und des Kommenden. Während
748 1680 1656 1775 Protest gegen ein Schul¬
1704 1750 2573 1791 Kralik sich allmählich in den engeren Kreis
1095 1764 1298 1843 buch
1705 1785 2573 1829 seiner Verehrer zurückzieht, bleibt Bahr fast
1703 1811 2581 1869 bis ans Ende seines Lebens immer auf der
833 1828 1657 1897 Die Kralik=Geseltschaft hat an den maß¬
1702 1857 2574 1908 Reise, ein ewiger Sucher, alles Prüfender und
765 1880 1662 1943 gebenden Stellen Protest gegen die Kritil.
1705 1906 2561 1950 und alles Verstehender, ohne sich selbst zu ver¬
777 1927 1658 1986 erhoben, die in dem Buch „Heimaterde
1717 1923 2570 1981 lieren. Eine Erscheinung wie Hermann Bahr
1716 1966 2464 2026 gibt es kaum alle Jahrhunderte einmal.
765 1986 1665 2031 wunderhold“ an Hermann Bahr und
1737 2021 2573 2082 Diese Kritik ist in dem von Dr. Kurt
757 2026 1659 2086 Richard v. Kralik geübt wurde. Dieses
779 2073 1031 2132 Buch ist als
1672 2062 2579 2127 Vancsa verfaßten Kapitel „Österreichs
1681 2122 2569 2181 Dichtung“ enthalten, das auch sonst so man¬
943 2125 1488 2200 Prämienbuch für Schüler
1684 2162 2572 2222 ches knappe, aber sehr entschiedene Urteil
767 2195 1653 2270 gedacht und im Auftrag des Staatlichen
1680 2206 2573 2270 enthält. So heißt es kurz nach der Kritik
761 2262 1660 2310 Heimatdienstes in Niederösterreich vom
1683 2255 2153 2326 über Bahr und Kralik:
772 2294 1663 2352 Landesschulinspektor Hofrat Alois Zaun¬
1780 2290 2585 2363 „Fin de sieele, Dekadenz — so hat man
768 2347 1658 2403 bauer in Verbindung mit einem Redaktions¬
1713 2359 2577 2410 diese Zeit gern bezeichnet, in der viel fremder
1717 2395 2584 2445 und zersetzender Geist unverdiente Achtung
775 2391 1667 2451 ausschuß im Vorjahr herausgegeben worden.
1715 2437 2579 2482 gefunden hat. Einer aus dieser Atmosphäre sei
823 2442 1668 2492 Der Absatz des Buches, an dem die
1722 2477 2569 2518 genannt, ein typischer Vertreter dieser Geistig¬
777 2493 1675 2545 Kralik=Gesellschaft Anstoß nimmt und dem
1720 2506 2579 2560 keit, mehr als ein Könner und, eine einzige
787 2533 1673 2602 sie „fragwürdige subjektive Ansichten“ vor¬
1713 2546 2573 2598 Entgleisung ausgenommen, von ehrenhafter
1712 2581 2571 2622 Gesinnung: Artur Schnitzler (1862 bis
778 2586 1085 2647 wirft, lautet:
1723 2620 2577 2664 1931), der Dichter der „Liebelei". Ihm geistig
868 2630 1668 2699 An dem Beginn der „Moderne“ stehen zwei
1713 2661 2583 2706 verwandt, aber als Dichter ungleich höher¬
813 2691 1665 2737 markante Persönlichkeiten: Hermann Bahr
1714 2693 2571 2740 stehend und als Mensch von aristokratischer
810 2715 1672 2765 1863 bis 1934) und Richard v. Kralik (1852
1724 2729 2578 2785 Haltung: Richard Beer=Hofmann (ge¬
815 2760 1671 2809 bis 1934). Keine Dichter, nur der eine (Bahr)
1728 2772 2585 2827 boren 1866), gepflegter Lyriker und Drama¬
818 2774 1679 2850 gelegentlich ein geschickter Bühnenstückschreiber,
1720 2817 2580 2879 tiker mit einer geradezu undramatischen Ge¬
819 2832 1671 2887 der andere ein guter Nachempfinder und Be¬
1718 2852 1872 2901 bärde.“
822 2874 1671 2924 arbeiter. Beide von unerhörter geistiger
1755 2885 2591 2963 Im übrigen kann dieses Buch auf eine
818 2908 1676 2965 Agilität, höchstem kritischen Verantwortungs¬
810 2948 1658 2995 gefühl, starker, organisatorischer Kraft. Kralik
1691 2949 2569 3006 ganze Reihe ausgezeichneter Mitarbeiter hin¬
811 2992 1666 3037 hat mehr Phantasie, die oft ins Phantastische
1695 3002 2586 3045 weisen. So schrieb darin über „Österreichs
1050 3029 1669 3079 Bahr ist ungleich weitblickender
820 3034 1042 3083 entgleist —
1691 3036 2582 3108 staatliche Geschichte" Bundeskulturrat Pro¬
813 3066 1676 3115 und hat vor allem eines, was ihn geradezu
1686 3087 2584 3157 fessor Baron Zeßner=Spitzenberg, über
816 3083 1679 3152 zum literarischen Gewissen der Zeit von 1890
1682 3253 2581 3310 „Maria Theresia und ihre Zeit"= Professor
1678 3301 2573 3349 Kretschmayr, über den „Ausbruch des Welt¬
1675 3348 2574 3404 krieges“ Gesandter Dr. v. Wiesner, über
1683 3398 2574 3446 „Kunst im Hause“ Professor Dr. Weißen¬
1685 3444 2578 3504 hofer und über „Die Wirtschaft unserer
1673 3491 2475 3543 Zeit“ Bundeskanzler a. D. Streeruwitz.
