3392 4320
170 250 769 345 2. Cuttings
911 245 1397 323 box 38/3
1251 1680 2440 1759 hnummmmmnmmmmmmmmmmmmmmmmmmmmmmmmmmmmmmmmmmmmmmmmmn“
1227 1785 2452 1847 jahre, in denen sich die Gruppenbildung vollzog; es wer¬
1233 1833 2447 1883 den sodann die Adepten des Café Griensteidl wie deren
1220 1868 2449 1922 Gegenspieler, die Traditionalisten, Staats= und Gesell¬
1225 1916 2455 1974 schaftskritiker dargestellt. In einer Studie über Artur
1239 1967 2440 2020 Schnitzler bemüht sich Professor Kainz, zu abschließen¬
1229 2010 2441 2046 den Formulierungen zu gelangen. Wie wenig doch selbst
1230 2043 2449 2115 die großen neueren Literaturgeschichten von der Entwick¬
1232 2080 2454 2157 lung des Schrifttums in Österreich wissen, macht die vor¬
1231 2136 2433 2193 liegende Darstellung in überraschender Weise klar. Aus¬
1224 2184 2448 2242 gezeichnet ist sie durch strenge Sachlichkeit: alle Verfasser
1228 2237 2439 2289 sind sichtlich bemüht, Personen und Werke, unbeeinflußt
1231 2273 2438 2333 nach ihrem wahren Wert, zur Geltung zu bringen. Das
1228 2313 2437 2377 Heft ist wieder mit einer großen Zahl von Bildnissen
1225 2350 1905 2428 und Schriftproben ausgestattet.
2338 2365 2429 2432 3.
1282 2421 2430 2461 „Ars sacra“. Da die Massenerzeugung von katholischen Hei¬
1226 2460 2434 2521 ligenbildern nicht immer auf der Höhe stand, hat sich der Verlag
1225 2509 2429 2559 „Ars sacra“ von Josef Müller in München, Friedrichstraße
1227 2538 2423 2597 Nr. 18, die Ausaabe gestellt, hier Wandel zu schaffen. Außer Bil¬
1216 2582 2428 2626 dern alter Meister bringt dieser Verlag in reicher Fülle ein= und
1222 2612 2425 2675 mehrfarbige Kinderbildchen, Post= und Glückwunschkarten mit
1221 2668 2425 2714 kirchlichen Darstellungen von katholischen Malern und Malerin¬
1230 2698 2421 2756 nen, wie M. Spötl, Fugel, Figel, Haller, Reinthaler, Hummel,
1223 2737 2443 2784 Rausch, Beckert, Wackerle, Feldmann, Madlener, Bohatta=Mor¬
1217 2785 2430 2835 purgo, Schönermark usw. Außerdem erschienen im genannten Ver¬
1223 2817 2427 2867 lag schön ausgestattete Bet= und Erbauungsbücher, wie „Nein
1218 2858 2436 2913 Bruder Jesus, komm zu mir!“ von Marga Müller. „Im ewigen
1217 2891 2426 2938 Licht“ von Otto Karrer, „Die Himmelstür“ von Maria Spötl,
1223 2936 2435 2987 „Der Tabernakel“ von Elisabeth v. Schmidt=Pauli. „Auf Pfaden
1223 2967 2430 3015 Gottes“ u. s. m. In diesem rührigen Verlag sind Bestrebungen in
1218 3012 2432 3074 Wort und Bild von so unerhörtem Eiser am Werk, daß niemand
1218 3048 1880 3115 achtlos daran vorübergehen sollte.
1371 3139 2265 3263 Veremsnachrichten-
1658 3270 1983 3335 Steiermark
1269 3316 2431 3374 Weiz, 27. März. Jahreshauptversammlung der Zweigstelle des
1216 3371 2428 3405 Steiermärkischen Jagdschutzvereines im Gasthof Grawatsch; Be¬
1213 3409 2427 3451 ginn 17 Uhr. — 28. März. Jahreshauptversammlung des Frem¬
1218 3450 2430 3510 denverkehrsverbandes des politischen Bezirkes Weiz im Bahn¬
1224 3487 1877 3544 hofhotel Schlacher; Beginn 14 Uhr.
1394 3575 2217 3668 #t#sss--f- 7.—-
