<?xml version="1.0" encoding="UTF-8" standalone="yes"?>
<PcGts xmlns="http://schema.primaresearch.org/PAGE/gts/pagecontent/2013-07-15" xmlns:xsi="http://www.w3.org/2001/XMLSchema-instance" xsi:schemaLocation="http://schema.primaresearch.org/PAGE/gts/pagecontent/2013-07-15 http://schema.primaresearch.org/PAGE/gts/pagecontent/2013-07-15/pagecontent.xsd">
    <Metadata>
        <Creator>prov=University of Rostock/Institute of Mathematics/CITlab/Gundram Leifert/gundram.leifert@uni-rostock.de:name=ONB_Newseye_GT_M1+(htr_id=10810)::::v=2.4.2
prov=University of Rostock/Institute of Mathematics/CITlab/Tobias Gruening/tobias.gruening@uni-rostock.de:name=de.uros.citlab.module.baseline2polygon.B2PSeamMultiOriented:v=2.4.2
prov=University of Rostock/Institute of Mathematics/CITlab/Tobias Gruening/tobias.gruening@uni-rostock.de:name=/mnt/transkribus/LA/DEA/URO/LA_news_onb_att.pb:de.uros.citlab.segmentation.CITlab_LA_ML:v=2.4.2
Transkribus</Creator>
        <Created>2019-10-07T15:18:46.136+02:00</Created>
        <LastChange>2019-10-09T01:02:01.530+02:00</LastChange>
        <TranskribusMetadata docId="224263" pageId="9516124" pageNr="33" tsid="16618126" status="IN_PROGRESS" userId="40391" imgUrl="https://files.transkribus.eu/Get?id=HPXPFBYJNTSOEBVRBRFZDFIX&amp;fileType=view" xmlUrl="https://files.transkribus.eu/Get?id=CFRDPYRFKZJWZHFNLMKKDMIO" imageId="6204232"/>
    </Metadata>
    <Page imageFilename="224263_0033.jpeg" imageWidth="3392" imageHeight="4320">
        <ReadingOrder>
            <OrderedGroup id="ro_1711443140035" caption="Regions reading order">
                <RegionRefIndexed index="0" regionRef="r1"/>
            </OrderedGroup>
        </ReadingOrder>
        <TextRegion orientation="0.0" id="r1" custom="readingOrder {index:0;}">
            <Coords points="168,137 168,4155 3167,4155 3167,137"/>
            <TextLine id="r1l1" custom="readingOrder {index:0;}">
                <Coords points="1999,180 2019,181 2034,176 2045,180 2056,174 2063,181 2093,181 2098,176 2115,176 2115,130 2100,128 2095,134 2074,136 2045,123 2030,136 1999,136"/>
                <Baseline points="2008,158 2040,157 2073,157 2106,158"/>
                <TextEquiv>
                    <Unicode>—</Unicode>
                </TextEquiv>
            </TextLine>
            <TextLine id="r1l2" custom="readingOrder {index:1;}">
                <Coords points="339,267 434,261 460,268 484,259 517,268 528,258 544,268 575,260 597,267 597,225 584,227 564,211 482,217 436,206 421,215 406,203 397,212 339,208"/>
                <Baseline points="349,258 375,259 402,258 429,258 455,257 482,257 509,257 535,257 562,257 589,258"/>
                <TextEquiv>
                    <Unicode>Cutti</Unicode>
                </TextEquiv>
            </TextLine>
            <TextLine id="r1l3" custom="readingOrder {index:2;}">
                <Coords points="907,271 949,279 977,262 1064,289 1121,256 1172,284 1220,268 1242,283 1323,276 1363,258 1364,214 1267,202 1237,222 1212,204 1157,205 1109,232 1065,206 988,229 953,207 907,210"/>
                <Baseline points="916,260 941,259 967,259 993,259 1019,259 1045,259 1070,260 1096,260 1122,261 1148,261 1174,261 1200,262 1225,262 1251,262 1277,262 1303,262 1329,261 1355,260"/>
                <TextEquiv>
                    <Unicode>box 38/3</Unicode>
                </TextEquiv>
            </TextLine>
            <TextLine id="r1l4" custom="readingOrder {index:3;}">
                <Coords points="158,268 275,266 344,296 613,289 657,311 756,290 758,243 640,215 554,267 337,263 241,243 197,199 160,205"/>
                <Baseline points="168,254 197,258 226,263 255,266 284,269 313,271 342,274 371,275 400,276 429,277 458,278 487,278 516,279 545,279 574,279 603,279 632,279 661,279 690,279 719,279 748,280"/>
                <TextEquiv>
                    <Unicode>2.—ns</Unicode>
                </TextEquiv>
            </TextLine>
            <TextLine id="r1l5" custom="readingOrder {index:4;}">
                <Coords points="1091,764 1225,770 1346,730 1394,755 1430,736 1533,759 1580,749 1580,703 1416,676 1252,700 1165,687 1090,697"/>
                <Baseline points="1100,737 1126,742 1152,746 1178,748 1204,748 1230,749 1257,747 1283,745 1309,743 1335,741 1361,739 1387,737 1414,736 1440,735 1466,735 1492,737 1518,741 1544,746 1571,753"/>
                <TextEquiv>
                    <Unicode>—</Unicode>
                </TextEquiv>
            </TextLine>
            <TextLine id="r1l6" custom="readingOrder {index:5;}">
                <Coords points="526,768 1578,872 1565,793 786,755 533,691"/>
                <Baseline points="536,750 587,754 639,758 691,762 743,767 795,772 846,776 898,781 950,786 1002,791 1054,796 1105,801 1157,806 1209,811 1261,816 1313,820 1364,825 1416,829 1468,834 1520,838 1572,842"/>
                <TextEquiv>
                    <Unicode>Eatah der —</Unicode>
                </TextEquiv>
            </TextLine>
            <TextLine id="r1l7" custom="readingOrder {index:6;}">
                <Coords points="530,830 1223,925 1281,892 1467,933 1568,912 1570,886 1418,859 682,813 535,770"/>
                <Baseline points="541,810 594,824 648,835 701,845 755,854 809,861 862,867 916,872 970,876 1023,880 1077,884 1130,887 1184,889 1238,891 1291,893 1345,896 1399,898 1452,901 1506,904 1560,907"/>
                <TextEquiv>
                    <Unicode>— TRLSt pes Aror</Unicode>
                </TextEquiv>
            </TextLine>
            <TextLine id="r1l8" custom="readingOrder {index:7;}">
                <Coords points="720,919 774,936 1180,965 1183,932 1133,913 1059,916 1044,900 1010,913 901,878 860,900 840,881 799,887 753,865 725,874"/>
                <Baseline points="730,912 755,916 781,919 807,923 833,926 859,929 885,933 911,935 937,938 963,940 989,943 1015,945 1041,947 1067,949 1093,951 1119,953 1145,955 1171,958"/>
                <TextEquiv>
                    <Unicode>150, Avenue des</Unicode>
                </TextEquiv>
            </TextLine>
            <TextLine id="r1l9" custom="readingOrder {index:8;}">
                <Coords points="519,934 537,930 560,952 598,953 608,944 629,955 661,942 701,953 753,945 840,959 842,941 787,928 756,933 708,911 676,921 635,907 623,914 574,885 553,898 521,899"/>
                <Baseline points="528,929 553,931 578,932 603,933 629,935 654,937 679,938 704,940 730,942 755,944 780,946 805,949 831,952"/>
                <TextEquiv>
                    <Unicode>Date:</Unicode>
                </TextEquiv>
            </TextLine>
            <TextLine id="r1l10" custom="readingOrder {index:9;}">
                <Coords points="970,966 1325,1008 1391,1041 1447,1017 1498,1023 1552,1055 1583,1053 1588,1009 1362,967 1265,979 973,935"/>
                <Baseline points="980,964 1009,967 1039,970 1069,973 1099,976 1129,979 1158,982 1188,984 1218,988 1248,990 1278,994 1307,997 1337,1000 1367,1003 1397,1006 1427,1010 1456,1014 1486,1019 1516,1023 1546,1028 1576,1033"/>
                <TextEquiv>
                    <Unicode></Unicode>
                </TextEquiv>
            </TextLine>
            <TextLine id="r1l11" custom="readingOrder {index:10;}">
                <Coords points="716,993 885,1014 916,998 996,1024 1036,1014 1135,1033 1155,1018 1176,1024 1178,1003 1061,974 720,947"/>
                <Baseline points="726,976 752,981 778,984 804,988 830,990 856,993 882,995 908,997 934,999 960,1001 986,1003 1012,1005 1038,1007 1064,1009 1090,1012 1116,1015 1142,1018 1168,1022"/>
                <TextEquiv>
                    <Unicode>Champs-Elvases.</Unicode>
                </TextEquiv>
            </TextLine>
            <TextLine id="r1l12" custom="readingOrder {index:11;}">
                <Coords points="521,1006 541,1007 546,1013 563,1010 575,1022 592,1013 616,1016 627,1010 654,1028 669,1015 689,1026 700,1024 702,992 673,984 663,988 641,964 623,958 604,966 555,949 534,966 523,966"/>
                <Baseline points="530,997 557,998 584,999 611,1000 638,1002 665,1004 692,1005"/>
                <TextEquiv>
                    <Unicode>Siane: —</Unicode>
                </TextEquiv>
            </TextLine>
            <TextLine id="r1l13" custom="readingOrder {index:12;}">
                <Coords points="977,1087 994,1082 1006,1093 1025,1081 1043,1083 1058,1099 1093,1102 1124,1089 1149,1090 1168,1108 1205,1104 1225,1090 1239,1095 1243,1048 1216,1036 1203,1044 1164,1040 1153,1027 1117,1036 1090,1033 1078,1021 1064,1029 1043,1020 1029,1027 982,1021"/>
                <Baseline points="988,1065 1014,1067 1041,1069 1068,1072 1095,1073 1122,1075 1149,1078 1176,1080 1203,1083 1230,1085"/>
                <TextEquiv>
                    <Unicode>PARTS 6.</Unicode>
                </TextEquiv>
            </TextLine>
            <TextLine id="r1l14" custom="readingOrder {index:13;}">
                <Coords points="1370,1127 1427,1128 1446,1119 1458,1127 1483,1111 1515,1128 1540,1109 1560,1112 1561,1085 1538,1078 1524,1064 1502,1067 1495,1059 1484,1055 1475,1060 1464,1053 1454,1060 1420,1055 1395,1064 1374,1058"/>
                <Baseline points="1381,1104 1409,1103 1437,1104 1466,1106 1494,1108 1522,1110 1551,1112"/>
                <TextEquiv>
                    <Unicode>1975</Unicode>
                </TextEquiv>
            </TextLine>
            <TextLine id="r1l15" custom="readingOrder {index:14;}">
                <Coords points="1604,1137 1628,1141 1630,1139 1637,1141 1643,1138 1654,1139 1659,1066 1635,1064 1634,1062 1626,1065 1610,1064"/>
                <Baseline points="1616,1114 1646,1116"/>
                <TextEquiv>
                    <Unicode></Unicode>
                </TextEquiv>
            </TextLine>
            <TextLine id="r1l16" custom="readingOrder {index:15;}">
                <Coords points="1904,1250 2053,1271 2571,1251 2663,1269 2663,1218 2620,1209 1904,1215"/>
                <Baseline points="1913,1254 1950,1253 1987,1253 2024,1252 2061,1252 2098,1251 2135,1251 2172,1250 2209,1250 2246,1250 2283,1249 2320,1249 2357,1249 2394,1249 2431,1249 2468,1250 2505,1250 2542,1250 2579,1251 2616,1252 2653,1253"/>
                <TextEquiv>
                    <Unicode>toujours parmi les choses ou je me</Unicode>
                </TextEquiv>
            </TextLine>
            <TextLine id="r1l17" custom="readingOrder {index:16;}">
                <Coords points="1902,1311 2468,1307 2492,1285 2661,1305 2660,1261 2640,1259 2052,1270 1901,1250"/>
                <Baseline points="1911,1296 1948,1296 1985,1295 2022,1295 2059,1295 2096,1294 2133,1294 2170,1293 2207,1293 2244,1292 2281,1292 2318,1291 2355,1291 2392,1290 2429,1290 2466,1289 2503,1289 2540,1288 2577,1288 2614,1288 2652,1288"/>
                <TextEquiv>
                    <Unicode>trouve justement: la Bible et les</Unicode>
                </TextEquiv>
            </TextLine>
            <TextLine id="r1l18" custom="readingOrder {index:17;}">
                <Coords points="631,1328 928,1340 1102,1306 1230,1341 1302,1302 1342,1335 1732,1305 1732,1254 1661,1241 1401,1255 1346,1220 1285,1256 1062,1260 847,1224 789,1257 631,1229"/>
                <Baseline points="641,1313 695,1312 749,1311 803,1310 857,1310 911,1310 965,1310 1019,1310 1073,1310 1127,1311 1182,1311 1236,1312 1290,1312 1344,1313 1398,1313 1452,1313 1506,1313 1560,1313 1614,1313 1668,1312 1723,1311"/>
                <TextEquiv>
                    <Unicode>Quelques représentants</Unicode>
                </TextEquiv>
            </TextLine>
            <TextLine id="r1l19" custom="readingOrder {index:18;}">
                <Coords points="1912,1349 2385,1333 2570,1358 2663,1334 2663,1303 2499,1288 1912,1292"/>
                <Baseline points="1921,1331 1957,1331 1994,1332 2030,1332 2067,1332 2104,1331 2140,1331 2177,1331 2214,1331 2250,1331 2287,1331 2324,1331 2360,1331 2397,1331 2434,1331 2470,1331 2507,1331 2544,1331 2580,1331 2617,1331 2654,1332"/>
                <TextEquiv>
                    <Unicode>ceuvres du grand poéte danois, Jean</Unicode>
                </TextEquiv>
            </TextLine>
            <TextLine id="r1l20" custom="readingOrder {index:19;}">
                <Coords points="1922,1385 2012,1389 2032,1372 2129,1382 2232,1369 2290,1389 2413,1377 2413,1347 2367,1334 2232,1352 2199,1336 2156,1347 2074,1330 1922,1343"/>
                <Baseline points="1931,1367 1957,1367 1983,1367 2009,1367 2035,1368 2062,1368 2088,1368 2114,1369 2140,1369 2167,1369 2193,1369 2219,1369 2245,1369 2271,1369 2298,1369 2324,1369 2350,1368 2376,1367 2403,1365"/>
                <TextEquiv>
                    <Unicode>Peter Jacobsen „ (1903).</Unicode>
                </TextEquiv>
            </TextLine>
            <TextLine id="r1l21" custom="readingOrder {index:20;}">
                <Coords points="1953,1429 2511,1441 2667,1422 2667,1389 2618,1370 2559,1394 2475,1364 2424,1399 2231,1369 1953,1382"/>
                <Baseline points="1961,1421 1995,1422 2030,1423 2065,1424 2100,1424 2135,1424 2170,1425 2204,1425 2239,1425 2274,1425 2309,1424 2344,1424 2379,1424 2414,1424 2448,1424 2483,1424 2518,1424 2553,1424 2588,1424 2623,1425 2658,1425"/>
                <TextEquiv>
                    <Unicode>Schnitzler, qui est isrnélite, Pest</Unicode>
                </TextEquiv>
            </TextLine>
            <TextLine id="r1l22" custom="readingOrder {index:21;}">
                <Coords points="488,1418 711,1446 770,1412 876,1454 1872,1418 1872,1366 1632,1340 1342,1375 488,1338"/>
                <Baseline points="498,1425 566,1425 634,1425 702,1425 770,1426 839,1426 907,1427 975,1427 1043,1428 1111,1428 1180,1429 1248,1429 1316,1430 1384,1430 1452,1430 1521,1430 1589,1430 1657,1429 1725,1428 1793,1428 1862,1427"/>
                <TextEquiv>
                    <Unicode>de la litterature autrichienne</Unicode>
                </TextEquiv>
            </TextLine>
            <TextLine id="r1l23" custom="readingOrder {index:22;}">
                <Coords points="1917,1463 2676,1473 2676,1431 2650,1423 1917,1441"/>
                <Baseline points="1926,1459 1963,1460 2000,1461 2037,1461 2074,1462 2111,1463 2148,1463 2185,1463 2222,1464 2259,1464 2296,1464 2333,1464 2370,1465 2407,1465 2444,1465 2481,1465 2518,1465 2555,1464 2592,1464 2629,1464 2666,1464"/>
                <TextEquiv>
                    <Unicode>essayé sans doute à peindre les lieux</Unicode>
                </TextEquiv>
            </TextLine>
            <TextLine id="r1l24" custom="readingOrder {index:23;}">
                <Coords points="1919,1501 2058,1522 2333,1500 2520,1519 2625,1510 2672,1472 1919,1476"/>
                <Baseline points="1928,1500 1964,1500 2001,1500 2038,1500 2075,1500 2111,1501 2148,1501 2185,1502 2222,1503 2258,1503 2295,1504 2332,1504 2369,1505 2405,1505 2442,1504 2479,1504 2516,1503 2552,1502 2589,1501 2626,1499 2663,1496"/>
                <TextEquiv>
                    <Unicode>et les types viennois: les églises jé¬</Unicode>
                </TextEquiv>
            </TextLine>
            <TextLine id="r1l25" custom="readingOrder {index:24;}">
                <Coords points="1912,1552 2542,1542 2573,1560 2676,1531 2676,1509 2583,1496 2522,1518 1912,1509"/>
                <Baseline points="1921,1537 1958,1538 1995,1539 2032,1539 2070,1540 2107,1540 2144,1540 2181,1541 2219,1541 2256,1541 2293,1542 2330,1542 2368,1542 2405,1542 2442,1542 2479,1542 2517,1542 2554,1541 2591,1541 2628,1541 2666,1541"/>
                <TextEquiv>
                    <Unicode>stites, les palais rococo, les cnfés</Unicode>
                </TextEquiv>
            </TextLine>
            <TextLine id="r1l26" custom="readingOrder {index:25;}">
                <Coords points="460,1562 1906,1568 1895,1502 461,1518"/>
                <Baseline points="469,1553 540,1553 611,1554 683,1554 754,1555 826,1555 897,1555 968,1555 1040,1556 1111,1556 1183,1556 1254,1556 1325,1556 1397,1557 1468,1557 1540,1557 1611,1558 1682,1558 1754,1559 1825,1560 1897,1561"/>
                <TextEquiv>
                    <Unicode>D’une abondante ef“ golide éindee T acmire i'äme sociale de l’Allema¬</Unicode>
                </TextEquiv>
            </TextLine>
            <TextLine id="r1l27" custom="readingOrder {index:26;}">
                <Coords points="1928,1586 2102,1576 2166,1600 2192,1581 2663,1576 2662,1548 2518,1542 1928,1551"/>
                <Baseline points="1937,1576 1972,1577 2008,1578 2044,1578 2080,1579 2116,1579 2152,1579 2187,1579 2223,1579 2259,1579 2295,1579 2331,1579 2367,1579 2403,1578 2438,1578 2474,1577 2510,1577 2546,1576 2582,1576 2618,1575 2654,1575"/>
                <TextEquiv>
                    <Unicode>clegants du #iny, les brasseries po</Unicode>
                </TextEquiv>
            </TextLine>
            <TextLine id="r1l28" custom="readingOrder {index:27;}">
                <Coords points="426,1601 1899,1600 1850,1563 426,1546"/>
                <Baseline points="435,1592 507,1592 580,1593 653,1593 726,1593 799,1594 871,1594 944,1595 1017,1595 1090,1595 1163,1595 1235,1596 1308,1596 1381,1596 1454,1596 1527,1596 1599,1596 1672,1596 1745,1596 1818,1596 1891,1596"/>
                <TextEquiv>
                    <Unicode>sur la e Nation autrichienne n, pa¬Vgue: &amp; Qui ne Pa rencontre plus</Unicode>
                </TextEquiv>
            </TextLine>
            <TextLine id="r1l29" custom="readingOrder {index:28;}">
                <Coords points="1924,1621 2357,1632 2421,1608 2584,1629 2672,1605 2672,1582 1924,1590"/>
                <Baseline points="1933,1619 1969,1618 2005,1617 2042,1617 2078,1617 2115,1616 2151,1616 2188,1616 2224,1616 2261,1616 2297,1616 2333,1616 2370,1616 2406,1616 2443,1616 2479,1616 2516,1616 2552,1616 2589,1617 2625,1617 2662,1617"/>
                <TextEquiv>
                    <Unicode>pilaites, ie pare peigne de Schön¬</Unicode>
                </TextEquiv>
            </TextLine>
            <TextLine id="r1l30" custom="readingOrder {index:29;}">
                <Coords points="424,1631 1906,1647 1906,1603 1800,1596 424,1607"/>
                <Baseline points="433,1633 506,1634 579,1634 652,1634 726,1634 799,1635 872,1635 945,1635 1019,1635 1092,1635 1165,1635 1238,1635 1312,1635 1385,1635 1458,1635 1531,1635 1605,1635 1678,1635 1751,1635 1824,1635 1898,1635"/>
                <TextEquiv>
                    <Unicode>rue sous la signatüire de M. Jucquesld’une fois cet esprit errant, qui sur¬</Unicode>
                </TextEquiv>
            </TextLine>
            <TextLine id="r1l31" custom="readingOrder {index:30;}">
                <Coords points="1926,1658 2649,1667 2664,1618 1925,1623"/>
                <Baseline points="1935,1654 1971,1655 2007,1656 2043,1656 2079,1657 2115,1656 2151,1656 2187,1656 2223,1655 2259,1655 2295,1654 2331,1654 2367,1653 2403,1653 2439,1652 2475,1652 2511,1653 2547,1653 2583,1654 2619,1655 2655,1656"/>
                <TextEquiv>
                    <Unicode>brunn, les guinguettes du Prater, et,</Unicode>
                </TextEquiv>
            </TextLine>
            <TextLine id="r1l32" custom="readingOrder {index:31;}">
                <Coords points="1179,1683 1850,1680 1899,1677 1900,1642 1179,1643"/>
                <Baseline points="1189,1673 1224,1672 1259,1671 1294,1671 1329,1671 1364,1672 1399,1672 1434,1673 1469,1673 1504,1674 1540,1675 1575,1676 1610,1676 1645,1676 1680,1676 1715,1676 1750,1676 1785,1674 1820,1673 1855,1671 1891,1669"/>
                <TextEquiv>
                    <Unicode>git du chaos pour faire valoir ses</Unicode>
                </TextEquiv>
            </TextLine>
            <TextLine id="r1l33" custom="readingOrder {index:32;}">
                <Coords points="435,1672 1170,1687 1170,1636 435,1634"/>
                <Baseline points="444,1672 479,1672 515,1673 551,1674 587,1674 623,1674 659,1674 695,1674 731,1674 767,1674 803,1674 838,1674 874,1673 910,1673 946,1673 982,1673 1018,1673 1054,1672 1090,1672 1126,1672 1162,1672"/>
                <TextEquiv>
                    <Unicode>Ancel dans 1e précieug recueil &amp;Af¬</Unicode>
                </TextEquiv>
            </TextLine>
            <TextLine id="r1l34" custom="readingOrder {index:33;}">
                <Coords points="1914,1693 2665,1692 2665,1668 2590,1655 1914,1663"/>
                <Baseline points="1924,1691 1960,1692 1997,1692 2033,1692 2070,1692 2107,1692 2143,1692 2180,1692 2216,1692 2253,1692 2290,1692 2326,1692 2363,1692 2399,1692 2436,1692 2473,1692 2509,1692 2546,1693 2582,1693 2619,1693 2656,1694"/>
                <TextEquiv>
                    <Unicode>tont speciaiement, #ette güsse Midel,</Unicode>
                </TextEquiv>
            </TextLine>
            <TextLine id="r1l35" custom="readingOrder {index:34;}">
                <Coords points="1183,1719 1821,1723 1905,1709 1905,1680 1183,1681"/>
                <Baseline points="1193,1710 1228,1709 1263,1708 1298,1708 1333,1708 1369,1708 1404,1708 1439,1709 1474,1709 1509,1710 1545,1711 1580,1711 1615,1711 1650,1712 1685,1712 1721,1712 1756,1712 1791,1711 1826,1710 1861,1708 1897,1706"/>
                <TextEquiv>
                    <Unicode>preientions de maitre et de conduc¬</Unicode>
                </TextEquiv>
            </TextLine>
            <TextLine id="r1l36" custom="readingOrder {index:35;}">
                <Coords points="421,1720 879,1728 942,1704 1054,1730 1083,1708 1165,1715 1165,1674 421,1676"/>
                <Baseline points="431,1712 467,1711 503,1710 539,1710 576,1709 612,1709 648,1709 684,1709 721,1709 757,1710 793,1710 829,1710 866,1710 902,1711 938,1710 974,1710 1011,1710 1047,1709 1083,1709 1119,1708 1156,1706"/>
                <TextEquiv>
                    <Unicode>faires eträngeres 9 que dirige M.</Unicode>
                </TextEquiv>
            </TextLine>
            <TextLine id="r1l37" custom="readingOrder {index:36;}">
                <Coords points="435,1760 887,1739 1120,1759 1169,1751 1169,1709 434,1720"/>
                <Baseline points="443,1751 478,1750 514,1749 550,1748 586,1748 622,1747 658,1747 693,1747 729,1747 765,1747 801,1748 837,1748 873,1748 909,1748 944,1748 980,1748 1016,1748 1052,1748 1088,1747 1124,1747 1160,1746"/>
                <TextEquiv>
                    <Unicode>Atber! Moussel, nons sommes Reu¬</Unicode>
                </TextEquiv>
            </TextLine>
            <TextLine id="r1l38" custom="readingOrder {index:37;}">
                <Coords points="1182,1758 1404,1761 1468,1741 1492,1759 1754,1763 1829,1739 1900,1752 1900,1717 1182,1719"/>
                <Baseline points="1192,1747 1227,1747 1262,1747 1297,1747 1332,1747 1367,1747 1402,1747 1437,1748 1472,1748 1507,1748 1542,1748 1577,1748 1612,1748 1647,1748 1682,1748 1717,1748 1752,1748 1787,1747 1822,1746 1857,1745 1892,1744"/>
                <TextEquiv>
                    <Unicode>teur, marqué tantôt du signe du</Unicode>
                </TextEquiv>
            </TextLine>
            <TextLine id="r1l39" custom="readingOrder {index:38;}">
                <Coords points="1919,1768 2665,1778 2665,1746 2621,1732 1919,1740"/>
                <Baseline points="1929,1766 1965,1767 2001,1767 2038,1768 2074,1768 2110,1769 2147,1769 2183,1769 2219,1769 2256,1769 2292,1769 2328,1769 2365,1769 2401,1769 2437,1768 2474,1768 2510,1768 2546,1768 2583,1768 2619,1768 2656,1768"/>
                <TextEquiv>
                    <Unicode>Murger. Pourtant il s’évade de ces</Unicode>
                </TextEquiv>
            </TextLine>
            <TextLine id="r1l40" custom="readingOrder {index:39;}">
                <Coords points="425,1785 1158,1798 1158,1748 1034,1767 881,1744 425,1754"/>
                <Baseline points="435,1786 470,1786 506,1786 542,1786 578,1786 613,1786 649,1786 685,1786 721,1786 756,1786 792,1786 828,1786 864,1786 899,1786 935,1786 971,1785 1007,1785 1042,1785 1078,1784 1114,1783 1150,1783"/>
                <TextEquiv>
                    <Unicode>reur de pouorir ertraire 1es iiqnes</Unicode>
                </TextEquiv>
            </TextLine>
            <TextLine id="r1l41" custom="readingOrder {index:40;}">
                <Coords points="1179,1796 1908,1789 1908,1755 1839,1747 1179,1754"/>
                <Baseline points="1189,1786 1224,1786 1260,1785 1295,1785 1331,1785 1366,1785 1402,1785 1437,1785 1473,1785 1508,1785 1544,1786 1579,1786 1615,1786 1650,1786 1686,1786 1721,1786 1757,1786 1792,1785 1828,1784 1863,1783 1899,1782"/>
                <TextEquiv>
                    <Unicode>genie, tantôt du stigmate de Tusur¬</Unicode>
                </TextEquiv>
            </TextLine>
            <TextLine id="r1l42" custom="readingOrder {index:41;}">
                <Coords points="1917,1803 2245,1818 2276,1800 2390,1825 2619,1809 2619,1771 1917,1770"/>
                <Baseline points="1927,1803 1961,1803 1995,1804 2029,1804 2063,1805 2097,1805 2131,1806 2165,1806 2199,1806 2233,1806 2268,1806 2302,1806 2336,1806 2370,1806 2404,1806 2438,1805 2472,1805 2506,1805 2540,1804 2574,1804 2609,1804"/>
                <TextEquiv>
                    <Unicode>fläneries, de ves compagnes:: #</Unicode>
                </TextEquiv>
            </TextLine>
            <TextLine id="r1l43" custom="readingOrder {index:42;}">
                <Coords points="1181,1835 1654,1835 1680,1817 1801,1837 1830,1817 1890,1826 1890,1793 1181,1796"/>
                <Baseline points="1191,1825 1225,1825 1260,1824 1294,1824 1329,1823 1363,1823 1398,1823 1432,1823 1467,1822 1501,1822 1536,1822 1571,1822 1605,1822 1640,1822 1674,1822 1709,1822 1743,1822 1778,1823 1812,1823 1847,1823 1882,1823"/>
                <TextEquiv>
                    <Unicode>pateur, révolutionnaire dans </Unicode>
                </TextEquiv>
            </TextLine>
            <TextLine id="r1l44" custom="readingOrder {index:43;}">
                <Coords points="429,1824 1169,1831 1169,1787 669,1801 429,1782"/>
                <Baseline points="438,1824 474,1824 510,1824 546,1824 582,1824 618,1824 654,1824 690,1824 726,1824 762,1824 799,1824 835,1824 871,1824 907,1824 943,1824 979,1824 1015,1823 1051,1823 1087,1822 1123,1821 1160,1820"/>
                <TextEquiv>
                    <Unicode>suirantes qut tracent queiques por¬</Unicode>
                </TextEquiv>
            </TextLine>
            <TextLine id="r1l45" custom="readingOrder {index:44;}">
                <Coords points="1913,1849 2633,1854 2666,1838 2666,1801 1913,1814"/>
                <Baseline points="1923,1840 1959,1841 1996,1842 2033,1842 2069,1843 2106,1843 2143,1843 2179,1843 2216,1844 2253,1844 2290,1844 2326,1844 2363,1844 2400,1844 2436,1843 2473,1843 2510,1843 2546,1843 2583,1843 2620,1843 2657,1843"/>
                <TextEquiv>
                    <Unicode>siis à mille lienes de. Dactualité;</Unicode>
                </TextEquiv>
            </TextLine>
            <TextLine id="r1l46" custom="readingOrder {index:45;}">
                <Coords points="419,1876 1169,1867 1157,1829 419,1827"/>
                <Baseline points="429,1861 465,1862 502,1862 538,1862 575,1862 611,1862 648,1862 684,1862 721,1861 757,1861 794,1861 831,1860 867,1860 904,1860 940,1860 977,1860 1013,1859 1050,1859 1086,1859 1123,1860 1160,1860"/>
                <TextEquiv>
                    <Unicode>tratts tres virants de qneiques hom¬</Unicode>
                </TextEquiv>
            </TextLine>
            <TextLine id="r1l47" custom="readingOrder {index:46;}">
                <Coords points="1181,1866 1901,1868 1901,1835 1839,1817 1791,1837 1679,1817 1632,1839 1491,1822 1181,1837"/>
                <Baseline points="1190,1862 1225,1862 1260,1861 1295,1861 1330,1861 1365,1861 1400,1861 1435,1861 1470,1861 1505,1861 1540,1861 1575,1862 1610,1862 1645,1862 1680,1862 1715,1862 1750,1862 1785,1862 1820,1861 1855,1861 1891,1861"/>
                <TextEquiv>
                    <Unicode>monde spirituel parce que, vrai Al¬</Unicode>
                </TextEquiv>
            </TextLine>
            <TextLine id="r1l48" custom="readingOrder {index:47;}">
                <Coords points="1924,1890 2396,1894 2482,1875 2609,1893 2669,1882 2669,1858 1923,1848"/>
                <Baseline points="1933,1881 1969,1881 2005,1881 2042,1880 2078,1880 2114,1880 2151,1881 2187,1881 2223,1881 2260,1881 2296,1881 2332,1881 2369,1881 2405,1881 2441,1881 2478,1881 2514,1880 2550,1879 2587,1878 2623,1877 2660,1876"/>
                <TextEquiv>
                    <Unicode>P’ai passe mna vieà ruminer eta ra¬</Unicode>
                </TextEquiv>
            </TextLine>
            <TextLine id="r1l49" custom="readingOrder {index:48;}">
                <Coords points="1176,1901 1911,1916 1911,1862 1176,1862"/>
                <Baseline points="1185,1901 1220,1900 1256,1899 1292,1898 1328,1898 1364,1898 1400,1898 1435,1898 1471,1898 1507,1899 1543,1899 1579,1899 1615,1899 1651,1900 1686,1900 1722,1900 1758,1900 1794,1899 1830,1899 1866,1898 1902,1897"/>
                <TextEquiv>
                    <Unicode>lemand en cela, senl Pabsoln compte</Unicode>
                </TextEquiv>
            </TextLine>
            <TextLine id="r1l50" custom="readingOrder {index:49;}">
                <Coords points="428,1916 658,1904 734,1922 816,1899 895,1922 994,1902 994,1870 427,1872"/>
                <Baseline points="437,1900 464,1901 491,1901 519,1902 546,1902 573,1902 601,1902 628,1901 655,1901 683,1900 710,1900 737,1899 765,1899 792,1899 819,1898 847,1898 874,1898 901,1899 929,1899 956,1900 984,1901"/>
                <TextEquiv>
                    <Unicode>mes de lettres autriehtens.</Unicode>
                </TextEquiv>
            </TextLine>
            <TextLine id="r1l51" custom="readingOrder {index:50;}">
                <Coords points="1916,1927 2215,1922 2263,1943 2431,1913 2569,1946 2614,1922 2667,1933 2667,1880 1916,1888"/>
                <Baseline points="1926,1917 1962,1918 1999,1919 2035,1920 2072,1920 2109,1920 2145,1921 2182,1920 2218,1920 2255,1920 2292,1920 2328,1920 2365,1919 2401,1919 2438,1919 2475,1918 2511,1918 2548,1918 2584,1918 2621,1919 2658,1919"/>
                <TextEquiv>
                    <Unicode>tourner Tunique probleine de Tamoue</Unicode>
                </TextEquiv>
            </TextLine>
            <TextLine id="r1l52" custom="readingOrder {index:51;}">
                <Coords points="1184,1949 1492,1934 1785,1954 1900,1942 1900,1908 1184,1910"/>
                <Baseline points="1193,1939 1227,1938 1262,1936 1297,1936 1332,1935 1367,1935 1402,1935 1437,1936 1472,1936 1507,1937 1542,1937 1576,1937 1611,1938 1646,1938 1681,1938 1716,1938 1751,1938 1786,1937 1821,1936 1856,1933 1891,1931"/>
                <TextEquiv>
                    <Unicode>pour Ini 9 (das Schriftum ais geisti.</Unicode>
                </TextEquiv>
            </TextLine>
            <TextLine id="r1l53" custom="readingOrder {index:52;}">
                <Coords points="465,1950 1029,1948 1094,1966 1169,1941 1168,1914 1035,1906 993,1924 833,1909 738,1926 657,1903 465,1921"/>
                <Baseline points="474,1950 508,1949 542,1948 576,1947 611,1947 645,1946 679,1946 713,1945 748,1945 782,1945 816,1945 850,1945 885,1945 919,1944 953,1944 987,1944 1022,1944 1056,1944 1090,1944 1124,1944 1159,1944"/>
                <TextEquiv>
                    <Unicode>La question gue se pose Panteur</Unicode>
                </TextEquiv>
            </TextLine>
            <TextLine id="r1l54" custom="readingOrder {index:53;}">
                <Coords points="1917,1971 2669,1951 2619,1923 2429,1913 2264,1939 1917,1927"/>
                <Baseline points="1926,1955 1962,1956 1999,1956 2035,1957 2072,1957 2109,1957 2145,1957 2182,1957 2219,1957 2255,1957 2292,1957 2329,1957 2365,1957 2402,1957 2439,1957 2475,1957 2512,1957 2549,1957 2585,1957 2622,1958 2659,1958"/>
                <TextEquiv>
                    <Unicode>et de la mort o. II vieillit ei ses</Unicode>
                </TextEquiv>
            </TextLine>
            <TextLine id="r1l55" custom="readingOrder {index:54;}">
                <Coords points="1172,1993 1872,1989 1909,1982 1909,1941 1172,1949"/>
                <Baseline points="1181,1977 1216,1975 1252,1974 1288,1974 1324,1973 1360,1973 1396,1973 1432,1973 1468,1973 1504,1973 1540,1974 1575,1974 1611,1974 1647,1974 1683,1975 1719,1975 1755,1974 1791,1974 1827,1974 1863,1973 1899,1972"/>
                <TextEquiv>
                    <Unicode>ger Raum der Nation, Munich, 1927).</Unicode>
                </TextEquiv>
            </TextLine>
            <TextLine id="r1l56" custom="readingOrder {index:55;}">
                <Coords points="425,1990 1164,1991 1164,1962 1074,1952 425,1952"/>
                <Baseline points="435,1986 472,1986 510,1986 548,1986 586,1985 624,1985 662,1985 699,1985 737,1985 775,1985 813,1985 851,1986 889,1986 926,1986 964,1986 1002,1986 1040,1986 1078,1986 1116,1986 1154,1986"/>
                <TextEquiv>
                    <Unicode>dens ia ntterature viennoise est an¬</Unicode>
                </TextEquiv>
            </TextLine>
            <TextLine id="r1l57" custom="readingOrder {index:56;}">
                <Coords points="1920,2003 2664,1993 2664,1971 2556,1955 1920,1969"/>
                <Baseline points="1929,1994 1965,1994 2001,1994 2037,1995 2074,1995 2110,1995 2146,1995 2183,1995 2219,1995 2255,1995 2292,1995 2328,1995 2364,1994 2400,1994 2437,1994 2473,1993 2509,1993 2546,1992 2582,1992 2618,1991 2655,1991"/>
                <TextEquiv>
                    <Unicode>creations deviennent plus humaines.</Unicode>
                </TextEquiv>
            </TextLine>
            <TextLine id="r1l58" custom="readingOrder {index:57;}">
                <Coords points="1187,2020 1905,2017 1905,1984 1859,1979 1187,1984"/>
                <Baseline points="1195,2012 1230,2013 1265,2013 1300,2014 1335,2014 1370,2014 1405,2014 1440,2014 1475,2013 1510,2013 1545,2013 1580,2012 1615,2012 1650,2011 1685,2011 1720,2010 1755,2010 1790,2010 1825,2010 1860,2010 1895,2009"/>
                <TextEquiv>
                    <Unicode>II nons presente ces chercheurs en</Unicode>
                </TextEquiv>
            </TextLine>
            <TextLine id="r1l59" custom="readingOrder {index:58;}">
                <Coords points="429,2040 1166,2035 1166,1995 1091,1984 429,1992"/>
                <Baseline points="438,2027 475,2026 513,2026 551,2026 589,2026 627,2026 665,2025 702,2025 740,2025 778,2025 816,2025 854,2025 892,2025 929,2025 967,2024 1005,2024 1043,2024 1081,2024 1119,2024 1157,2023"/>
                <TextEquiv>
                    <Unicode>jourchhui ertremement riche. Est-elle</Unicode>
                </TextEquiv>
            </TextLine>
            <TextLine id="r1l60" custom="readingOrder {index:59;}">
                <Coords points="1928,2039 2104,2027 2212,2056 2274,2032 2313,2051 2551,2032 2668,2051 2668,2005 2639,1998 1928,1999"/>
                <Baseline points="1937,2032 1973,2032 2009,2032 2045,2032 2081,2032 2117,2032 2153,2033 2190,2033 2226,2033 2262,2034 2298,2034 2334,2034 2370,2034 2406,2034 2443,2034 2479,2034 2515,2034 2551,2033 2587,2032 2623,2031 2660,2030"/>
                <TextEquiv>
                    <Unicode>Que Pon compare la relehre Tiebelei</Unicode>
                </TextEquiv>
            </TextLine>
            <TextLine id="r1l61" custom="readingOrder {index:60;}">
                <Coords points="1184,2055 1562,2064 1686,2040 1765,2063 1901,2058 1900,2018 1840,2011 1184,2019"/>
                <Baseline points="1193,2055 1227,2054 1262,2054 1297,2053 1332,2052 1367,2052 1402,2052 1437,2051 1472,2051 1507,2051 1542,2050 1576,2050 1611,2050 1646,2049 1681,2049 1716,2049 1751,2048 1786,2048 1821,2047 1856,2046 1891,2045"/>
                <TextEquiv>
                    <Unicode>quete d’un lien spirituel -e Aueune</Unicode>
                </TextEquiv>
            </TextLine>
            <TextLine id="r1l62" custom="readingOrder {index:61;}">
                <Coords points="426,2058 478,2079 501,2066 558,2077 569,2070 591,2086 628,2062 659,2077 677,2070 677,2031 665,2028 643,2026 632,2035 558,2029 545,2037 518,2026 496,2035 426,2031"/>
                <Baseline points="436,2056 461,2060 487,2062 513,2063 539,2063 564,2062 590,2061 616,2060 642,2060 668,2061"/>
                <TextEquiv>
                    <Unicode>nationale?</Unicode>
                </TextEquiv>
            </TextLine>
            <TextLine id="r1l63" custom="readingOrder {index:62;}">
                <Coords points="1919,2068 2117,2090 2313,2068 2394,2092 2429,2071 2663,2071 2663,2038 2573,2033 1919,2041"/>
                <Baseline points="1929,2069 1965,2069 2001,2070 2037,2070 2074,2071 2110,2071 2146,2072 2183,2072 2219,2073 2255,2073 2292,2073 2328,2073 2364,2073 2400,2073 2437,2073 2473,2072 2509,2071 2546,2070 2582,2069 2618,2067 2655,2066"/>
                <TextEquiv>
                    <Unicode>des debuts — qu’a vulgarisée le ci¬</Unicode>
                </TextEquiv>
            </TextLine>
            <TextLine id="r1l64" custom="readingOrder {index:63;}">
                <Coords points="1174,2096 1735,2104 1901,2095 1901,2059 1174,2063"/>
                <Baseline points="1183,2090 1218,2091 1254,2091 1289,2090 1325,2090 1360,2090 1396,2090 1431,2090 1467,2090 1502,2089 1538,2089 1573,2089 1609,2088 1644,2088 1680,2088 1715,2087 1751,2087 1786,2086 1822,2086 1857,2085 1893,2085"/>
                <TextEquiv>
                    <Unicode>lutte allemande pour la liberté n'a</Unicode>
                </TextEquiv>
            </TextLine>
            <TextLine id="r1l65" custom="readingOrder {index:64;}">
                <Coords points="1918,2123 2466,2102 2583,2122 2673,2102 2638,2072 2085,2088 1918,2068"/>
                <Baseline points="1927,2108 1963,2108 2000,2108 2037,2108 2074,2108 2111,2108 2147,2108 2184,2108 2221,2109 2258,2109 2295,2109 2331,2110 2368,2110 2405,2110 2442,2109 2479,2109 2515,2109 2552,2108 2589,2107 2626,2105 2663,2103"/>
                <TextEquiv>
                    <Unicode>heiia — ses romans de Pavant¬</Unicode>
                </TextEquiv>
            </TextLine>
            <TextLine id="r1l66" custom="readingOrder {index:65;}">
                <Coords points="458,2121 1160,2122 1160,2078 1077,2058 1011,2091 914,2057 815,2085 762,2061 700,2089 630,2061 599,2089 458,2075"/>
                <Baseline points="467,2115 501,2116 535,2117 569,2118 603,2119 637,2120 671,2120 706,2120 740,2120 774,2120 808,2120 842,2119 876,2119 910,2118 945,2118 979,2117 1013,2117 1047,2116 1081,2116 1115,2115 1150,2115"/>
                <TextEquiv>
                    <Unicode>Trois grands noms emergent, Si</Unicode>
                </TextEquiv>
            </TextLine>
            <TextLine id="r1l67" custom="readingOrder {index:66;}">
                <Coords points="1180,2133 1464,2145 1526,2119 1567,2140 1913,2144 1913,2095 1874,2090 1180,2096"/>
                <Baseline points="1190,2126 1225,2126 1261,2125 1296,2125 1332,2125 1368,2126 1403,2126 1439,2126 1475,2127 1510,2127 1546,2127 1582,2127 1617,2128 1653,2127 1689,2127 1724,2127 1760,2126 1796,2125 1831,2124 1867,2123 1903,2121"/>
                <TextEquiv>
                    <Unicode>eté plus ardente ni plus opinlätre</Unicode>
                </TextEquiv>
            </TextLine>
            <TextLine id="r1l68" custom="readingOrder {index:67;}">
                <Coords points="1924,2159 2638,2159 2684,2119 1923,2119"/>
                <Baseline points="1933,2147 1970,2147 2007,2146 2044,2146 2081,2146 2118,2146 2155,2146 2192,2146 2229,2146 2266,2146 2303,2146 2340,2146 2377,2146 2414,2146 2451,2146 2488,2146 2525,2146 2562,2146 2599,2146 2636,2146 2674,2146"/>
                <TextEquiv>
                    <Unicode>guerre a ses productions des dernie¬</Unicode>
                </TextEquiv>
            </TextLine>
            <TextLine id="r1l69" custom="readingOrder {index:68;}">
                <Coords points="430,2164 1172,2160 1172,2120 492,2133 430,2114"/>
                <Baseline points="439,2154 475,2155 511,2156 547,2157 583,2157 620,2158 656,2158 692,2158 728,2158 764,2158 801,2158 837,2158 873,2157 909,2157 945,2157 982,2156 1018,2156 1054,2156 1090,2156 1126,2156 1163,2156"/>
                <TextEquiv>
                    <Unicode>Pon ne compte que les morts: Jngo</Unicode>
                </TextEquiv>
            </TextLine>
            <TextLine id="r1l70" custom="readingOrder {index:69;}">
                <Coords points="1189,2179 1369,2158 1422,2180 1451,2160 1893,2176 1906,2130 1189,2135"/>
                <Baseline points="1199,2164 1233,2164 1268,2164 1303,2164 1338,2164 1373,2164 1408,2164 1443,2164 1478,2165 1513,2165 1548,2165 1582,2165 1617,2165 1652,2165 1687,2165 1722,2164 1757,2164 1792,2163 1827,2163 1862,2162 1897,2161"/>
                <TextEquiv>
                    <Unicode>que celle qui a lien anjourd’hui, en</Unicode>
                </TextEquiv>
            </TextLine>
            <TextLine id="r1l71" custom="readingOrder {index:70;}">
                <Coords points="1928,2187 2677,2191 2677,2154 2606,2147 1928,2157"/>
                <Baseline points="1937,2184 1973,2184 2010,2184 2046,2184 2083,2184 2119,2185 2156,2185 2192,2185 2229,2185 2265,2186 2302,2186 2339,2186 2375,2186 2412,2186 2448,2185 2485,2185 2521,2184 2558,2184 2594,2183 2631,2182 2668,2180"/>
                <TextEquiv>
                    <Unicode>res années, der Weg in's Freie te le</Unicode>
                </TextEquiv>
            </TextLine>
            <TextLine id="r1l72" custom="readingOrder {index:71;}">
                <Coords points="425,2211 826,2209 854,2187 1161,2216 1161,2161 425,2160"/>
                <Baseline points="433,2192 470,2194 508,2195 546,2196 584,2197 622,2198 660,2199 697,2199 735,2199 773,2199 811,2199 849,2199 887,2198 924,2198 962,2197 1000,2196 1038,2195 1076,2195 1114,2193 1152,2192"/>
                <TextEquiv>
                    <Unicode>von Hofmannsthal, Rainer Maria</Unicode>
                </TextEquiv>
            </TextLine>
            <TextLine id="r1l73" custom="readingOrder {index:72;}">
                <Coords points="1183,2210 1905,2213 1904,2171 1873,2165 1182,2174"/>
                <Baseline points="1192,2202 1227,2202 1262,2202 1297,2203 1332,2203 1368,2203 1403,2203 1438,2203 1473,2203 1508,2203 1544,2203 1579,2203 1614,2203 1649,2203 1684,2202 1720,2202 1755,2201 1790,2201 1825,2200 1860,2199 1896,2197"/>
                <TextEquiv>
                    <Unicode>des milliers d’ämes, pourconquerir</Unicode>
                </TextEquiv>
            </TextLine>
            <TextLine id="r1l74" custom="readingOrder {index:73;}">
                <Coords points="1925,2234 2614,2234 2673,2225 2673,2186 1925,2188"/>
                <Baseline points="1935,2221 1971,2221 2007,2221 2044,2222 2080,2222 2117,2222 2153,2222 2190,2222 2226,2222 2263,2222 2299,2222 2335,2222 2372,2221 2408,2221 2445,2221 2481,2221 2518,2221 2554,2221 2591,2220 2627,2220 2664,2220"/>
                <TextEquiv>
                    <Unicode>Chemin de ln Liberlév). &amp; La politi¬</Unicode>
                </TextEquiv>
            </TextLine>
            <TextLine id="r1l75" custom="readingOrder {index:74;}">
                <Coords points="428,2251 714,2238 912,2253 980,2237 980,2199 428,2209"/>
                <Baseline points="438,2233 464,2234 491,2235 517,2235 544,2235 571,2236 597,2237 624,2237 650,2238 677,2238 704,2238 730,2238 757,2238 783,2238 810,2238 837,2238 863,2238 890,2237 916,2237 943,2236 970,2235"/>
                <TextEquiv>
                    <Unicode>Rilke, Arthur Schnitzler.</Unicode>
                </TextEquiv>
            </TextLine>
            <TextLine id="r1l76" custom="readingOrder {index:75;}">
                <Coords points="1190,2251 1710,2240 1811,2259 1833,2237 1910,2251 1910,2214 1627,2219 1580,2193 1560,2213 1189,2216"/>
                <Baseline points="1198,2242 1233,2240 1268,2240 1303,2239 1338,2239 1373,2239 1408,2239 1443,2239 1478,2240 1513,2240 1549,2241 1584,2241 1619,2241 1654,2241 1689,2241 1724,2241 1759,2240 1794,2239 1829,2238 1864,2236 1900,2234"/>
                <TextEquiv>
                    <Unicode>une veritable discipline. n Aussi bé¬</Unicode>
                </TextEquiv>
            </TextLine>
            <TextLine id="r1l77" custom="readingOrder {index:76;}">
                <Coords points="1924,2265 2655,2277 2666,2226 1923,2230"/>
                <Baseline points="1933,2261 1969,2262 2005,2262 2041,2262 2077,2262 2114,2262 2150,2261 2186,2261 2222,2261 2258,2260 2295,2260 2331,2260 2367,2259 2403,2259 2439,2259 2476,2259 2512,2259 2548,2260 2584,2261 2620,2261 2657,2263"/>
                <TextEquiv>
                    <Unicode>que, note-t-il quelque temps avant sa</Unicode>
                </TextEquiv>
            </TextLine>
            <TextLine id="r1l78" custom="readingOrder {index:77;}">
                <Coords points="1176,2277 1850,2291 1904,2285 1904,2243 1176,2253"/>
                <Baseline points="1185,2276 1220,2276 1256,2275 1291,2275 1327,2276 1362,2276 1398,2276 1433,2276 1469,2277 1504,2277 1540,2277 1575,2277 1611,2278 1646,2278 1682,2278 1717,2277 1753,2277 1788,2276 1824,2276 1859,2275 1895,2274"/>
                <TextEquiv>
                    <Unicode>site-t-il entre Penjonement de tont</Unicode>
                </TextEquiv>
            </TextLine>
            <TextLine id="r1l79" custom="readingOrder {index:78;}">
                <Coords points="454,2277 1172,2295 1159,2236 454,2245"/>
                <Baseline points="462,2278 497,2279 532,2279 567,2280 602,2281 637,2281 672,2281 707,2281 742,2281 777,2281 812,2281 847,2280 882,2280 917,2280 952,2279 987,2279 1022,2279 1057,2278 1092,2278 1127,2278 1162,2278"/>
                <TextEquiv>
                    <Unicode>Hofmannsthal oppose l'Autrichien,</Unicode>
                </TextEquiv>
            </TextLine>
            <TextLine id="r1l80" custom="readingOrder {index:79;}">
                <Coords points="1932,2307 2551,2311 2583,2289 2630,2311 2674,2295 2674,2264 1932,2271"/>
                <Baseline points="1942,2297 1978,2298 2014,2298 2050,2299 2086,2299 2123,2299 2159,2299 2195,2299 2231,2299 2267,2299 2304,2299 2340,2299 2376,2299 2412,2299 2448,2299 2485,2299 2521,2299 2557,2300 2593,2300 2629,2301 2666,2301"/>
                <TextEquiv>
                    <Unicode>mort, a ses dogines tout comnne la</Unicode>
                </TextEquiv>
            </TextLine>
            <TextLine id="r1l81" custom="readingOrder {index:80;}">
                <Coords points="1184,2320 1911,2327 1911,2277 1184,2283"/>
                <Baseline points="1193,2314 1228,2314 1263,2315 1299,2316 1334,2316 1370,2317 1405,2317 1441,2317 1476,2317 1512,2318 1547,2318 1582,2318 1618,2317 1653,2317 1689,2317 1724,2317 1760,2317 1795,2316 1831,2316 1866,2316 1902,2315"/>
                <TextEquiv>
                    <Unicode>a Theure et la gravité, qu'il dévolle</Unicode>
                </TextEquiv>
            </TextLine>
            <TextLine id="r1l82" custom="readingOrder {index:81;}">
                <Coords points="459,2319 1122,2332 1172,2315 1172,2293 459,2295"/>
                <Baseline points="468,2321 502,2321 537,2321 572,2321 606,2321 641,2321 676,2321 710,2321 745,2321 780,2320 815,2320 849,2320 884,2320 919,2320 953,2319 988,2319 1023,2319 1057,2318 1092,2318 1127,2317 1162,2317"/>
                <TextEquiv>
                    <Unicode>etraditionnel et stable n, an Prus¬</Unicode>
                </TextEquiv>
            </TextLine>
            <TextLine id="r1l83" custom="readingOrder {index:82;}">
                <Coords points="1927,2341 2539,2348 2668,2329 2668,2310 2596,2297 1927,2307"/>
                <Baseline points="1937,2334 1973,2334 2009,2335 2045,2336 2081,2336 2117,2336 2153,2337 2189,2337 2225,2337 2261,2337 2297,2337 2333,2337 2369,2337 2405,2337 2441,2337 2477,2337 2513,2337 2549,2337 2585,2337 2621,2336 2658,2336"/>
                <TextEquiv>
                    <Unicode>religion. Ces dogmes s’intitulent</Unicode>
                </TextEquiv>
            </TextLine>
            <TextLine id="r1l84" custom="readingOrder {index:83;}">
                <Coords points="1179,2358 1907,2363 1907,2326 1885,2319 1179,2321"/>
                <Baseline points="1189,2354 1224,2354 1259,2355 1295,2355 1330,2355 1366,2355 1401,2355 1436,2355 1472,2355 1507,2355 1543,2355 1578,2355 1613,2355 1649,2355 1684,2355 1720,2355 1755,2355 1790,2355 1826,2355 1861,2356 1897,2356"/>
                <TextEquiv>
                    <Unicode>maintenant. II expose la tragédie de</Unicode>
                </TextEquiv>
            </TextLine>
            <TextLine id="r1l85" custom="readingOrder {index:84;}">
                <Coords points="435,2367 686,2357 798,2379 855,2349 974,2369 1093,2349 1172,2369 1172,2327 1150,2321 551,2339 435,2319"/>
                <Baseline points="445,2352 480,2354 516,2357 552,2358 588,2359 624,2360 660,2361 696,2361 732,2361 768,2361 804,2361 839,2360 875,2360 911,2359 947,2358 983,2358 1019,2357 1055,2356 1091,2356 1127,2355 1163,2354"/>
                <TextEquiv>
                    <Unicode>sien, preoccupé d’acinalité et</Unicode>
                </TextEquiv>
            </TextLine>
            <TextLine id="r1l86" custom="readingOrder {index:85;}">
                <Coords points="1918,2389 2498,2372 2565,2392 2668,2366 2668,2337 1918,2347"/>
                <Baseline points="1928,2372 1964,2373 2001,2373 2037,2373 2074,2374 2110,2374 2147,2374 2183,2375 2220,2375 2256,2375 2293,2376 2329,2376 2366,2376 2402,2376 2439,2376 2475,2375 2512,2375 2548,2374 2585,2374 2621,2373 2658,2372"/>
                <TextEquiv>
                    <Unicode>Pouvoir, Elargissement des frontjé¬</Unicode>
                </TextEquiv>
            </TextLine>
            <TextLine id="r1l87" custom="readingOrder {index:86;}">
                <Coords points="1188,2397 1740,2408 1855,2389 1906,2407 1906,2359 1881,2356 1188,2358"/>
                <Baseline points="1198,2394 1233,2394 1268,2394 1303,2394 1338,2393 1373,2393 1408,2393 1443,2393 1478,2393 1513,2393 1548,2393 1583,2393 1618,2392 1653,2392 1688,2392 1723,2392 1758,2392 1793,2392 1828,2392 1863,2392 1898,2392"/>
                <TextEquiv>
                    <Unicode>I’Empire detruit: der Turm, 6 la</Unicode>
                </TextEquiv>
            </TextLine>
            <TextLine id="r1l88" custom="readingOrder {index:87;}">
                <Coords points="433,2394 565,2413 657,2393 1166,2406 1166,2364 1126,2358 433,2365"/>
                <Baseline points="442,2391 477,2392 513,2392 549,2393 584,2393 620,2394 656,2394 691,2395 727,2395 763,2395 799,2396 834,2396 870,2396 906,2396 941,2396 977,2395 1013,2395 1048,2394 1084,2394 1120,2393 1156,2392"/>
                <TextEquiv>
                    <Unicode>d’action v. 11 est d’nne famille de</Unicode>
                </TextEquiv>
            </TextLine>
            <TextLine id="r1l89" custom="readingOrder {index:88;}">
                <Coords points="1926,2415 2580,2427 2672,2397 2672,2366 2364,2392 1926,2380"/>
                <Baseline points="1934,2410 1970,2410 2006,2411 2043,2411 2079,2412 2116,2412 2152,2413 2188,2413 2225,2414 2261,2414 2298,2414 2334,2414 2370,2415 2407,2414 2443,2414 2480,2414 2516,2413 2552,2412 2589,2411 2625,2410 2662,2408"/>
                <TextEquiv>
                    <Unicode>res, Prestige. Mais on ne troute pas</Unicode>
                </TextEquiv>
            </TextLine>
            <TextLine id="r1l90" custom="readingOrder {index:89;}">
                <Coords points="1188,2437 1910,2438 1910,2409 1858,2392 1545,2414 1188,2397"/>
                <Baseline points="1197,2430 1232,2430 1267,2430 1302,2430 1337,2430 1372,2430 1407,2431 1443,2431 1478,2431 1513,2431 1548,2431 1583,2431 1618,2431 1653,2431 1689,2431 1724,2431 1759,2431 1794,2431 1829,2431 1864,2431 1900,2430"/>
                <TextEquiv>
                    <Unicode>Tour n S’écroule: &amp; Les murs chan¬</Unicode>
                </TextEquiv>
            </TextLine>
            <TextLine id="r1l91" custom="readingOrder {index:90;}">
                <Coords points="427,2446 1166,2434 1149,2401 1046,2396 427,2402"/>
                <Baseline points="437,2435 474,2434 512,2433 550,2433 588,2433 626,2432 664,2432 701,2433 739,2433 777,2433 815,2433 853,2433 891,2434 928,2434 966,2434 1004,2433 1042,2433 1080,2433 1118,2432 1156,2431"/>
                <TextEquiv>
                    <Unicode>Basse-Autriche, de petite noblesse</Unicode>
                </TextEquiv>
            </TextLine>
            <TextLine id="r1l92" custom="readingOrder {index:91;}">
                <Coords points="1928,2457 2331,2451 2392,2470 2663,2446 2624,2415 1928,2416"/>
                <Baseline points="1937,2448 1972,2449 2008,2449 2044,2450 2080,2450 2116,2450 2151,2451 2187,2451 2223,2451 2259,2452 2295,2452 2330,2452 2366,2452 2402,2452 2438,2452 2474,2451 2509,2451 2545,2450 2581,2449 2617,2449 2653,2447"/>
                <TextEquiv>
                    <Unicode>les vrais crovants parmi les Vanati¬</Unicode>
                </TextEquiv>
            </TextLine>
            <TextLine id="r1l93" custom="readingOrder {index:92;}">
                <Coords points="1183,2473 1882,2482 1916,2471 1916,2434 1183,2438"/>
                <Baseline points="1192,2468 1227,2468 1263,2468 1299,2468 1335,2468 1371,2468 1406,2468 1442,2468 1478,2468 1514,2468 1550,2468 1585,2468 1621,2468 1657,2468 1693,2468 1729,2468 1764,2468 1800,2468 1836,2468 1872,2467 1908,2467"/>
                <TextEquiv>
                    <Unicode>cellent, eerit-il dans d la-Restaura¬</Unicode>
                </TextEquiv>
            </TextLine>
            <TextLine id="r1l94" custom="readingOrder {index:93;}">
                <Coords points="436,2489 665,2467 760,2486 1169,2476 1168,2433 435,2443"/>
                <Baseline points="445,2473 480,2473 516,2472 552,2472 588,2472 623,2471 659,2471 695,2470 731,2470 766,2469 802,2469 838,2469 874,2468 909,2468 945,2468 981,2468 1017,2468 1052,2468 1088,2468 1124,2468 1160,2468"/>
                <TextEquiv>
                    <Unicode>paysanne. Epris de musique, I</Unicode>
                </TextEquiv>
            </TextLine>
            <TextLine id="r1l95" custom="readingOrder {index:94;}">
                <Coords points="1922,2494 2602,2501 2664,2483 2664,2450 1922,2455"/>
                <Baseline points="1931,2493 1967,2492 2003,2490 2039,2490 2075,2489 2112,2489 2148,2489 2184,2489 2220,2489 2256,2489 2293,2489 2329,2489 2365,2489 2401,2489 2437,2489 2474,2489 2510,2488 2546,2488 2582,2488 2618,2487 2655,2485"/>
                <TextEquiv>
                    <Unicode>qiles du dogine, ni les vrais patrio¬</Unicode>
                </TextEquiv>
            </TextLine>
            <TextLine id="r1l96" custom="readingOrder {index:95;}">
                <Coords points="1183,2506 1910,2515 1910,2475 1881,2473 1183,2468"/>
                <Baseline points="1192,2506 1227,2506 1263,2506 1298,2506 1334,2506 1369,2506 1405,2507 1440,2507 1476,2507 1511,2507 1547,2507 1582,2507 1618,2506 1653,2506 1689,2506 1724,2506 1760,2506 1795,2506 1831,2506 1866,2506 1902,2506"/>
                <TextEquiv>
                    <Unicode>tion ercatriee u de 1927, sür leurs</Unicode>
                </TextEquiv>
            </TextLine>
            <TextLine id="r1l97" custom="readingOrder {index:96;}">
                <Coords points="424,2506 461,2526 679,2505 1104,2521 1168,2513 1168,2480 424,2490"/>
                <Baseline points="434,2508 470,2508 506,2509 542,2509 579,2509 615,2510 651,2510 687,2510 724,2509 760,2509 796,2509 832,2509 869,2508 905,2508 941,2507 977,2507 1014,2507 1050,2506 1086,2506 1122,2505 1159,2505"/>
                <TextEquiv>
                    <Unicode>donne a cet art la place eminente.:</Unicode>
                </TextEquiv>
            </TextLine>
            <TextLine id="r1l98" custom="readingOrder {index:97;}">
                <Coords points="1933,2534 2668,2536 2653,2482 2418,2504 1933,2494"/>
                <Baseline points="1941,2527 1976,2527 2012,2527 2048,2528 2084,2528 2120,2528 2156,2528 2192,2528 2228,2527 2264,2527 2300,2527 2335,2527 2371,2526 2407,2526 2443,2526 2479,2526 2515,2526 2551,2526 2587,2527 2623,2527 2659,2528"/>
                <TextEquiv>
                    <Unicode>tes parmi les politiciens. v Ebeinore.</Unicode>
                </TextEquiv>
            </TextLine>
            <TextLine id="r1l99" custom="readingOrder {index:98;}">
                <Coords points="1178,2559 1805,2544 1913,2561 1913,2513 1884,2509 1178,2513"/>
                <Baseline points="1188,2541 1223,2542 1259,2543 1295,2545 1331,2545 1367,2546 1402,2546 1438,2547 1474,2547 1510,2547 1546,2547 1581,2547 1617,2547 1653,2547 1689,2546 1725,2546 1760,2546 1796,2545 1832,2545 1868,2544 1904,2544"/>
                <TextEquiv>
                    <Unicode>Tondations, mais notre chemin i'est</Unicode>
                </TextEquiv>
            </TextLine>
            <TextLine id="r1l100" custom="readingOrder {index:99;}">
                <Coords points="481,2551 1170,2547 1170,2516 1126,2512 481,2512"/>
                <Baseline points="490,2549 523,2548 557,2548 590,2548 624,2548 657,2548 691,2548 724,2548 758,2548 791,2548 825,2548 858,2548 892,2548 925,2548 959,2548 992,2548 1026,2548 1059,2548 1093,2548 1126,2548 1160,2548"/>
                <TextEquiv>
                    <Unicode>C’est d’abord en sa müsique que</Unicode>
                </TextEquiv>
            </TextLine>
            <TextLine id="r1l101" custom="readingOrder {index:100;}">
                <Coords points="1929,2575 2526,2576 2614,2565 2634,2541 1928,2531"/>
                <Baseline points="1937,2564 1971,2564 2005,2565 2040,2565 2074,2565 2109,2564 2143,2564 2177,2564 2212,2564 2246,2563 2281,2563 2315,2563 2349,2562 2384,2562 2418,2562 2453,2561 2487,2561 2521,2561 2556,2561 2590,2561 2625,2562"/>
                <TextEquiv>
                    <Unicode>dans ses 7 Maximes et Pensers „</Unicode>
                </TextEquiv>
            </TextLine>
            <TextLine id="r1l102" custom="readingOrder {index:101;}">
                <Coords points="1179,2602 1300,2582 1353,2600 1439,2581 1914,2594 1914,2561 1804,2543 1179,2554"/>
                <Baseline points="1189,2584 1224,2584 1260,2584 1296,2584 1332,2584 1368,2584 1403,2584 1439,2584 1475,2584 1511,2584 1547,2584 1582,2584 1618,2584 1654,2584 1690,2584 1726,2583 1761,2583 1797,2583 1833,2582 1869,2581 1905,2581"/>
                <TextEquiv>
                    <Unicode>plus viable. , Quant à lni, in s’en.</Unicode>
                </TextEquiv>
            </TextLine>
            <TextLine id="r1l103" custom="readingOrder {index:102;}">
                <Coords points="424,2587 1168,2587 1151,2549 615,2563 424,2541"/>
                <Baseline points="433,2580 469,2582 505,2583 541,2584 578,2585 614,2586 650,2586 687,2586 723,2586 759,2586 796,2586 832,2586 868,2585 904,2585 941,2584 977,2584 1013,2583 1050,2583 1086,2582 1122,2582 1159,2582"/>
                <TextEquiv>
                    <Unicode>TAutriche est devenue espril. „ 11</Unicode>
                </TextEquiv>
            </TextLine>
            <TextLine id="r1l104" custom="readingOrder {index:103;}">
                <Coords points="1920,2604 2235,2622 2519,2595 2658,2620 2671,2557 1920,2578"/>
                <Baseline points="1929,2601 1965,2601 2002,2601 2038,2600 2075,2600 2112,2600 2148,2601 2185,2601 2221,2601 2258,2601 2295,2601 2331,2602 2368,2602 2404,2602 2441,2602 2478,2603 2514,2603 2551,2603 2587,2603 2624,2602 2661,2602"/>
                <TextEquiv>
                    <Unicode>&amp; Voiei le mensonge vital de l'Ftat</Unicode>
                </TextEquiv>
            </TextLine>
            <TextLine id="r1l105" custom="readingOrder {index:104;}">
                <Coords points="1185,2625 1889,2632 1911,2628 1911,2593 1185,2597"/>
                <Baseline points="1194,2616 1229,2617 1264,2618 1300,2619 1335,2620 1371,2620 1406,2620 1441,2621 1477,2621 1512,2621 1548,2621 1583,2621 1618,2621 1654,2621 1689,2621 1725,2621 1760,2621 1795,2621 1831,2621 1866,2621 1902,2622"/>
                <TextEquiv>
                    <Unicode>schappe: &amp; Anx grands honnnes leur</Unicode>
                </TextEquiv>
            </TextLine>
            <TextLine id="r1l106" custom="readingOrder {index:105;}">
                <Coords points="424,2625 1170,2639 1157,2585 424,2588"/>
                <Baseline points="433,2622 469,2623 505,2624 542,2624 578,2625 615,2625 651,2625 687,2625 724,2625 760,2625 797,2624 833,2624 869,2623 906,2623 942,2622 979,2621 1015,2621 1051,2620 1088,2620 1124,2619 1161,2619"/>
                <TextEquiv>
                    <Unicode>S’efforce d’en definir Tharmonie</Unicode>
                </TextEquiv>
            </TextLine>
            <TextLine id="r1l107" custom="readingOrder {index:106;}">
                <Coords points="1179,2675 1908,2666 1908,2627 1179,2624"/>
                <Baseline points="1187,2661 1222,2660 1258,2660 1293,2659 1329,2659 1364,2659 1400,2659 1435,2659 1471,2660 1506,2660 1542,2660 1578,2660 1613,2660 1649,2661 1684,2661 1720,2661 1755,2661 1791,2661 1826,2661 1862,2661 1898,2660"/>
                <TextEquiv>
                    <Unicode>propre nation tent lien de destin et</Unicode>
                </TextEquiv>
            </TextLine>
            <TextLine id="r1l108" custom="readingOrder {index:107;}">
                <Coords points="414,2676 1162,2671 1145,2628 806,2642 744,2620 506,2637 414,2617"/>
                <Baseline points="424,2660 460,2661 496,2661 533,2661 569,2661 606,2662 642,2662 678,2662 715,2661 751,2661 788,2661 824,2661 860,2661 897,2660 933,2660 970,2660 1006,2660 1042,2659 1079,2659 1115,2659 1152,2659"/>
                <TextEquiv>
                    <Unicode>composite:  En souffle slate, un</Unicode>
                </TextEquiv>
            </TextLine>
            <TextLine id="r1l109" custom="readingOrder {index:108;}">
                <Coords points="1934,2685 2667,2673 2667,2646 2548,2638 1934,2645"/>
                <Baseline points="1942,2677 1977,2676 2013,2676 2049,2676 2085,2676 2121,2676 2156,2676 2192,2676 2228,2676 2264,2676 2300,2676 2335,2676 2371,2676 2407,2676 2443,2676 2479,2676 2514,2677 2550,2677 2586,2677 2622,2677 2658,2677"/>
                <TextEquiv>
                    <Unicode>tendent redonter la banqueroute ils</Unicode>
                </TextEquiv>
            </TextLine>
            <TextLine id="r1l110" custom="readingOrder {index:109;}">
                <Coords points="1185,2703 1585,2701 1733,2721 1733,2666 1185,2674"/>
                <Baseline points="1194,2695 1220,2696 1247,2696 1273,2697 1300,2697 1326,2697 1353,2697 1379,2697 1406,2697 1432,2697 1459,2697 1485,2697 1512,2697 1538,2696 1565,2696 1591,2696 1618,2696 1644,2696 1671,2696 1697,2696 1724,2696"/>
                <TextEquiv>
                    <Unicode>d’Europe d’expériences, „</Unicode>
                </TextEquiv>
            </TextLine>
            <TextLine id="r1l111" custom="readingOrder {index:110;}">
                <Coords points="422,2708 1162,2704 1162,2671 1100,2660 422,2670"/>
                <Baseline points="431,2699 467,2700 503,2701 539,2701 575,2701 611,2702 647,2702 683,2701 719,2701 755,2701 792,2700 828,2700 864,2699 900,2699 936,2698 972,2698 1008,2697 1044,2696 1080,2696 1116,2695 1153,2694"/>
                <TextEquiv>
                    <Unicode>eclat italien, an sein d’une mnnsique</Unicode>
                </TextEquiv>
            </TextLine>
            <TextLine id="r1l112" custom="readingOrder {index:111;}">
                <Coords points="1923,2728 2680,2710 2579,2666 2416,2694 1923,2680"/>
                <Baseline points="1933,2715 1969,2715 2006,2715 2043,2715 2080,2714 2117,2714 2154,2714 2191,2714 2228,2713 2265,2713 2302,2713 2338,2713 2375,2712 2412,2712 2449,2712 2486,2712 2523,2712 2560,2712 2597,2712 2634,2712 2671,2712"/>
                <TextEquiv>
                    <Unicode>preiendent essaper de levitel an ui.</Unicode>
                </TextEquiv>
            </TextLine>
            <TextLine id="r1l113" custom="readingOrder {index:112;}">
                <Coords points="421,2752 863,2739 1004,2760 1029,2739 1170,2742 1170,2698 421,2708"/>
                <Baseline points="431,2741 467,2741 504,2740 540,2740 577,2739 613,2739 650,2739 686,2738 723,2738 759,2738 796,2738 832,2737 869,2737 905,2737 942,2736 978,2736 1015,2736 1051,2735 1088,2735 1124,2734 1161,2734"/>
                <TextEquiv>
                    <Unicode>imm reinomte &amp; un pmanisine salls</Unicode>
                </TextEquiv>
            </TextLine>
            <TextLine id="r1l114" custom="readingOrder {index:113;}">
                <Coords points="1198,2749 1249,2769 1403,2747 1898,2769 1911,2721 1275,2702 1198,2730"/>
                <Baseline points="1207,2744 1241,2744 1276,2744 1311,2744 1346,2744 1380,2744 1415,2745 1450,2745 1485,2746 1519,2746 1554,2747 1589,2747 1624,2748 1658,2748 1693,2748 1728,2749 1763,2749 1797,2748 1832,2748 1867,2747 1902,2746"/>
                <TextEquiv>
                    <Unicode>Rilke, né a Prague, eindiant à Pa¬</Unicode>
                </TextEquiv>
            </TextLine>
            <TextLine id="r1l115" custom="readingOrder {index:114;}">
                <Coords points="1916,2776 1989,2756 2588,2767 2609,2760 2609,2722 1916,2728"/>
                <Baseline points="1925,2750 1958,2749 1992,2748 2026,2747 2059,2747 2093,2748 2127,2748 2160,2748 2194,2749 2228,2749 2262,2750 2295,2751 2329,2751 2363,2751 2396,2752 2430,2751 2464,2751 2497,2751 2531,2749 2565,2748 2599,2747"/>
                <TextEquiv>
                    <Unicode>moment on ils sont deja rninés v.</Unicode>
                </TextEquiv>
            </TextLine>
            <TextLine id="r1l116" custom="readingOrder {index:115;}">
                <Coords points="965,2780 1008,2778 1040,2788 1062,2772 1091,2790 1100,2782 1131,2786 1142,2776 1170,2774 1169,2737 1147,2749 1135,2745 1122,2751 1092,2742 1076,2742 1069,2750 1050,2741 1023,2741 1001,2754 979,2743 964,2747"/>
                <Baseline points="973,2773 999,2771 1026,2770 1053,2769 1079,2769 1106,2769 1133,2770 1160,2770"/>
                <TextEquiv>
                    <Unicode>„ II rap¬</Unicode>
                </TextEquiv>
            </TextLine>
            <TextLine id="r1l117" custom="readingOrder {index:116;}">
                <Coords points="426,2789 664,2786 695,2769 761,2787 968,2787 968,2741 530,2738 425,2754"/>
                <Baseline points="435,2777 461,2777 487,2776 513,2776 539,2776 566,2775 592,2775 618,2775 644,2774 670,2774 697,2774 723,2774 749,2774 775,2773 801,2773 828,2773 854,2773 880,2772 906,2772 932,2772 959,2771"/>
                <TextEquiv>
                    <Unicode>nostalgie et sans vague.</Unicode>
                </TextEquiv>
            </TextLine>
            <TextLine id="r1l118" custom="readingOrder {index:117;}">
                <Coords points="1181,2790 1909,2786 1909,2760 1867,2754 1517,2767 1181,2746"/>
                <Baseline points="1191,2780 1226,2781 1261,2782 1297,2782 1332,2783 1368,2783 1403,2784 1439,2784 1474,2785 1510,2785 1545,2785 1580,2786 1616,2786 1651,2786 1687,2786 1722,2786 1758,2786 1793,2786 1829,2785 1864,2785 1900,2785"/>
                <TextEquiv>
                    <Unicode>ris, est etränger a todte preocenpa</Unicode>
                </TextEquiv>
            </TextLine>
            <TextLine id="r1l119" custom="readingOrder {index:118;}">
                <Coords points="425,2821 1118,2826 1173,2818 1173,2776 425,2788"/>
                <Baseline points="435,2814 471,2814 507,2814 544,2814 580,2813 617,2813 653,2813 689,2813 726,2812 762,2812 799,2812 835,2811 871,2811 908,2811 944,2811 981,2810 1017,2810 1053,2810 1090,2810 1126,2810 1163,2811"/>
                <TextEquiv>
                    <Unicode>porte cette replique de Haydn, à qui</Unicode>
                </TextEquiv>
            </TextLine>
            <TextLine id="r1l120" custom="readingOrder {index:119;}">
                <Coords points="1949,2818 2671,2831 2671,2776 2568,2754 2495,2793 2433,2767 2273,2795 2105,2768 1949,2780"/>
                <Baseline points="1959,2812 1994,2813 2029,2814 2064,2815 2099,2815 2134,2816 2169,2816 2204,2816 2239,2816 2274,2817 2310,2816 2345,2816 2380,2816 2415,2816 2450,2815 2485,2815 2520,2814 2555,2813 2590,2812 2625,2811 2661,2811"/>
                <TextEquiv>
                    <Unicode>Certes tous ces éerivains restent</Unicode>
                </TextEquiv>
            </TextLine>
            <TextLine id="r1l121" custom="readingOrder {index:120;}">
                <Coords points="1179,2834 1911,2827 1894,2792 1180,2788"/>
                <Baseline points="1188,2822 1223,2821 1259,2820 1294,2820 1330,2820 1366,2820 1401,2820 1437,2821 1473,2822 1508,2822 1544,2823 1580,2824 1615,2824 1651,2825 1687,2825 1722,2825 1758,2825 1794,2824 1829,2823 1865,2821 1901,2819"/>
                <TextEquiv>
                    <Unicode>Hon nationale: 6 Je Waini amante</Unicode>
                </TextEquiv>
            </TextLine>
            <TextLine id="r1l122" custom="readingOrder {index:121;}">
                <Coords points="432,2858 1171,2858 1154,2818 432,2820"/>
                <Baseline points="442,2852 479,2852 517,2854 555,2854 593,2855 631,2855 669,2855 706,2855 744,2855 782,2854 820,2854 858,2853 896,2852 933,2852 971,2851 1009,2850 1047,2849 1085,2848 1123,2847 1161,2845"/>
                <TextEquiv>
                    <Unicode>Pon demandait pourquoi ses messes</Unicode>
                </TextEquiv>
            </TextLine>
            <TextLine id="r1l123" custom="readingOrder {index:122;}">
                <Coords points="1922,2851 1952,2870 2241,2872 2677,2854 2677,2832 2604,2819 1990,2831 1922,2809"/>
                <Baseline points="1931,2855 1967,2855 2004,2856 2041,2856 2078,2856 2115,2857 2152,2857 2188,2857 2225,2857 2262,2857 2299,2857 2336,2857 2373,2857 2410,2856 2446,2856 2483,2855 2520,2855 2557,2854 2594,2853 2631,2853 2668,2852"/>
                <TextEquiv>
                    <Unicode>viennols, voire patriotes, à leur fa¬</Unicode>
                </TextEquiv>
            </TextLine>
            <TextLine id="r1l124" custom="readingOrder {index:123;}">
                <Coords points="1182,2862 1580,2879 1911,2862 1880,2826 1182,2833"/>
                <Baseline points="1192,2860 1227,2860 1263,2859 1298,2859 1334,2859 1369,2860 1405,2860 1440,2860 1476,2860 1511,2861 1547,2861 1583,2861 1618,2861 1654,2861 1689,2861 1725,2861 1760,2861 1796,2860 1831,2859 1867,2858 1903,2857"/>
                <TextEquiv>
                    <Unicode>ni maison, ni une demeure pour Vi¬</Unicode>
                </TextEquiv>
            </TextLine>
            <TextLine id="r1l125" custom="readingOrder {index:124;}">
                <Coords points="696,2906 784,2900 805,2883 927,2905 1035,2888 1106,2902 1145,2892 1144,2861 1103,2853 695,2862"/>
                <Baseline points="705,2893 730,2893 755,2893 780,2893 806,2892 831,2892 856,2891 882,2891 907,2890 932,2890 957,2888 983,2888 1008,2887 1033,2886 1059,2885 1084,2884 1109,2882 1135,2881"/>
                <TextEquiv>
                    <Unicode>pen ceremontenses</Unicode>
                </TextEquiv>
            </TextLine>
            <TextLine id="r1l126" custom="readingOrder {index:125;}">
                <Coords points="428,2889 486,2903 499,2894 532,2903 570,2894 594,2903 618,2891 636,2900 666,2891 693,2902 693,2869 659,2858 644,2865 629,2858 618,2867 573,2858 549,2867 466,2851 428,2860"/>
                <Baseline points="436,2889 463,2890 491,2890 518,2890 546,2890 573,2890 601,2890 628,2890 656,2891 684,2893"/>
                <TextEquiv>
                    <Unicode>etaienl si</Unicode>
                </TextEquiv>
            </TextLine>
            <TextLine id="r1l127" custom="readingOrder {index:126;}">
                <Coords points="1922,2910 2074,2889 2653,2906 2670,2851 1922,2859"/>
                <Baseline points="1931,2896 1967,2896 2003,2896 2040,2896 2076,2896 2113,2896 2149,2896 2186,2895 2222,2895 2259,2894 2295,2894 2331,2894 2368,2893 2404,2893 2441,2893 2477,2893 2514,2893 2550,2893 2587,2893 2623,2893 2660,2894"/>
                <TextEquiv>
                    <Unicode>çon, IIn’est pas certain cepesdant</Unicode>
                </TextEquiv>
            </TextLine>
            <TextLine id="r1l128" custom="readingOrder {index:127;}">
                <Coords points="1176,2899 1195,2897 1206,2902 1213,2895 1224,2904 1233,2898 1239,2902 1257,2900 1285,2920 1292,2914 1296,2918 1307,2907 1316,2907 1315,2868 1271,2878 1260,2871 1238,2875 1229,2867 1216,2869 1209,2864 1202,2869 1191,2862 1176,2866"/>
                <Baseline points="1186,2895 1216,2895 1246,2894 1276,2893 1306,2895"/>
                <TextEquiv>
                    <Unicode>V1e 9.</Unicode>
                </TextEquiv>
            </TextLine>
            <TextLine id="r1l129" custom="readingOrder {index:128;}">
                <Coords points="1361,2902 1634,2908 1646,2895 1712,2912 1828,2897 1863,2912 1914,2901 1914,2857 1835,2879 1361,2866"/>
                <Baseline points="1369,2898 1395,2898 1422,2898 1449,2898 1476,2898 1502,2899 1529,2899 1556,2899 1583,2899 1609,2899 1636,2899 1663,2900 1690,2900 1716,2900 1743,2900 1770,2899 1797,2899 1823,2899 1850,2898 1877,2898 1904,2897"/>
                <TextEquiv>
                    <Unicode>pocte est un passant, ini</Unicode>
                </TextEquiv>
            </TextLine>
            <TextLine id="r1l130" custom="readingOrder {index:129;}">
                <Coords points="421,2922 650,2950 687,2930 711,2948 1167,2930 1143,2892 421,2893"/>
                <Baseline points="430,2925 466,2927 502,2928 539,2929 575,2930 612,2930 648,2930 684,2930 721,2930 757,2930 794,2930 830,2929 866,2929 903,2928 939,2927 976,2926 1012,2926 1048,2925 1085,2925 1121,2924 1158,2924"/>
                <TextEquiv>
                    <Unicode>e Quand je pense an von Dien, je</Unicode>
                </TextEquiv>
            </TextLine>
            <TextLine id="r1l131" custom="readingOrder {index:130;}">
                <Coords points="1932,2944 2337,2931 2471,2952 2551,2931 2682,2952 2681,2910 2540,2889 1932,2905"/>
                <Baseline points="1941,2935 1977,2934 2014,2934 2050,2934 2087,2933 2124,2932 2160,2931 2197,2930 2233,2929 2270,2929 2307,2928 2343,2927 2380,2927 2416,2927 2453,2927 2490,2927 2526,2927 2563,2928 2599,2930 2636,2931 2673,2933"/>
                <TextEquiv>
                    <Unicode>que cette littérature cosmopolite seit</Unicode>
                </TextEquiv>
            </TextLine>
            <TextLine id="r1l132" custom="readingOrder {index:131;}">
                <Coords points="1185,2938 1849,2953 1907,2945 1908,2905 1186,2910"/>
                <Baseline points="1195,2934 1230,2933 1265,2933 1300,2933 1335,2933 1370,2933 1405,2933 1441,2934 1476,2934 1511,2934 1546,2935 1581,2935 1616,2935 1651,2935 1687,2935 1722,2935 1757,2935 1792,2935 1827,2935 1862,2934 1898,2934"/>
                <TextEquiv>
                    <Unicode>deit eelehrer le monde. Eerivant</Unicode>
                </TextEquiv>
            </TextLine>
            <TextLine id="r1l133" custom="readingOrder {index:132;}">
                <Coords points="429,2975 1168,2968 1167,2931 429,2927"/>
                <Baseline points="439,2965 475,2966 511,2966 547,2967 583,2967 619,2967 655,2967 691,2967 727,2967 763,2967 799,2966 835,2966 871,2966 907,2965 943,2965 979,2964 1015,2963 1051,2963 1087,2962 1123,2962 1159,2962"/>
                <TextEquiv>
                    <Unicode>isuis plein de galete." Acet art si</Unicode>
                </TextEquiv>
            </TextLine>
            <TextLine id="r1l134" custom="readingOrder {index:133;}">
                <Coords points="1926,2975 2656,2978 2676,2936 1926,2944"/>
                <Baseline points="1935,2970 1971,2970 2008,2970 2044,2969 2081,2969 2118,2969 2154,2969 2191,2968 2227,2968 2264,2968 2301,2968 2337,2967 2374,2967 2410,2967 2447,2966 2484,2966 2520,2965 2557,2965 2593,2965 2630,2965 2667,2964"/>
                <TextEquiv>
                    <Unicode>ene Iiiterature nationale. ElIe a</Unicode>
                </TextEquiv>
            </TextLine>
            <TextLine id="r1l135" custom="readingOrder {index:134;}">
                <Coords points="1183,2978 1868,2986 1908,2979 1909,2946 1183,2938"/>
                <Baseline points="1191,2970 1226,2970 1261,2970 1297,2971 1332,2971 1368,2971 1403,2972 1439,2972 1474,2973 1510,2973 1545,2973 1580,2973 1616,2974 1651,2974 1687,2974 1722,2973 1758,2973 1793,2973 1829,2972 1864,2971 1900,2971"/>
                <TextEquiv>
                    <Unicode>Fallleurs aussi hien en Francais</Unicode>
                </TextEquiv>
            </TextLine>
            <TextLine id="r1l136" custom="readingOrder {index:135;}">
                <Coords points="1929,3015 2660,3015 2660,2975 2638,2973 1929,2973"/>
                <Baseline points="1938,3006 1973,3006 2009,3005 2044,3005 2080,3005 2116,3005 2151,3005 2187,3005 2223,3005 2258,3005 2294,3004 2330,3004 2365,3004 2401,3004 2437,3003 2472,3003 2508,3003 2544,3002 2579,3002 2615,3001 2651,3000"/>
                <TextEquiv>
                    <Unicode>beau deerire I’Autriche, surtom:</Unicode>
                </TextEquiv>
            </TextLine>
            <TextLine id="r1l137" custom="readingOrder {index:136;}">
                <Coords points="428,3020 694,3017 756,2993 808,3016 1062,3004 1094,3028 1171,3007 1170,2974 1143,2967 428,2976"/>
                <Baseline points="437,3006 473,3006 509,3005 545,3005 581,3005 618,3005 654,3005 690,3004 726,3004 762,3004 799,3004 835,3004 871,3004 907,3004 943,3004 980,3004 1016,3003 1052,3003 1088,3002 1124,3002 1161,3002"/>
                <TextEquiv>
                    <Unicode>tpen nostalgique Hofmannsthal joint</Unicode>
                </TextEquiv>
            </TextLine>
            <TextLine id="r1l138" custom="readingOrder {index:137;}">
                <Coords points="1185,3026 1914,3019 1899,2977 1584,2975 1538,2995 1507,2975 1185,2978"/>
                <Baseline points="1193,3012 1228,3011 1264,3011 1299,3011 1335,3010 1371,3010 1406,3011 1442,3011 1477,3011 1513,3011 1549,3011 1584,3012 1620,3012 1655,3012 1691,3012 1727,3012 1762,3012 1798,3011 1833,3011 1869,3010 1905,3009"/>
                <TextEquiv>
                    <Unicode>(iren allemand, attiré par Rodin.</Unicode>
                </TextEquiv>
            </TextLine>
            <TextLine id="r1l139" custom="readingOrder {index:138;}">
                <Coords points="425,3043 835,3042 896,3064 929,3041 1044,3052 1086,3031 1161,3049 1161,3009 425,3017"/>
                <Baseline points="434,3044 471,3044 509,3043 547,3043 585,3043 623,3043 661,3042 698,3042 736,3042 774,3041 812,3041 850,3041 888,3041 925,3040 963,3040 1001,3040 1039,3040 1077,3040 1115,3040 1153,3039"/>
                <TextEquiv>
                    <Unicode>fla poesie volkstmlich, e issue an</Unicode>
                </TextEquiv>
            </TextLine>
            <TextLine id="r1l140" custom="readingOrder {index:139;}">
                <Coords points="1926,3044 1956,3052 1965,3047 1982,3054 1987,3050 2011,3061 2022,3055 2033,3058 2046,3048 2072,3058 2101,3047 2099,3023 2077,3026 2042,3013 2035,3019 1999,3012 1985,3017 1977,3010 1924,3019"/>
                <Baseline points="1935,3047 1960,3044 1986,3043 2012,3042 2038,3040 2064,3039 2090,3036"/>
                <TextEquiv>
                    <Unicode>Vienne-</Unicode>
                </TextEquiv>
            </TextLine>
            <TextLine id="r1l141" custom="readingOrder {index:140;}">
                <Coords points="2116,3057 2195,3038 2386,3066 2507,3043 2558,3057 2586,3040 2664,3047 2664,3016 2473,3005 2279,3021 2228,3006 2116,3022"/>
                <Baseline points="2126,3044 2152,3044 2178,3043 2205,3043 2231,3043 2258,3043 2284,3043 2311,3043 2337,3043 2364,3043 2390,3043 2416,3043 2443,3043 2469,3042 2496,3042 2522,3042 2549,3041 2575,3041 2602,3040 2628,3039 2655,3038"/>
                <TextEquiv>
                    <Unicode>et du reste Vienle n’est</Unicode>
                </TextEquiv>
            </TextLine>
            <TextLine id="r1l142" custom="readingOrder {index:141;}">
                <Coords points="1184,3063 1910,3063 1910,3017 1184,3024"/>
                <Baseline points="1194,3050 1229,3050 1264,3051 1299,3051 1335,3051 1370,3052 1405,3052 1441,3052 1476,3051 1511,3051 1547,3051 1582,3051 1617,3050 1652,3050 1688,3050 1723,3049 1758,3049 1794,3048 1829,3048 1864,3047 1900,3047"/>
                <TextEquiv>
                    <Unicode>dont infut ie secreiaire mais don1 in</Unicode>
                </TextEquiv>
            </TextLine>
            <TextLine id="r1l143" custom="readingOrder {index:142;}">
                <Coords points="2463,3091 2489,3084 2502,3097 2516,3091 2526,3097 2566,3079 2621,3092 2643,3090 2672,3079 2672,3044 2619,3049 2608,3059 2564,3053 2555,3060 2507,3042 2491,3053 2482,3047 2463,3051"/>
                <Baseline points="2473,3078 2500,3078 2527,3079 2554,3079 2581,3078 2608,3078 2635,3079 2663,3079"/>
                <TextEquiv>
                    <Unicode>elle est</Unicode>
                </TextEquiv>
            </TextLine>
            <TextLine id="r1l144" custom="readingOrder {index:143;}">
                <Coords points="1930,3096 2036,3083 2091,3094 2151,3071 2172,3089 2381,3094 2380,3051 2221,3052 2202,3037 2168,3051 2098,3042 2071,3059 1929,3050"/>
                <Baseline points="1939,3085 1964,3084 1989,3082 2015,3081 2040,3080 2066,3080 2091,3079 2116,3079 2142,3078 2167,3078 2193,3078 2218,3078 2243,3078 2269,3078 2294,3078 2320,3078 2345,3078 2371,3078"/>
                <TextEquiv>
                    <Unicode>pas toute ’Autriche</Unicode>
                </TextEquiv>
            </TextLine>
            <TextLine id="r1l145" custom="readingOrder {index:144;}">
                <Coords points="430,3088 1163,3086 1162,3051 1090,3036 1058,3054 429,3050"/>
                <Baseline points="438,3085 473,3084 509,3083 545,3083 581,3082 616,3081 652,3081 688,3080 724,3080 759,3079 795,3079 831,3078 867,3078 902,3078 938,3077 974,3077 1010,3077 1045,3076 1081,3076 1117,3076 1153,3075"/>
                <TextEquiv>
                    <Unicode>peuple n, des paysans, celle de Grill¬</Unicode>
                </TextEquiv>
            </TextLine>
            <TextLine id="r1l146" custom="readingOrder {index:145;}">
                <Coords points="1184,3100 1578,3081 1649,3101 1910,3096 1910,3055 1184,3063"/>
                <Baseline points="1194,3086 1229,3086 1264,3086 1299,3086 1335,3086 1370,3087 1405,3087 1441,3088 1476,3088 1511,3088 1547,3089 1582,3089 1617,3089 1652,3089 1688,3089 1723,3088 1758,3088 1794,3086 1829,3085 1864,3084 1900,3082"/>
                <TextEquiv>
                    <Unicode>se separa, attache aug Iitternthres</Unicode>
                </TextEquiv>
            </TextLine>
            <TextLine id="r1l147" custom="readingOrder {index:146;}">
                <Coords points="429,3120 1170,3124 1169,3084 1057,3076 429,3089"/>
                <Baseline points="439,3121 475,3121 511,3121 547,3121 583,3121 619,3121 655,3120 691,3119 727,3118 763,3118 800,3117 836,3116 872,3115 908,3115 944,3114 980,3114 1016,3113 1052,3113 1088,3113 1124,3113 1161,3113"/>
                <TextEquiv>
                    <Unicode>parzer dont il invoque letemoigunge</Unicode>
                </TextEquiv>
            </TextLine>
            <TextLine id="r1l148" custom="readingOrder {index:147;}">
                <Coords points="1924,3137 2626,3131 2671,3115 2671,3080 1924,3095"/>
                <Baseline points="1933,3122 1969,3121 2006,3120 2042,3120 2079,3119 2115,3119 2152,3119 2188,3118 2225,3118 2261,3118 2298,3118 2334,3118 2371,3118 2407,3118 2444,3118 2480,3118 2517,3118 2553,3117 2590,3117 2626,3116 2663,3115"/>
                <TextEquiv>
                    <Unicode>grande surtont parce qu’elle est hu¬</Unicode>
                </TextEquiv>
            </TextLine>
            <TextLine id="r1l149" custom="readingOrder {index:148;}">
                <Coords points="1177,3122 1910,3130 1910,3097 1866,3088 1177,3105"/>
                <Baseline points="1187,3127 1222,3126 1258,3125 1294,3124 1329,3124 1365,3123 1401,3123 1436,3124 1472,3124 1508,3124 1544,3125 1579,3125 1615,3125 1651,3126 1686,3126 1722,3126 1758,3126 1793,3126 1829,3125 1865,3124 1901,3123"/>
                <TextEquiv>
                    <Unicode>an Nord, il vante qui s’échappe au</Unicode>
                </TextEquiv>
            </TextLine>
            <TextLine id="r1l150" custom="readingOrder {index:149;}">
                <Coords points="1919,3164 2328,3175 2518,3155 2566,3179 2672,3151 2672,3127 1919,3133"/>
                <Baseline points="1929,3159 1965,3159 2002,3157 2039,3157 2075,3156 2112,3155 2149,3155 2185,3155 2222,3155 2259,3155 2296,3154 2332,3154 2369,3154 2406,3154 2442,3154 2479,3154 2516,3154 2552,3154 2589,3154 2626,3154 2663,3153"/>
                <TextEquiv>
                    <Unicode>maine. Ces romanciels, ces poétes</Unicode>
                </TextEquiv>
            </TextLine>
            <TextLine id="r1l151" custom="readingOrder {index:150;}">
                <Coords points="441,3153 844,3172 1165,3158 1165,3123 1141,3121 441,3125"/>
                <Baseline points="451,3161 486,3160 521,3158 556,3158 591,3157 627,3156 662,3156 697,3155 732,3155 767,3155 803,3155 838,3155 873,3155 908,3155 943,3154 979,3154 1014,3154 1049,3153 1084,3152 1119,3151 1155,3150"/>
                <TextEquiv>
                    <Unicode>hu cours de #l’Autriche dans 1e</Unicode>
                </TextEquiv>
            </TextLine>
            <TextLine id="r1l152" custom="readingOrder {index:151;}">
                <Coords points="1179,3172 1914,3172 1913,3130 1851,3123 1508,3141 1178,3123"/>
                <Baseline points="1187,3162 1222,3163 1258,3163 1294,3163 1330,3163 1366,3164 1402,3164 1438,3164 1474,3163 1510,3163 1546,3163 1581,3163 1617,3163 1653,3162 1689,3162 1725,3161 1761,3161 1797,3160 1833,3160 1869,3159 1905,3158"/>
                <TextEquiv>
                    <Unicode>fover familial (6 Malte „, 1e Mondain.</Unicode>
                </TextEquiv>
            </TextLine>
            <TextLine id="r1l153" custom="readingOrder {index:152;}">
                <Coords points="1925,3203 2199,3216 2323,3186 2589,3215 2666,3206 2666,3156 1925,3163"/>
                <Baseline points="1935,3195 1971,3195 2007,3195 2043,3195 2079,3195 2115,3194 2151,3194 2187,3194 2223,3193 2259,3193 2295,3192 2331,3192 2367,3192 2403,3192 2439,3191 2475,3191 2511,3191 2547,3191 2583,3191 2619,3192 2656,3192"/>
                <TextEquiv>
                    <Unicode>fonillent plutôt les fondements ra¬</Unicode>
                </TextEquiv>
            </TextLine>
            <TextLine id="r1l154" custom="readingOrder {index:153;}">
                <Coords points="424,3206 1166,3195 1166,3162 1126,3157 424,3157"/>
                <Baseline points="433,3196 469,3196 505,3196 541,3195 577,3195 614,3195 650,3194 686,3194 722,3193 758,3193 795,3192 831,3192 867,3191 903,3191 939,3191 976,3191 1012,3190 1048,3190 1084,3190 1120,3190 1157,3190"/>
                <TextEquiv>
                    <Unicode>Miroir de la pensée v: &amp; Un olscan</Unicode>
                </TextEquiv>
            </TextLine>
            <TextLine id="r1l155" custom="readingOrder {index:154;}">
                <Coords points="1187,3206 1905,3212 1885,3166 1187,3175"/>
                <Baseline points="1196,3199 1231,3199 1266,3199 1301,3199 1336,3199 1371,3199 1406,3200 1441,3200 1476,3200 1511,3201 1546,3201 1581,3201 1616,3201 1651,3201 1686,3201 1721,3201 1756,3201 1791,3200 1826,3199 1861,3198 1896,3197"/>
                <TextEquiv>
                    <Unicode>et I’Avengle, Pun tonjours errant,</Unicode>
                </TextEquiv>
            </TextLine>
            <TextLine id="r1l156" custom="readingOrder {index:155;}">
                <Coords points="424,3229 1148,3238 1177,3227 1177,3190 424,3207"/>
                <Baseline points="433,3236 469,3235 506,3233 543,3233 580,3232 617,3232 653,3232 690,3231 727,3231 764,3231 801,3231 837,3231 874,3231 911,3231 948,3230 985,3230 1021,3229 1058,3229 1095,3228 1132,3227 1169,3225"/>
                <TextEquiv>
                    <Unicode>autrichien ne vole jamais si hant</Unicode>
                </TextEquiv>
            </TextLine>
            <TextLine id="r1l157" custom="readingOrder {index:156;}">
                <Coords points="1917,3250 2203,3229 2297,3252 2493,3220 2650,3240 2672,3201 1917,3205"/>
                <Baseline points="1927,3233 1963,3232 2000,3232 2037,3232 2074,3231 2111,3231 2147,3231 2184,3231 2221,3231 2258,3231 2295,3231 2331,3231 2368,3231 2405,3231 2442,3231 2479,3230 2515,3230 2552,3230 2589,3229 2626,3229 2663,3228"/>
                <TextEquiv>
                    <Unicode>tionnels on sentimentaux de la</Unicode>
                </TextEquiv>
            </TextLine>
            <TextLine id="r1l158" custom="readingOrder {index:157;}">
                <Coords points="1183,3243 1519,3254 1584,3232 1757,3253 1912,3231 1912,3210 1872,3201 1183,3210"/>
                <Baseline points="1193,3237 1228,3237 1264,3238 1299,3238 1335,3239 1370,3239 1406,3239 1441,3240 1477,3240 1512,3240 1548,3240 1583,3240 1619,3240 1654,3240 1690,3239 1725,3239 1761,3237 1796,3236 1832,3235 1867,3233 1903,3231"/>
                <TextEquiv>
                    <Unicode>Tautre vivant dans la nuit (gleT.i¬</Unicode>
                </TextEquiv>
            </TextLine>
            <TextLine id="r1l159" custom="readingOrder {index:158;}">
                <Coords points="1929,3281 2638,3275 2675,3267 2675,3234 1929,3245"/>
                <Baseline points="1938,3270 1974,3269 2010,3269 2047,3268 2083,3268 2119,3268 2156,3268 2192,3268 2228,3268 2265,3268 2301,3268 2337,3268 2374,3268 2410,3268 2446,3268 2483,3268 2519,3267 2555,3267 2592,3266 2628,3265 2665,3264"/>
                <TextEquiv>
                    <Unicode>crovance en une patrie. Le patri¬</Unicode>
                </TextEquiv>
            </TextLine>
            <TextLine id="r1l160" custom="readingOrder {index:159;}">
                <Coords points="429,3295 561,3270 1181,3286 1180,3240 1131,3233 649,3249 429,3226"/>
                <Baseline points="439,3271 475,3272 512,3272 548,3272 585,3272 622,3272 658,3271 695,3271 731,3270 768,3270 805,3269 841,3269 878,3268 914,3268 951,3268 988,3267 1024,3267 1061,3267 1097,3268 1134,3268 1171,3269"/>
                <TextEquiv>
                    <Unicode>Eiiron ne puisse reconnaitre son</Unicode>
                </TextEquiv>
            </TextLine>
            <TextLine id="r1l161" custom="readingOrder {index:160;}">
                <Coords points="1573,3266 1605,3288 1726,3284 1758,3271 1779,3284 1859,3273 1876,3282 1912,3274 1912,3234 1837,3250 1573,3248"/>
                <Baseline points="1583,3273 1609,3274 1636,3274 1663,3274 1689,3274 1716,3274 1743,3274 1769,3273 1796,3273 1823,3272 1849,3271 1876,3270 1903,3269"/>
                <TextEquiv>
                    <Unicode>Destous ies li¬</Unicode>
                </TextEquiv>
            </TextLine>
            <TextLine id="r1l162" custom="readingOrder {index:161;}">
                <Coords points="1191,3285 1238,3281 1268,3292 1300,3279 1355,3279 1407,3290 1480,3277 1495,3289 1524,3271 1524,3251 1482,3242 1451,3253 1423,3242 1388,3255 1298,3237 1269,3252 1190,3248"/>
                <Baseline points="1200,3273 1226,3273 1252,3275 1278,3275 1304,3275 1330,3275 1357,3275 1383,3274 1409,3274 1435,3274 1461,3273 1487,3273 1514,3273"/>
                <TextEquiv>
                    <Unicode>vre d’lmages v)</Unicode>
                </TextEquiv>
            </TextLine>
            <TextLine id="r1l163" custom="readingOrder {index:162;}">
                <Coords points="1922,3314 2620,3316 2677,3289 2677,3251 2479,3284 2189,3264 1922,3279"/>
                <Baseline points="1932,3311 1968,3309 2005,3307 2042,3306 2079,3305 2115,3304 2152,3304 2189,3304 2226,3303 2262,3303 2299,3304 2336,3304 2373,3304 2409,3304 2446,3304 2483,3304 2520,3303 2556,3303 2593,3302 2630,3301 2667,3299"/>
                <TextEquiv>
                    <Unicode>moineranfrichien est, dans Ia litté.</Unicode>
                </TextEquiv>
            </TextLine>
            <TextLine id="r1l164" custom="readingOrder {index:163;}">
                <Coords points="1184,3319 1855,3327 1912,3310 1912,3277 1184,3286"/>
                <Baseline points="1194,3313 1229,3312 1264,3311 1300,3310 1335,3310 1371,3310 1406,3310 1441,3310 1477,3310 1512,3310 1548,3310 1583,3310 1618,3311 1654,3311 1689,3311 1725,3311 1760,3312 1795,3311 1831,3311 1866,3311 1902,3310"/>
                <TextEquiv>
                    <Unicode>vres dl vent dire de toute sa biblio.</Unicode>
                </TextEquiv>
            </TextLine>
            <TextLine id="r1l165" custom="readingOrder {index:164;}">
                <Coords points="419,3331 442,3340 512,3311 559,3328 661,3311 687,3327 709,3322 708,3289 667,3276 636,3283 559,3275 517,3285 489,3275 446,3295 418,3289"/>
                <Baseline points="429,3322 456,3316 483,3313 510,3310 537,3309 564,3308 591,3308 618,3309 645,3309 672,3308 699,3307"/>
                <TextEquiv>
                    <Unicode>yplumage. „</Unicode>
                </TextEquiv>
            </TextLine>
            <TextLine id="r1l166" custom="readingOrder {index:165;}">
                <Coords points="1930,3356 2619,3351 2672,3345 2672,3290 2615,3315 1930,3318"/>
                <Baseline points="1940,3347 1976,3346 2012,3345 2048,3344 2084,3344 2120,3343 2156,3343 2193,3343 2229,3343 2265,3343 2301,3343 2337,3344 2373,3344 2409,3344 2446,3343 2482,3343 2518,3343 2554,3342 2590,3342 2626,3341 2663,3339"/>
                <TextEquiv>
                    <Unicode>rature contemporaine, un patriotis</Unicode>
                </TextEquiv>
            </TextLine>
            <TextLine id="r1l167" custom="readingOrder {index:166;}">
                <Coords points="1188,3362 1754,3364 1811,3344 1875,3364 1906,3356 1906,3312 1188,3321"/>
                <Baseline points="1197,3351 1232,3350 1267,3350 1302,3349 1337,3349 1372,3349 1407,3349 1442,3349 1477,3349 1512,3350 1547,3350 1582,3350 1617,3350 1652,3350 1687,3350 1722,3350 1757,3349 1792,3349 1827,3348 1862,3347 1898,3346"/>
                <TextEquiv>
                    <Unicode>theque), mande-t-il à un ann, in ven</Unicode>
                </TextEquiv>
            </TextLine>
            <TextLine id="r1l168" custom="readingOrder {index:167;}">
                <Coords points="923,3354 934,3352 949,3365 984,3357 995,3367 1002,3359 1026,3365 1037,3354 1070,3364 1134,3353 1145,3364 1169,3358 1168,3311 1126,3322 1095,3307 1066,3317 1047,3302 1009,3323 989,3312 923,3319"/>
                <Baseline points="933,3349 958,3350 983,3351 1008,3351 1033,3351 1059,3350 1084,3350 1109,3349 1134,3349 1160,3350"/>
                <TextEquiv>
                    <Unicode>chapeau à</Unicode>
                </TextEquiv>
            </TextLine>
            <TextLine id="r1l169" custom="readingOrder {index:168;}">
                <Coords points="472,3351 532,3371 620,3349 653,3372 704,3350 730,3367 807,3359 827,3370 847,3351 897,3366 924,3351 924,3324 888,3316 802,3331 730,3308 602,3334 589,3321 519,3331 472,3315"/>
                <Baseline points="480,3354 505,3353 531,3353 556,3353 582,3353 607,3354 633,3354 659,3354 684,3354 710,3354 735,3354 761,3354 787,3354 812,3353 838,3352 863,3352 889,3351 915,3349"/>
                <TextEquiv>
                    <Unicode>Après ces coups de</Unicode>
                </TextEquiv>
            </TextLine>
            <TextLine id="r1l170" custom="readingOrder {index:169;}">
                <Coords points="1927,3397 2649,3412 2682,3400 2682,3345 1927,3359"/>
                <Baseline points="1936,3386 1972,3386 2009,3386 2046,3386 2083,3386 2120,3386 2156,3386 2193,3386 2230,3386 2267,3386 2304,3385 2340,3385 2377,3385 2414,3384 2451,3384 2488,3383 2524,3383 2561,3382 2598,3381 2635,3381 2672,3380"/>
                <TextEquiv>
                    <Unicode>ie en instance: il se cherche en¬</Unicode>
                </TextEquiv>
            </TextLine>
            <TextLine id="r1l171" custom="readingOrder {index:170;}">
                <Coords points="1186,3402 1902,3397 1901,3357 1811,3344 1713,3366 1185,3364"/>
                <Baseline points="1194,3394 1230,3394 1267,3394 1304,3394 1341,3394 1377,3394 1414,3394 1451,3393 1488,3393 1525,3392 1561,3391 1598,3391 1635,3390 1672,3389 1709,3388 1745,3387 1782,3386 1819,3385 1856,3384 1893,3383"/>
                <TextEquiv>
                    <Unicode>a peu qul ine solent indlispensübles</Unicode>
                </TextEquiv>
            </TextLine>
            <TextLine id="r1l172" custom="readingOrder {index:171;}">
                <Coords points="432,3399 1170,3404 1170,3358 431,3364"/>
                <Baseline points="440,3394 476,3394 512,3395 548,3395 584,3395 620,3395 656,3395 692,3395 728,3394 764,3394 800,3394 836,3393 872,3393 908,3393 944,3392 980,3391 1016,3391 1052,3390 1088,3390 1124,3389 1161,3388"/>
                <TextEquiv>
                    <Unicode>I’Autriche aimable, Hofmansthal se</Unicode>
                </TextEquiv>
            </TextLine>
            <TextLine id="r1l173" custom="readingOrder {index:172;}">
                <Coords points="1185,3451 1348,3429 1480,3457 1658,3431 2052,3444 2052,3393 1185,3402"/>
                <Baseline points="1194,3432 1236,3431 1278,3431 1321,3431 1363,3431 1406,3431 1448,3431 1491,3431 1533,3431 1576,3430 1618,3430 1660,3430 1703,3430 1745,3430 1788,3430 1830,3430 1873,3429 1915,3429 1958,3428 2000,3428 2043,3427"/>
                <TextEquiv>
                    <Unicode>et il Fen a deux gul sont prsque core.</Unicode>
                </TextEquiv>
            </TextLine>
            <TextLine id="r1l174" custom="readingOrder {index:173;}">
                <Coords points="375,3460 439,3465 477,3438 1126,3453 1175,3443 1174,3399 373,3396"/>
                <Baseline points="383,3445 422,3442 461,3441 500,3439 539,3438 578,3436 617,3435 656,3434 695,3434 734,3433 774,3432 813,3432 852,3431 891,3431 930,3430 969,3430 1008,3430 1047,3429 1086,3428 1125,3427 1165,3426"/>
                <TextEquiv>
                    <Unicode>+ sent Allemand autant qu'Autrichien.</Unicode>
                </TextEquiv>
            </TextLine>
            <TextLine id="r1l175" custom="readingOrder {index:174;}">
                <Coords points="2180,4146 3177,4139 3176,4086 3083,4105 2984,4074 2880,4108 2648,4086 2180,4110"/>
                <Baseline points="2189,4145 2237,4145 2286,4145 2335,4144 2384,4144 2433,4144 2482,4143 2531,4143 2580,4142 2629,4142 2678,4141 2726,4141 2775,4140 2824,4139 2873,4138 2922,4137 2971,4136 3020,4135 3069,4133 3118,4131 3167,4129"/>
                <TextEquiv>
                    <Unicode>e</Unicode>
                </TextEquiv>
            </TextLine>
            <TextEquiv>
                <Unicode>—
Cutti
box 38/3
2.—ns
—
Eatah der —
— TRLSt pes Aror
150, Avenue des
Date:

Champs-Elvases.
Siane: —
PARTS 6.
1975

toujours parmi les choses ou je me
trouve justement: la Bible et les
Quelques représentants
ceuvres du grand poéte danois, Jean
Peter Jacobsen „ (1903).
Schnitzler, qui est isrnélite, Pest
de la litterature autrichienne
essayé sans doute à peindre les lieux
et les types viennois: les églises jé¬
stites, les palais rococo, les cnfés
D’une abondante ef“ golide éindee T acmire i'äme sociale de l’Allema¬
clegants du #iny, les brasseries po
sur la e Nation autrichienne n, pa¬Vgue: &amp; Qui ne Pa rencontre plus
pilaites, ie pare peigne de Schön¬
rue sous la signatüire de M. Jucquesld’une fois cet esprit errant, qui sur¬
brunn, les guinguettes du Prater, et,
git du chaos pour faire valoir ses
Ancel dans 1e précieug recueil &amp;Af¬
tont speciaiement, #ette güsse Midel,
preientions de maitre et de conduc¬
faires eträngeres 9 que dirige M.
Atber! Moussel, nons sommes Reu¬
teur, marqué tantôt du signe du
Murger. Pourtant il s’évade de ces
reur de pouorir ertraire 1es iiqnes
genie, tantôt du stigmate de Tusur¬
fläneries, de ves compagnes:: #
pateur, révolutionnaire dans 
suirantes qut tracent queiques por¬
siis à mille lienes de. Dactualité;
tratts tres virants de qneiques hom¬
monde spirituel parce que, vrai Al¬
P’ai passe mna vieà ruminer eta ra¬
lemand en cela, senl Pabsoln compte
mes de lettres autriehtens.
tourner Tunique probleine de Tamoue
pour Ini 9 (das Schriftum ais geisti.
La question gue se pose Panteur
et de la mort o. II vieillit ei ses
ger Raum der Nation, Munich, 1927).
dens ia ntterature viennoise est an¬
creations deviennent plus humaines.
II nons presente ces chercheurs en
jourchhui ertremement riche. Est-elle
Que Pon compare la relehre Tiebelei
quete d’un lien spirituel -e Aueune
nationale?
des debuts — qu’a vulgarisée le ci¬
lutte allemande pour la liberté n'a
heiia — ses romans de Pavant¬
Trois grands noms emergent, Si
eté plus ardente ni plus opinlätre
guerre a ses productions des dernie¬
Pon ne compte que les morts: Jngo
que celle qui a lien anjourd’hui, en
res années, der Weg in's Freie te le
von Hofmannsthal, Rainer Maria
des milliers d’ämes, pourconquerir
Chemin de ln Liberlév). &amp; La politi¬
Rilke, Arthur Schnitzler.
une veritable discipline. n Aussi bé¬
que, note-t-il quelque temps avant sa
site-t-il entre Penjonement de tont
Hofmannsthal oppose l'Autrichien,
mort, a ses dogines tout comnne la
a Theure et la gravité, qu'il dévolle
etraditionnel et stable n, an Prus¬
religion. Ces dogmes s’intitulent
maintenant. II expose la tragédie de
sien, preoccupé d’acinalité et
Pouvoir, Elargissement des frontjé¬
I’Empire detruit: der Turm, 6 la
d’action v. 11 est d’nne famille de
res, Prestige. Mais on ne troute pas
Tour n S’écroule: &amp; Les murs chan¬
Basse-Autriche, de petite noblesse
les vrais crovants parmi les Vanati¬
cellent, eerit-il dans d la-Restaura¬
paysanne. Epris de musique, I
qiles du dogine, ni les vrais patrio¬
tion ercatriee u de 1927, sür leurs
donne a cet art la place eminente.:
tes parmi les politiciens. v Ebeinore.
Tondations, mais notre chemin i'est
C’est d’abord en sa müsique que
dans ses 7 Maximes et Pensers „
plus viable. , Quant à lni, in s’en.
TAutriche est devenue espril. „ 11
&amp; Voiei le mensonge vital de l'Ftat
schappe: &amp; Anx grands honnnes leur
S’efforce d’en definir Tharmonie
propre nation tent lien de destin et
composite:  En souffle slate, un
tendent redonter la banqueroute ils
d’Europe d’expériences, „
eclat italien, an sein d’une mnnsique
preiendent essaper de levitel an ui.
imm reinomte &amp; un pmanisine salls
Rilke, né a Prague, eindiant à Pa¬
moment on ils sont deja rninés v.
„ II rap¬
nostalgie et sans vague.
ris, est etränger a todte preocenpa
porte cette replique de Haydn, à qui
Certes tous ces éerivains restent
Hon nationale: 6 Je Waini amante
Pon demandait pourquoi ses messes
viennols, voire patriotes, à leur fa¬
ni maison, ni une demeure pour Vi¬
pen ceremontenses
etaienl si
çon, IIn’est pas certain cepesdant
V1e 9.
pocte est un passant, ini
e Quand je pense an von Dien, je
que cette littérature cosmopolite seit
deit eelehrer le monde. Eerivant
isuis plein de galete." Acet art si
ene Iiiterature nationale. ElIe a
Fallleurs aussi hien en Francais
beau deerire I’Autriche, surtom:
tpen nostalgique Hofmannsthal joint
(iren allemand, attiré par Rodin.
fla poesie volkstmlich, e issue an
Vienne-
et du reste Vienle n’est
dont infut ie secreiaire mais don1 in
elle est
pas toute ’Autriche
peuple n, des paysans, celle de Grill¬
se separa, attache aug Iitternthres
parzer dont il invoque letemoigunge
grande surtont parce qu’elle est hu¬
an Nord, il vante qui s’échappe au
maine. Ces romanciels, ces poétes
hu cours de #l’Autriche dans 1e
fover familial (6 Malte „, 1e Mondain.
fonillent plutôt les fondements ra¬
Miroir de la pensée v: &amp; Un olscan
et I’Avengle, Pun tonjours errant,
autrichien ne vole jamais si hant
tionnels on sentimentaux de la
Tautre vivant dans la nuit (gleT.i¬
crovance en une patrie. Le patri¬
Eiiron ne puisse reconnaitre son
Destous ies li¬
vre d’lmages v)
moineranfrichien est, dans Ia litté.
vres dl vent dire de toute sa biblio.
yplumage. „
rature contemporaine, un patriotis
theque), mande-t-il à un ann, in ven
chapeau à
Après ces coups de
ie en instance: il se cherche en¬
a peu qul ine solent indlispensübles
I’Autriche aimable, Hofmansthal se
et il Fen a deux gul sont prsque core.
+ sent Allemand autant qu'Autrichien.
e</Unicode>
            </TextEquiv>
        </TextRegion>
    </Page>
</PcGts>
