3392 4320
871 219 1341 314 box 38/3
130 228 774 339 2. Cuttings
2851 622 3095 849 136
548 863 2359 945 schaftlichen Vorurteilen den Weg ins Freis des Genießens zu freuen und sie formten
3156 824 3221 972 3
101 910 2350 995 eLeser als fand. Im Medardus lebt das alte Wien und unvergängliche Sätze über die Liebe als
2344 843 3111 1002 21. 10. S##unde
580 969 2345 1035 es schadet der französischen Familie nicht,eine tiefe Sache des Herzens. Frauen experi¬
2350 985 3234 1083 Mllitnnntungestenesenngseegenntunnningnnte
579 1014 2350 1077 daß sie im Grunde eine Wiener Familie ist,mentierten mit ihren Männern, weil sie
129 988 579 1114 Autoren
1467 1055 2358 1119 diese Art geistigen Zeitvertreibs goutierten
573 1062 1458 1113 die im Cottage ihr Schlössel hat. Durch
1461 1108 2342 1162 und Männer stellten ihre Frauen zur Dis¬
573 1109 1457 1165 alle seine Menschengesichter blickte dieses
2350 1089 3238 1174 Kategorie, die Kassenschlösser, können ge¬
110 1121 587 1216 Preisausschreiben
1468 1146 2342 1205 küssion, kosteten die Bitternisse rings um
583 1155 1457 1208 wienerische Antlitz, dieses Traumwandle¬
2343 1144 2664 1221 öffnet werden.
1462 1190 2356 1243 dem sinnlichen Betrieb und tauchten mit
573 1195 1457 1249 rische im Begehren und Verzichten, dieses
2370 1166 3248 1254 Die Tosischen Schlösser und besonders
105 1195 575 1294 der „STUNDE¬
1468 1227 2356 1289 weisen Sprüchen aus dem Seelendunkel
578 1239 1465 1292 Abschiedswillkommene, das mit dem Tod
2345 1221 3243 1292 glie älteren, öffnet Bierhaus fast mühelos.
1469 1272 2034 1343 wieder an diie Oberfläche.
568 1281 1465 1346 innige Beziehungen hatte. Die Todesbereit¬
2341 1280 3239 1332 Eine kleine „Injektion“ mit einem Gemisch
1488 1320 2346 1373 Es war schon schön in der Schnitzler¬
575 1320 1479 1382 schaft seiner Figuren ergab sich wie ein
2345 1322 3245 1382 hus Petroleum, Benzin und Ol mit einer
96 1329 530 1414 Lesen Sie in der
1475 1363 2346 1417 Gegend. Sie lag in der untergehenden Sonne
2354 1354 3242 1422 Spritze eingeträufelt, macht das Schlot
576 1365 1457 1421 Abenteuer, das sie mit dem Jenseits vor¬
98 1385 571 1474 morgigen =Stunde¬
2340 1401 3235 1470 geschmeidig und die beiden Teile des Wun¬
1469 1410 2340 1462 Ges alten Östereich. In ihr tönte Wien in
580 1410 1471 1465 haben, in schönen hauchzarten Worten
1477 1454 2345 1506 siner ganz besonderen Musik, die nicht mehr
2347 1446 3248 1506 Herschlüssels besorgen dann das übrige.
577 1459 1474 1502 zogen sie dahin und verschwanden auf
100 1452 574 1536 en Wettbewerb:
1471 1492 2358 1554 wiederkommt. Denn Schnitzler hat eine
2351 1498 3248 1555 Schwieriger sind schon die Doppelbart- und
570 1503 1468 1554 Nimmerwiedersehen. Viele seiner Gestalten
2339 1539 3246 1598 Zylinderschlösser zu öffnen. Will so ein
1466 1532 2353 1588 Schule begründet, er hat Menschen um sich
580 1547 1471 1599 schickte Schnitzler in ein gobles Sterben,
2337 1577 3241 1640 Schloß nicht gleich parieren, dann wird
110 1528 581 1645 #u#chen eine
1464 1589 2354 1641 gehabt, die seine Luft atmeten, aber keiner
583 1590 1467 1642 meist am Abgrund einer Leidenschaft, nach
2352 1632 3237 1678 eine Spezialausführung des Schlüssels ein¬
1466 1631 2347 1686 hat es zu seinem Geist, seiner Leichtigkeit,
582 1634 1476 1681 vergeblichen Erkenntnissen schritten seine
1461 1655 3256 1730 seiner zeichnerischen Vollendung gebracht. lfgeführt und auf einer Kittmasse zeiehnen
574 1675 1471 1731 srotischen Abenteurer dem Jenseits zu. Mit
109 1635 544 1761 Film-Idee
1476 1717 3238 1766 Ein paar versuchten seine Stirnlocke zu fsich die Bilder des Schloßinnern ab, die nun
573 1703 1480 1785 klingendem Wortspiel. Er hat für sie Pisto¬
2344 1736 3249 1818 ieicht nach einem bestimmten System am
1468 1756 2362 1812 kopieren, andere trugen seinen Bart. Aber
571 1764 1462 1831 len bereit gehabt. Teiche, Spitalsbetten,
2360 1783 3248 1856 Sperrapparat eingestellt werden können. Die
1461 1804 2355 1856 keiner hatte die visionäre Helligkeit, die
586 1786 1167 1871 Veronal und stille Weiber.
2345 1831 3249 1896 300.000 verschiedenen Variationen, die es
1461 1843 2355 1904 zur Erschaffung der Welt des Dichters not
609 1842 1471 1911 Sie waren alle geborane Wiener Leiden¬
238 1739 577 1922 1
2346 1874 3260 1947 in der Form der Schlüssel gibt, sind dann
1463 1886 2357 1945 tut. Und es war eine Welt, wenn sie auch
577 1878 1478 1946 schaftler, der Herr von Sala, der Herr von
2344 1927 3098 2000 für den „Aufsperrer“ uninteressant.
1462 1921 2359 1990 zarte blumenbewachsene Staketten umzäung
574 1937 1465 1990 Hofreiter, der Georg Wergenthin und sie
2384 1950 3249 2028 Bierhaus weiß interessante Geschichten
1464 1982 2355 2033 ten und nirgends ein unendliches Meer war
579 1965 1473 2040 trieben ihre Aventuren zwischen den Villen
2339 1994 3260 2077 zu erzählen, wie er erst vor kurzer Zeit
1466 2022 2353 2074 oder die heroische Natur Beethovens. Ger
574 2020 1465 2092 und. Gärten des Cottage und der Hietzinger
91 2022 588 2126 Thur Schnitzlen
2348 2046 3249 2115 eine große Panzerkasse, deren Schlüssel
564 2058 2339 2120 Ländschaft, sie standen mit Anmut des Er-rade darum ist es schön in der Schnitzler
2337 2095 3248 2172 verschwunden waren, bezwungen hat. Be¬
1954 2104 2323 2179 Siegfried Geyer.
583 2107 1846 2174 lebens in ihrer Welt, sie verstanden es, sich Gegend gewesen.
99 2105 576 2181 an ihn erinnern, nicht
2338 2134 3239 2224 richtet von Amtshandlungen, bei denen er
109 2154 593 2229 il es an diesem Herbst¬
1107 2171 1226 2246 an 668
2357 2184 3242 2248 von Exekutionsbeamten zu Hilfe gerufen
119 2202 592 2266 daß er hinübergegan¬
2352 2214 3250 2289 wurde, um die Wohnungen von Schuldnern,
107 2241 577 2312 eg, den er seine Men¬
594 2243 3237 2328 Trude Triumph, Sola Fry, Josefina Christal die sich durch die Flucht der Amtshand¬
94 2287 590 2358 ließ, aus den Dämme¬
2345 2305 3256 2379 lung entziehen wollten, aufzuschließen und
101 2338 581 2404 n das große Dunkel.
585 2325 2360 2420 Heila Harwaj, Erna Baldini, Lill Core, Marietta Schön, Erna Erneili
2340 2350 3258 2417 über Aktionen zur Rettung von Manschen,
2345 2396 3262 2463 die in Vergiftungsgefahr waren. Keines der
111 2421 595 2504 gt außerhalb ihrer
2344 2447 3255 2509 Schlösser hat seinen Sperrapparaten, seinen
1890 2448 1974 2557 C
2336 2503 3243 2554 Hebeln und Nadeln — wie er behauptst —
1516 2478 1648 2571 im
578 2485 989 2573 Von 9 Uhr abends
2343 2531 3247 2611 jemals getrotzt. Freilich kennt auch er die
1576 2547 2356 2613 Stadttheatergebäude, VIII. Daungasse 1
574 2546 930 2611 bis 4 Uhr früh!
2357 2572 3258 2643 Grenzen seines Könnens und weiß genan
2352 2619 3254 2696 iene wenigen Schloßkonstruktionen, deren
2341 2652 3253 2743 Bekämpfung er noch manche schlaflose
2351 2715 3242 2779 Nacht wird opfern müssen, wenn sie sich
2345 2752 3246 2829 nicht schließlich als stärker erweisen sollten.
622 2728 2316 2843 Die unbekannte Universität
2344 2792 3249 2858 Ubrigens hat er auch selbst ein ganz ein¬
2346 2840 3257 2906 faches Schloß konstruiert, das bei der Probe
595 2859 2357 2928 Mayer und Fuchs heißen zumeist die großen (hatte, gibt übrigens ihrer Vermutung Aus¬
2353 2882 3258 2954 allen Aufsperrversuchen widerstanden hat.
591 2913 1475 2977 Unbekannten, auf die sich Rechtsbrecher in
1462 2906 2347 2971 druck, daß der Herr Dei##or ihren benomme¬
2349 2930 3250 3002 Allerdings fehlt ihm das Geld, um die Er¬
1478 2962 2356 3024 nen Zustand nicht ausscnließlich zu medizi¬
580 2968 1471 3017 Ihrer Verantwortung berufen; man sucht nach
2357 2973 3023 3040 findung praktisch zu verwerten.
1477 3005 2358 3074 nischen Zwecken herbeigeführt hätte. Beweise
580 3016 1471 3072 den Entlastungszeugen und muß schließlich
2388 2994 3253 3084 Der Einbruch im Bankhaus Gebrüder
568 3065 2353 3131 feststellen, daß ein Mayer und ein Fuchs in konnte sie nicht liefern, so daß die Staats¬
2357 3056 3249 3128 Kanitz hat das Interesse der Öffentlichkeit
1471 3119 2359 3171 anwaltschaft diesbezüglich das gegen Peßler
582 3112 1489 3184 Wien unauffindbar sind. Die Akten des an¬
2362 3105 3259 3166 wieder auf den „Wunderschlüssel“ gelenkt.
2347 3154 3228 3213 Vielleicht wird sich aber das „Wunder“
581 3160 2346 3222 desgerichtes über die „groden Unbekannten“ leingeleitete Strafverfahren einstellen mußte.
2352 3188 3259 3258 viel einfacher aufklären und irgend ein
1502 3202 2363 3270 Eines Tages kam man darauf, daß Dr. Peß¬
568 3196 1489 3274 haben nun eine Bereicherung um eine sehr
2356 3220 3269 3304 Schränker wird sich nach guter alter Art
1482 3253 2353 3309 lers Doktordiplom gefälscht sein müsse, denn
572 3259 1482 3328 geheimnisvolle Institution bekommen: um die
2360 3268 3271 3365 mit Seife und Kitt vorher einen Abdruck
1481 3296 2349 3361 weder an der Wiener, noch an einer anderen
590 3306 1491 3375 unbekannte Universität, die man nirgends
2353 3333 3058 3413 der Schlüssel beschafft haben.
1443 3353 2353 3417 deutschen Universität hat man einen Herrn
586 3352 822 3425 findet
615 3412 2368 3448 Vor dem Schöffensenat Dr. Seiter stehtIvo Peßler zum Doktor der Medizin promo¬
2373 3407 3065 3476 UND UETZT — EINE NEUE
1465 3444 2366 3522 viert. Peßler, zum Nachweis seines akademi¬
571 3457 1481 3516 heute unter Anklage des Betruges und
1475 3499 2323 3552 schsn Titels aufgefordert, erklärte, er sei
577 3508 1481 3577 der Kurpfuscherei: Herr Ivo Peßle:
111 3498 581 3577 en, ihrer Forderungen
2499 3482 3050 3627 Gedect
1495 3540 2344 3624 an einer Universität, die er nicht nennen
592 3532 1490 3613 abs Linz, 49 Jahre alt, Doktor der Universi¬
121 3560 584 3617 Schnitzler zählt zu den
593 3602 1487 3670 tät X. Die Anklage vertritt Staatsanwalt Dr.
119 3601 583 3666 en von gestern. Seine
1857 3582 1994 3671 will,
2760 3606 3119 3706 TASCHE
132 3646 589 3715 geliebt und geschrie¬
589 3654 1477 3707 Sabaditsch, der Angeklagte wird von
1481 3636 2382 3725 zum Doktor promoviert worden; das Diplom
2526 3665 3094 3736 DIREKT VOM ERZEUGER
109 3689 584 3750 en. Aus einer anderen
586 3698 1281 3773 Dr. Clementine Bloch verteidigt.
1468 3708 2379 3761 wollte er nicht vorweisen. Bei der Anmeldung
119 3728 599 3799 chmal in diese heutige
1480 3756 2357 3818 seiner Praxis hatte er Abschriften dieses an¬
606 3757 1480 3823 Peßler übte die ärztliche Praxis in seiner
2346 3761 2869 3842 Kiepura II. an der
120 3781 594 3837 n wenig fremd umher,
1482 3801 2363 3866 geblichen Diploms der Universität X vor¬
584 3783 1475 3878 Wiener Wohnung aus und war auch Hospitant
2737 3783 3247 3880 Wiener Staatsoper
114 3814 594 3884 verwunderten Augen,
1481 3837 2379 3919 gewiesen und die nunmehr gegen ihn erhobene
593 3855 1474 3915 im Sophienspital und im Wilbelminenspital
137 3861 594 3930 Abendstunden, ihrer
1481 3904 2369 3963 Anklage besagt: Peßler hat der niederöster¬
588 3910 1482 3966 sowie in Vertretung erkrankter Arzte in Kor¬
130 3915 593 3972 ihrer Art, Frauen zu
1478 3942 2376 4003 reichischen Arztekammer sowie der Bezirks¬
594 3950 1472 4016 neuburg und in Sohönau an der Triestin tätig.
111 3950 592 4016 fen, ihres Eine-Liebe¬
1470 3995 2381 4063 hauptmannschaft Baden zweifellos ein ge¬
110 4001 525 4066 nden, sind vorbei
577 4006 1403 4077 Seine Spezialität waren Narkotisierungen.
116 4028 603 4115 Das waren Lieblings¬
611 4048 2135 4110 Eine Frau, die er in der Narkose behandelt fälschtes Dokument vorgewiesen.
117 4079 600 4156 lers, der bis in seine
123 4119 606 4193 ergangenheitsmenschen
