3392 4320
164 228 333 307 Es Blut
173 349 336 439 eibend.
203 597 316 668 on O. p
187 948 271 1019 dum
235 1030 306 1097 Gun
1206 139 1948 187 Sevdenko-Denkmal im Petrowski-Park in Pollawo
2367 196 2547 377 9
2405 373 2513 500 9
1624 1518 2842 1575 M. Pospis####: „Köchin“ (Kolorierter Gips auf der Triester Johresausstellung
1602 1563 1967 1626 der Venezia Giolia)
2153 1601 2870 1722 J VON FRANZ BLEI
1171 1643 2169 1756 ZEITGENOSSET
2186 1683 2866 1771 XI. ARTHUR SCHNITZLER
1212 1784 2855 1852 Die in die Stirne gezogene Locke war ihrem Leben die Spannung zu geben in
1188 1848 2856 1897 schon recht grau geworden, alsSchnitz- einem Erleben außerhalb ihrer Klasse.
1182 1875 2867 1951 ler von seinen literarischen Anfängen Früh und unvermeidlich genug kommt
1186 1919 2851 1991 erzählte. In den achtziger Jahren gab ja der Gatte Tischlermeister oder klei¬
201 1921 1022 2016 ## New Vorker Weitenkra##er Photo Cer,
2024 1974 2854 2031 ner Beamter — wenn nicht ein Wun¬
1195 1968 2012 2034 es in Wien ein Mode-Wochenblitt, das
2009 2026 2859 2074 der geschieht, der Sprung in jene Welt,
1187 2026 2012 2083 etwas langatmig „An der schönen
1178 2065 2848 2127 blauen Donau“ hieß und Rudolf Lothar aus der wie ein lockender Abgesandter
2009 2104 2855 2162 dieser junge Herr auftaucht, der aber
1179 2108 2020 2169 herausgab. Darin erschienen die ersten
2016 2150 2861 2212 schon mit dem Abschiedsbrief angetre¬
1186 2152 2007 2213 etwas romantischen Erzählerfindun¬
2020 2184 2855 2251 ten ist und auch sein Rückberufungs¬
1184 2216 2017 2277 gen. Oder wie Schnitzler es sagte: „Der
2011 2240 2858 2291 schreiben in die Welt seines Stondes
1187 2252 2012 2300 Lothar hat mich in die Literatur ge¬
2020 2275 2858 2335 in der Tasche trägt. Der Sprung in die
1185 2287 2021 2340 bracht, aus der er mich, glaub’ ich,
2022 2326 2865 2381 Welt bedeutete, daß man vielleicht ein
1187 2326 1923 2408 heut lieber wieder herausbrächte.“
2022 2367 2860 2432 Talent zum Theater habe oder zum Bal¬
1229 2377 2012 2435 An der schönen blauen Donau ist
2014 2415 2865 2477 lett. Er bedeutete nicht, dieses jungen
1185 2424 2023 2482 Schnitzler. mit ein bißchen von Musset
2030 2468 2860 2516 Stadtherrn Gattin zu werden. Es ge¬
1198 2472 2019 2528 bezogener Sentimentalität, ein bißchen
2017 2507 2870 2557 hörte zu den Wesenszügen des süßen
1198 2512 2021 2580 von Donnau beigestellter Ironie, sein
2019 2551 2860 2625 Mädels, daß es solchen Ehrgeiz nicht
1194 2554 2022 2634 Leben lang geblieben und ließ ihn dar¬
2027 2577 2870 2654 hatte. Anders hätte es den Romantiker
1196 2602 2019 2681 an festhalten, daß die Donau sowohl
2026 2635 2856 2698 seiner ersten Liebe ja sehr inkommo¬
1199 2647 2017 2709 blau als schön ist, was sie, wie man
2018 2680 2866 2744 diert und er hätte nie den Typus so um¬
1197 2697 2018 2758 weiß, bei Wien gar nicht ist. Das heißt
2028 2728 2876 2797 goldet. Verzicht stand ihr von Anfang
1200 2737 2024 2803 aber durchaus nicht, seine Literatur in
2024 2771 2869 2855 un auf die kurze Stirn über der niedli¬
1190 2793 2018 2852 der regionalen Enge lokalisieren, son¬
2034 2819 2641 2896 chen Stüpnase geschrieben.
1199 2819 2022 2895 dern in jener Breite, welche kulturell
2076 2846 2867 2931 Wenn man sich erinnert, duß die
1193 2868 2018 2940 das alte Oesterreich war, das Wien sei¬
2028 2910 2864 2978 ebenso sentimentale, aber weit nüchter¬
1191 2912 2019 2981 ne spezifische kosmopolitische Essenz
2032 2959 2873 3019 nere Berliner Moderne gleichzeitig das
1201 2967 1886 3029 gab, seine geistige Atmosphäre.
2028 2998 2871 3059 Strichmädchen und die Kellnerin als
1229 2998 2020 3056 Es ist nichts Neues, daß Schnitzler
2031 3048 2879 3107 ihren erotischen Sichtgegenstand er¬
1202 3045 2026 3121 das „süße Mädel“ entdeckt und ihm
1200 3093 2023 3150 Namen und Bühnenfigur gegeben hat
2041 3087 2862 3159 fand und sich in allerlei Romanen da¬
1197 3139 2026 3199 in jenem Stück, das „Liebelei“ heißt.
2034 3144 2870 3205 mit abplagte, so legt das für Schnitzler,
2036 3185 2877 3249 seinen Takt, seinen Geschmack, seine
1200 3181 2029 3251 Es lebt heute noch weiter in den win¬
2037 3216 2870 3299 Kultiviertheit ein eben so schwerwie¬
1209 3229 2029 3292 digsten Operettenterten. Schniteler gab
2043 3270 2871 3351 gendes Wort ein, wie für die gesamte
1208 3270 2024 3339 älter geworden lächelnd zu, daß dieses
2046 3322 2426 3392 Wiener Moderne.
1205 3317 2040 3386 Wanschgebilde nur sehr rudimentär
1214 3369 2039 3427 einer Wirklichkeit entsprach. Diese
2075 3362 2871 3431 Schniteler gab nur ungern seine Ein¬
1212 3410 2036 3475 Töchter kleinbürgerlicher Vorstüdter
2035 3413 2866 3477 willigung zu einer einmaligen Auffüh¬
1203 3452 2026 3525 oder Arbeiter hatten, wenn und so lan¬
2038 3471 2873 3531 rung seines „Reigen“ in München. Die
1201 3493 2029 3579 ge sie jung und hübsch waren, ihren
2044 3509 2880 3585 Zensur erlaubte das Spiel unter der Be¬
1216 3541 2032 3610 Liebesehrgeiz, der sie so einem ele¬
2037 3557 2875 3622 dingung, daß nach jeder Szene sich der
1217 3585 2030 3660 ganten Herrn aus der Stadt geneigter
2054 3596 2884 3670 Vorhung schließe. Während der Auf¬
1210 3631 2041 3697 machte als einem Spengler, selbst wcenn
2044 3658 2873 3724 führung sagte mir Schnitzler lächelnd:
1209 3675 2037 3737 #er ein Galanteriespengler iar. Ziei¬
2045 3688 2888 3774 „Als ob man den Hamlet ohne Hamlet
1213 3718 2036 3788 schen sechzehn und achtzehn resigniert
199 3762 2220 3891 ra-Gemölde auf der Triester Johresausstellung der Venezie Giolie) 50 ein hübsches Dinn nicht und sucht spielte!“
2390 3876 2875 4005 8. JUL 1934
1556 3934 2150 4126 ager t rest, Prag
