<?xml version="1.0" encoding="UTF-8" standalone="yes"?>
<PcGts xmlns="http://schema.primaresearch.org/PAGE/gts/pagecontent/2013-07-15" xmlns:xsi="http://www.w3.org/2001/XMLSchema-instance" xsi:schemaLocation="http://schema.primaresearch.org/PAGE/gts/pagecontent/2013-07-15 http://schema.primaresearch.org/PAGE/gts/pagecontent/2013-07-15/pagecontent.xsd">
    <Metadata>
        <Creator>prov=University of Rostock/Institute of Mathematics/CITlab/Gundram Leifert/gundram.leifert@uni-rostock.de:name=ONB_Newseye_GT_M1+(htr_id=10810)::::v=2.4.2
prov=University of Rostock/Institute of Mathematics/CITlab/Tobias Gruening/tobias.gruening@uni-rostock.de:name=de.uros.citlab.module.baseline2polygon.B2PSeamMultiOriented:v=2.4.2
prov=University of Rostock/Institute of Mathematics/CITlab/Tobias Gruening/tobias.gruening@uni-rostock.de:name=/mnt/transkribus/LA/DEA/URO/LA_news_onb_att.pb:de.uros.citlab.segmentation.CITlab_LA_ML:v=2.4.2
prov=University of Rostock/Institute of Mathematics/CITlab/Tobias Gruening/tobias.gruening@uni-rostock.de:name=/mnt/transkribus/LA/DEA/URO/LA_news_onb_att.pb:de.uros.citlab.segmentation.CITlab_LA_ML:v=2.4.2
Transkribus</Creator>
        <Created>2019-10-07T15:18:36.745+02:00</Created>
        <LastChange>2019-10-09T00:44:24.789+02:00</LastChange>
        <TranskribusMetadata docId="224263" pageId="9515962" pageNr="11" tsid="16617880" status="IN_PROGRESS" userId="40391" imgUrl="https://files.transkribus.eu/Get?id=IOIYOCDQOQPQCFAJRVVDYSWL&amp;fileType=view" xmlUrl="https://files.transkribus.eu/Get?id=QJMGEPRECXSSCTXJUQOLYMHU" imageId="6204125"/>
    </Metadata>
    <Page imageFilename="224263_0011.jpeg" imageWidth="3392" imageHeight="4384">
        <ReadingOrder>
            <OrderedGroup id="ro_1711443130522" caption="Regions reading order">
                <RegionRefIndexed index="0" regionRef="r1"/>
                <RegionRefIndexed index="1" regionRef="r2"/>
            </OrderedGroup>
        </ReadingOrder>
        <TextRegion orientation="0.0" id="r1" custom="readingOrder {index:0;}">
            <Coords points="566,145 566,4040 1768,4040 1768,145"/>
            <TextLine id="r1l1" custom="readingOrder {index:0;}">
                <Coords points="607,189 1674,180 1673,144 1580,138 606,145"/>
                <Baseline points="614,180 666,179 719,178 771,177 824,177 877,176 929,175 982,174 1034,173 1087,172 1140,171 1192,171 1245,170 1297,169 1350,169 1403,168 1455,168 1508,167 1560,167 1613,167 1666,167"/>
                <TextEquiv>
                    <Unicode> </Unicode>
                </TextEquiv>
            </TextLine>
            <TextLine id="r1l2" custom="readingOrder {index:1;}">
                <Coords points="561,235 1697,230 1725,186 561,193"/>
                <Baseline points="568,226 625,226 683,226 740,226 798,226 855,226 913,226 970,225 1028,225 1085,224 1143,223 1200,223 1258,222 1315,221 1373,220 1430,219 1488,218 1545,217 1603,216 1660,215 1718,214"/>
                <TextEquiv>
                    <Unicode>Richtungen fortgesetzt hat, wovon seine beiden Bücher „Lust</Unicode>
                </TextEquiv>
            </TextLine>
            <TextLine id="r1l3" custom="readingOrder {index:2;}">
                <Coords points="563,272 1622,282 1720,276 1720,231 563,238"/>
                <Baseline points="570,275 627,274 684,274 741,273 798,272 855,272 912,271 969,271 1026,270 1083,270 1141,269 1198,268 1255,268 1312,267 1369,266 1426,266 1483,265 1540,264 1597,263 1654,262 1712,261"/>
                <TextEquiv>
                    <Unicode>und Leid im Witz“ (Internationaler Psychoanalytischer</Unicode>
                </TextEquiv>
            </TextLine>
            <TextLine id="r1l4" custom="readingOrder {index:3;}">
                <Coords points="571,322 1728,322 1695,270 571,281"/>
                <Baseline points="578,322 635,322 692,321 749,321 806,320 863,319 920,319 978,318 1035,318 1092,317 1149,316 1206,316 1263,315 1320,314 1378,313 1435,313 1492,312 1549,311 1606,310 1663,310 1721,309"/>
                <TextEquiv>
                    <Unicode>Verlag, Wien, 1929) und das im Jahre 1933 unter dem</Unicode>
                </TextEquiv>
            </TextLine>
            <TextLine id="r1l5" custom="readingOrder {index:4;}">
                <Coords points="562,370 1719,362 1718,324 1494,312 562,337"/>
                <Baseline points="570,370 627,369 684,369 741,368 798,367 855,366 912,365 969,364 1026,363 1083,362 1141,361 1198,360 1255,359 1312,359 1369,358 1426,357 1483,357 1540,357 1597,357 1654,357 1712,357"/>
                <TextEquiv>
                    <Unicode>Titel „Nachdenkliche Heiterkeit“ (ebenda) ver¬</Unicode>
                </TextEquiv>
            </TextLine>
            <TextLine id="r1l6" custom="readingOrder {index:5;}">
                <Coords points="563,420 1732,400 1634,354 562,374"/>
                <Baseline points="570,415 627,416 685,416 743,416 800,415 858,415 916,414 973,414 1031,413 1089,412 1147,411 1204,410 1262,409 1320,408 1377,407 1435,406 1493,405 1550,404 1608,403 1666,402 1724,402"/>
                <TextEquiv>
                    <Unicode>öffentlichte Zeugnis ablegen. In dem ersten Werke versucht</Unicode>
                </TextEquiv>
            </TextLine>
            <TextLine id="r1l7" custom="readingOrder {index:6;}">
                <Coords points="568,470 1731,451 1715,408 568,430"/>
                <Baseline points="576,465 633,465 690,464 748,464 805,463 862,463 920,462 977,461 1034,461 1092,460 1149,459 1206,459 1264,458 1321,457 1378,456 1436,455 1493,454 1550,453 1608,451 1665,450 1723,449"/>
                <TextEquiv>
                    <Unicode>Reik, durch Analyse des einzelnen Witzes und des Witzes</Unicode>
                </TextEquiv>
            </TextLine>
            <TextLine id="r1l8" custom="readingOrder {index:7;}">
                <Coords points="569,509 1720,501 1719,465 1637,454 568,480"/>
                <Baseline points="576,514 632,513 689,511 746,510 803,509 860,508 917,507 973,506 1030,506 1087,505 1144,504 1201,503 1258,502 1315,502 1371,501 1428,500 1485,499 1542,499 1599,498 1656,498 1713,497"/>
                <TextEquiv>
                    <Unicode>als seelischen Phänomens überhaupt darzulegen, aus welcher</Unicode>
                </TextEquiv>
            </TextLine>
            <TextLine id="r1l9" custom="readingOrder {index:8;}">
                <Coords points="559,557 1662,557 1726,543 1726,504 559,529"/>
                <Baseline points="566,562 623,561 681,560 738,559 796,558 854,557 911,556 969,555 1027,554 1084,554 1142,553 1200,552 1257,551 1315,551 1373,550 1430,549 1488,548 1546,547 1603,547 1661,546 1719,545"/>
                <TextEquiv>
                    <Unicode>Quelle die unbewußte Lust an ihm herrührt und wieviel</Unicode>
                </TextEquiv>
            </TextLine>
            <TextLine id="r1l10" custom="readingOrder {index:9;}">
                <Coords points="567,598 1727,596 1633,552 567,567"/>
                <Baseline points="574,607 631,606 688,606 745,605 803,604 860,604 917,603 975,602 1032,602 1089,601 1147,600 1204,599 1261,598 1318,597 1376,596 1433,596 1490,595 1548,594 1605,593 1662,592 1720,591"/>
                <TextEquiv>
                    <Unicode>unbewußtes Leid er verheimlicht und gleichzeitig zum Aus¬</Unicode>
                </TextEquiv>
            </TextLine>
            <TextLine id="r1l11" custom="readingOrder {index:10;}">
                <Coords points="561,656 1671,656 1737,646 1737,605 561,618"/>
                <Baseline points="568,654 626,654 684,654 742,654 800,653 858,652 916,652 974,651 1032,650 1090,649 1149,648 1207,647 1265,646 1323,645 1381,644 1439,643 1497,642 1555,641 1613,640 1671,639 1730,639"/>
                <TextEquiv>
                    <Unicode>druck bringt. Es handelt sich bei der Psychologie des Witzes</Unicode>
                </TextEquiv>
            </TextLine>
            <TextLine id="r1l12" custom="readingOrder {index:11;}">
                <Coords points="572,705 1375,680 1679,709 1727,649 572,675"/>
                <Baseline points="580,703 637,702 694,702 751,701 808,701 865,700 922,699 979,698 1036,698 1093,697 1150,696 1207,695 1264,694 1321,693 1378,693 1435,692 1492,691 1549,689 1606,688 1663,687 1720,686"/>
                <TextEquiv>
                    <Unicode>eben nicht nur um ästhetische Probleme; seine analytische</Unicode>
                </TextEquiv>
            </TextLine>
            <TextLine id="r1l13" custom="readingOrder {index:12;}">
                <Coords points="573,752 1731,750 1731,712 1380,681 1294,713 572,709"/>
                <Baseline points="580,751 637,749 694,748 751,747 808,746 866,745 923,745 980,744 1037,743 1094,742 1152,742 1209,741 1266,741 1323,740 1380,739 1438,739 1495,738 1552,737 1609,736 1666,735 1724,734"/>
                <TextEquiv>
                    <Unicode>Untersuchung ergibt über den besonderen Anlaß hinaus einen</Unicode>
                </TextEquiv>
            </TextLine>
            <TextLine id="r1l14" custom="readingOrder {index:13;}">
                <Coords points="567,796 1487,803 1693,793 1735,751 566,757"/>
                <Baseline points="574,798 631,797 689,797 747,796 804,796 862,795 920,795 977,794 1035,793 1093,793 1151,792 1208,791 1266,790 1324,789 1381,788 1439,787 1497,785 1554,784 1612,782 1670,780 1728,778"/>
                <TextEquiv>
                    <Unicode>wichtigen Beitrag zur Erforschung des unbewußten Seelen¬</Unicode>
                </TextEquiv>
            </TextLine>
            <TextLine id="r1l15" custom="readingOrder {index:14;}">
                <Coords points="560,839 1688,849 1736,845 1736,792 560,817"/>
                <Baseline points="568,845 626,845 684,845 742,844 800,844 858,844 916,843 974,842 1032,842 1090,841 1148,840 1206,839 1264,838 1322,837 1380,836 1438,835 1496,833 1554,832 1612,830 1670,828 1729,826"/>
                <TextEquiv>
                    <Unicode>lebens. Auch in dem neuen Buche Reiks, das eine Reihe</Unicode>
                </TextEquiv>
            </TextLine>
            <TextLine id="r1l16" custom="readingOrder {index:15;}">
                <Coords points="571,886 1725,888 1724,846 1673,838 1019,874 570,850"/>
                <Baseline points="578,892 637,892 697,891 757,890 817,889 877,889 937,888 997,887 1057,886 1117,885 1177,884 1237,883 1297,882 1357,881 1417,880 1477,879 1537,878 1597,877 1657,876 1717,875"/>
                <TextEquiv>
                    <Unicode>kleinerer Arbeiten in „gelockerter Sonatenform“ zusammen¬</Unicode>
                </TextEquiv>
            </TextLine>
            <TextLine id="r1l17" custom="readingOrder {index:16;}">
                <Coords points="573,940 1712,940 1738,892 572,902"/>
                <Baseline points="580,943 637,941 695,939 752,938 810,937 867,935 925,935 982,934 1040,933 1097,932 1155,931 1213,931 1270,931 1328,930 1385,930 1443,929 1500,928 1558,928 1615,927 1673,926 1731,925"/>
                <TextEquiv>
                    <Unicode>fügt, leitet die Analyse der verschiedenartigsten Beispiele aus</Unicode>
                </TextEquiv>
            </TextLine>
            <TextLine id="r1l18" custom="readingOrder {index:17;}">
                <Coords points="561,989 1746,972 1604,931 561,961"/>
                <Baseline points="568,988 626,987 685,985 743,984 802,983 860,982 919,982 977,981 1036,980 1094,980 1153,979 1212,979 1270,978 1329,978 1387,977 1446,977 1504,976 1563,975 1621,975 1680,974 1739,972"/>
                <TextEquiv>
                    <Unicode>dem Reiche des Komischen unmittelbar zur Erkenntnis der</Unicode>
                </TextEquiv>
            </TextLine>
            <TextLine id="r1l19" custom="readingOrder {index:18;}">
                <Coords points="573,1041 1748,1030 1747,989 1650,974 573,990"/>
                <Baseline points="580,1034 638,1034 696,1033 754,1032 812,1031 870,1031 928,1030 986,1030 1044,1029 1102,1028 1160,1027 1218,1027 1276,1026 1334,1025 1392,1025 1450,1024 1508,1023 1566,1022 1624,1021 1682,1020 1740,1018"/>
                <TextEquiv>
                    <Unicode>sehr ernsthaften seelischen Hintergründe über, aus denen diese</Unicode>
                </TextEquiv>
            </TextLine>
            <TextLine id="r1l20" custom="readingOrder {index:19;}">
                <Coords points="575,1096 1672,1081 1739,1036 574,1052"/>
                <Baseline points="582,1084 639,1083 697,1082 754,1082 812,1081 869,1080 927,1079 984,1078 1042,1077 1099,1076 1157,1075 1214,1074 1272,1073 1329,1072 1387,1071 1444,1070 1502,1069 1559,1068 1617,1067 1674,1067 1732,1066"/>
                <TextEquiv>
                    <Unicode>Heiterkeit erwächst; wir sehen Triebregungen und Arbeits¬</Unicode>
                </TextEquiv>
            </TextLine>
            <TextLine id="r1l21" custom="readingOrder {index:20;}">
                <Coords points="572,1132 1750,1128 1749,1083 1619,1073 572,1096"/>
                <Baseline points="580,1131 638,1130 696,1128 754,1127 812,1126 870,1126 928,1125 987,1124 1045,1124 1103,1123 1161,1123 1219,1122 1277,1122 1335,1121 1394,1120 1452,1119 1510,1118 1568,1117 1626,1116 1684,1114 1743,1112"/>
                <TextEquiv>
                    <Unicode>weisen des Unbewußten auch hier als die eigentlich wirksamen</Unicode>
                </TextEquiv>
            </TextLine>
            <TextLine id="r1l22" custom="readingOrder {index:21;}">
                <Coords points="569,1186 1745,1173 1744,1132 1692,1121 568,1142"/>
                <Baseline points="576,1174 634,1173 692,1172 750,1172 808,1171 866,1170 924,1170 982,1169 1040,1169 1098,1168 1156,1168 1214,1167 1272,1167 1330,1166 1388,1166 1446,1165 1504,1164 1562,1163 1620,1162 1678,1161 1737,1159"/>
                <TextEquiv>
                    <Unicode>Mächte am Werk. Die Spannweite des Bogens reicht „vom</Unicode>
                </TextEquiv>
            </TextLine>
            <TextLine id="r1l23" custom="readingOrder {index:22;}">
                <Coords points="572,1217 1648,1232 1745,1201 1529,1168 571,1186"/>
                <Baseline points="579,1219 640,1220 701,1221 762,1221 823,1221 884,1220 945,1220 1006,1219 1067,1217 1128,1216 1189,1215 1250,1214 1311,1213 1372,1211 1433,1211 1494,1210 1555,1210 1616,1210 1677,1211 1738,1212"/>
                <TextEquiv>
                    <Unicode>Witz, der verhöhnt, bis zum Humor, der versöhnt“; sie um¬</Unicode>
                </TextEquiv>
            </TextLine>
            <TextLine id="r1l24" custom="readingOrder {index:23;}">
                <Coords points="569,1263 1739,1264 1703,1217 568,1223"/>
                <Baseline points="576,1270 633,1270 691,1270 749,1269 807,1268 865,1267 922,1267 980,1266 1038,1264 1096,1264 1154,1263 1211,1262 1269,1261 1327,1260 1385,1260 1443,1260 1500,1260 1558,1260 1616,1260 1674,1261 1732,1262"/>
                <TextEquiv>
                    <Unicode>faßt auch die beiden verwandten Begriffe der Ironie und</Unicode>
                </TextEquiv>
            </TextLine>
            <TextLine id="r1l25" custom="readingOrder {index:24;}">
                <Coords points="570,1315 1751,1301 1718,1263 570,1282"/>
                <Baseline points="578,1321 636,1319 694,1318 752,1317 811,1316 869,1315 927,1314 986,1313 1044,1312 1102,1312 1161,1311 1219,1311 1277,1310 1335,1310 1394,1310 1452,1309 1510,1309 1569,1309 1627,1309 1685,1308 1744,1308"/>
                <TextEquiv>
                    <Unicode>des Sarkasmus. Interessant ist die von Reik aufgezeigte</Unicode>
                </TextEquiv>
            </TextLine>
            <TextLine id="r1l26" custom="readingOrder {index:25;}">
                <Coords points="569,1372 1673,1371 1761,1326 568,1328"/>
                <Baseline points="576,1365 634,1365 693,1365 752,1365 811,1365 870,1365 929,1364 988,1364 1047,1363 1106,1362 1165,1361 1223,1360 1282,1359 1341,1358 1400,1357 1459,1356 1518,1355 1577,1354 1636,1353 1695,1353 1754,1352"/>
                <TextEquiv>
                    <Unicode>Verbindung zwischen gewissen Ausdrucksformen des Witzes</Unicode>
                </TextEquiv>
            </TextLine>
            <TextLine id="r1l27" custom="readingOrder {index:26;}">
                <Coords points="569,1420 1678,1420 1748,1367 569,1376"/>
                <Baseline points="577,1415 635,1414 693,1414 751,1413 809,1412 867,1411 925,1411 984,1410 1042,1409 1100,1409 1158,1408 1216,1407 1274,1406 1332,1406 1391,1405 1449,1405 1507,1404 1565,1403 1623,1403 1681,1402 1740,1402"/>
                <TextEquiv>
                    <Unicode>und der unbewußten Bedeutung zwangsneurotischer Sym¬</Unicode>
                </TextEquiv>
            </TextLine>
            <TextLine id="r1l28" custom="readingOrder {index:27;}">
                <Coords points="564,1458 1609,1468 1747,1421 564,1427"/>
                <Baseline points="571,1462 629,1461 687,1460 746,1460 804,1459 863,1458 921,1457 980,1457 1038,1456 1097,1455 1155,1454 1213,1453 1272,1453 1330,1452 1389,1451 1447,1451 1506,1450 1564,1450 1623,1450 1681,1449 1740,1449"/>
                <TextEquiv>
                    <Unicode>ptome. Die Darstellung durch das Gegenteil und die Ueber¬</Unicode>
                </TextEquiv>
            </TextLine>
            <TextLine id="r1l29" custom="readingOrder {index:28;}">
                <Coords points="569,1492 619,1524 1038,1528 1751,1496 1750,1446 569,1476"/>
                <Baseline points="576,1507 634,1507 692,1508 751,1508 809,1508 867,1507 926,1507 984,1506 1042,1505 1101,1505 1159,1504 1217,1503 1276,1502 1334,1501 1392,1501 1451,1500 1509,1499 1567,1499 1626,1499 1684,1499 1743,1499"/>
                <TextEquiv>
                    <Unicode>treibung, der latente Hohn, der sich zur Aeußerung zumeist</Unicode>
                </TextEquiv>
            </TextLine>
            <TextLine id="r1l30" custom="readingOrder {index:29;}">
                <Coords points="571,1542 630,1574 1720,1563 1754,1520 570,1511"/>
                <Baseline points="578,1558 636,1557 694,1556 753,1555 811,1554 870,1554 928,1553 987,1553 1045,1552 1104,1551 1162,1550 1220,1550 1279,1549 1337,1549 1396,1548 1454,1548 1513,1548 1571,1547 1630,1547 1688,1547 1747,1547"/>
                <TextEquiv>
                    <Unicode>der Anspielung bedient, endlich die aggressiven Triebimpulse,</Unicode>
                </TextEquiv>
            </TextLine>
            <TextLine id="r1l31" custom="readingOrder {index:30;}">
                <Coords points="579,1609 1751,1595 1750,1562 1678,1553 578,1566"/>
                <Baseline points="586,1608 643,1607 701,1606 759,1605 817,1604 875,1603 933,1602 990,1601 1048,1600 1106,1600 1164,1599 1222,1599 1280,1598 1338,1597 1395,1597 1453,1596 1511,1595 1569,1594 1627,1593 1685,1592 1743,1591"/>
                <TextEquiv>
                    <Unicode>sind Züge, die beispielsweise den Zwangsgedanken und der</Unicode>
                </TextEquiv>
            </TextLine>
            <TextLine id="r1l32" custom="readingOrder {index:31;}">
                <Coords points="569,1641 1495,1664 1755,1651 1755,1601 569,1616"/>
                <Baseline points="576,1656 634,1655 693,1653 751,1652 810,1651 869,1650 927,1649 986,1649 1044,1648 1103,1648 1162,1647 1220,1647 1279,1646 1337,1646 1396,1646 1455,1646 1513,1645 1572,1645 1630,1645 1689,1644 1748,1644"/>
                <TextEquiv>
                    <Unicode>dem Witz denachbarten Ironie gemeinsam sind. Eine noch</Unicode>
                </TextEquiv>
            </TextLine>
            <TextLine id="r1l33" custom="readingOrder {index:32;}">
                <Coords points="578,1702 1750,1692 1750,1657 1528,1640 578,1656"/>
                <Baseline points="586,1704 643,1702 701,1700 759,1698 817,1696 875,1695 933,1695 990,1694 1048,1693 1106,1693 1164,1693 1222,1693 1280,1693 1338,1693 1395,1693 1453,1693 1511,1692 1569,1692 1627,1692 1685,1691 1743,1691"/>
                <TextEquiv>
                    <Unicode>schärfere Ausdrucksart als die Ironie ist der Sarkasmus</Unicode>
                </TextEquiv>
            </TextLine>
            <TextLine id="r1l34" custom="readingOrder {index:33;}">
                <Coords points="585,1767 1624,1752 1739,1739 1739,1704 585,1718"/>
                <Baseline points="593,1751 649,1750 706,1747 763,1746 820,1745 877,1744 934,1743 991,1743 1048,1743 1105,1742 1162,1742 1218,1742 1275,1742 1332,1742 1389,1742 1446,1741 1503,1740 1560,1739 1617,1738 1674,1736 1731,1734"/>
                <TextEquiv>
                    <Unicode>(das Wort leitet sich von dem griechischen sarkazo —</Unicode>
                </TextEquiv>
            </TextLine>
            <TextLine id="r1l35" custom="readingOrder {index:34;}">
                <Coords points="579,1795 1674,1801 1755,1747 579,1771"/>
                <Baseline points="586,1800 644,1798 702,1796 760,1795 818,1794 876,1793 934,1793 992,1792 1050,1791 1108,1791 1167,1790 1225,1790 1283,1790 1341,1789 1399,1789 1457,1788 1515,1788 1573,1787 1631,1786 1689,1786 1748,1784"/>
                <TextEquiv>
                    <Unicode>„ich zerfleische“ her). Reik bezeichnet ihn als den typischen</Unicode>
                </TextEquiv>
            </TextLine>
            <TextLine id="r1l36" custom="readingOrder {index:35;}">
                <Coords points="581,1844 1680,1853 1749,1803 580,1804"/>
                <Baseline points="588,1845 645,1844 703,1843 761,1842 818,1841 876,1840 934,1839 991,1839 1049,1838 1107,1837 1165,1837 1222,1837 1280,1836 1338,1836 1395,1835 1453,1835 1511,1834 1568,1834 1626,1833 1684,1832 1742,1832"/>
                <TextEquiv>
                    <Unicode>Ausdruck des Wortkannibalismus und erinnert bei dieser</Unicode>
                </TextEquiv>
            </TextLine>
            <TextLine id="r1l37" custom="readingOrder {index:36;}">
                <Coords points="582,1897 1752,1877 1697,1837 582,1845"/>
                <Baseline points="590,1892 647,1891 705,1891 763,1890 821,1889 878,1889 936,1888 994,1887 1052,1887 1109,1886 1167,1886 1225,1885 1283,1884 1340,1884 1398,1883 1456,1883 1514,1882 1571,1882 1629,1881 1687,1881 1745,1880"/>
                <TextEquiv>
                    <Unicode>Gelegenheit an die sarkastischen Reden Shylocks, der ein</Unicode>
                </TextEquiv>
            </TextLine>
            <TextLine id="r1l38" custom="readingOrder {index:37;}">
                <Coords points="568,1945 1758,1951 1757,1860 1694,1899 568,1907"/>
                <Baseline points="576,1941 634,1940 693,1939 752,1938 810,1938 869,1937 928,1936 986,1936 1045,1935 1104,1934 1163,1934 1221,1933 1280,1933 1339,1932 1397,1931 1456,1931 1515,1930 1573,1929 1632,1929 1691,1928 1750,1927"/>
                <TextEquiv>
                    <Unicode>volles Pfund Fleisch aus seines Schuldners Leib zu schneiden</Unicode>
                </TextEquiv>
            </TextLine>
            <TextLine id="r1l39" custom="readingOrder {index:38;}">
                <Coords points="578,1986 1757,1971 1756,1926 578,1949"/>
                <Baseline points="586,1986 644,1985 702,1985 760,1984 818,1984 876,1983 934,1983 993,1982 1051,1981 1109,1981 1167,1980 1225,1979 1283,1979 1341,1978 1400,1977 1458,1976 1516,1976 1574,1975 1632,1974 1690,1974 1749,1973"/>
                <TextEquiv>
                    <Unicode>begehrt. Von dem analytischen Autor darüber belehrt, welchen</Unicode>
                </TextEquiv>
            </TextLine>
            <TextLine id="r1l40" custom="readingOrder {index:39;}">
                <Coords points="584,2036 1691,2037 1750,1979 584,2002"/>
                <Baseline points="592,2034 649,2034 707,2033 764,2033 822,2032 879,2032 937,2031 994,2030 1052,2030 1109,2029 1167,2029 1225,2028 1282,2027 1340,2026 1397,2026 1455,2025 1512,2024 1570,2024 1627,2023 1685,2022 1743,2022"/>
                <TextEquiv>
                    <Unicode>Einfluß ehemalige, tiefverdrängte Regungen und Denk¬</Unicode>
                </TextEquiv>
            </TextLine>
            <TextLine id="r1l41" custom="readingOrder {index:40;}">
                <Coords points="578,2086 1752,2069 1671,2027 578,2049"/>
                <Baseline points="586,2084 647,2083 708,2082 769,2081 830,2080 891,2079 952,2079 1013,2078 1074,2077 1135,2077 1196,2076 1257,2076 1318,2075 1379,2075 1440,2075 1501,2074 1562,2074 1623,2073 1684,2073 1745,2073"/>
                <TextEquiv>
                    <Unicode>weisen auf das Zustandekommen der komischen Lust haben,</Unicode>
                </TextEquiv>
            </TextLine>
            <TextLine id="r1l42" custom="readingOrder {index:41;}">
                <Coords points="583,2142 1614,2138 1719,2130 1748,2084 582,2103"/>
                <Baseline points="590,2131 647,2130 705,2129 762,2128 820,2128 877,2127 935,2127 992,2127 1050,2127 1107,2126 1165,2126 1223,2126 1280,2125 1338,2125 1395,2124 1453,2124 1510,2123 1568,2122 1625,2121 1683,2120 1741,2118"/>
                <TextEquiv>
                    <Unicode>werden wir auch nicht erstannt sein, zu hören, daß das</Unicode>
                </TextEquiv>
            </TextLine>
            <TextLine id="r1l43" custom="readingOrder {index:42;}">
                <Coords points="585,2190 1755,2165 1567,2124 584,2145"/>
                <Baseline points="592,2177 649,2177 707,2176 765,2176 823,2176 881,2176 938,2175 996,2175 1054,2174 1112,2174 1170,2173 1227,2172 1285,2172 1343,2171 1401,2170 1459,2170 1516,2169 1574,2168 1632,2167 1690,2167 1748,2166"/>
                <TextEquiv>
                    <Unicode>Kindische, welches der Erwachsene in scherzhaften oder</Unicode>
                </TextEquiv>
            </TextLine>
            <TextLine id="r1l44" custom="readingOrder {index:43;}">
                <Coords points="585,2234 1760,2220 1759,2180 1684,2172 585,2193"/>
                <Baseline points="592,2227 650,2225 708,2225 766,2224 824,2223 882,2222 940,2222 998,2221 1056,2221 1114,2221 1172,2220 1230,2220 1288,2220 1346,2220 1404,2219 1462,2219 1520,2218 1578,2218 1636,2217 1694,2216 1753,2215"/>
                <TextEquiv>
                    <Unicode>scherzhaft sein sollenden Gebilden künstlich produziert, eine</Unicode>
                </TextEquiv>
            </TextLine>
            <TextLine id="r1l45" custom="readingOrder {index:44;}">
                <Coords points="584,2273 1625,2286 1758,2229 584,2234"/>
                <Baseline points="592,2273 653,2273 714,2272 775,2271 836,2271 897,2270 958,2270 1019,2270 1080,2269 1141,2269 1202,2269 1263,2269 1324,2268 1385,2268 1446,2267 1507,2267 1568,2266 1629,2265 1690,2264 1751,2263"/>
                <TextEquiv>
                    <Unicode>Erweckung jenes Kindlichen bedeutet, das auf dem</Unicode>
                </TextEquiv>
            </TextLine>
            <TextLine id="r1l46" custom="readingOrder {index:45;}">
                <Coords points="576,2314 1763,2339 1762,2246 1631,2281 576,2290"/>
                <Baseline points="584,2321 642,2321 701,2320 759,2320 818,2320 876,2319 935,2319 993,2318 1052,2318 1110,2317 1169,2317 1228,2316 1286,2315 1345,2315 1403,2314 1462,2313 1520,2313 1579,2312 1637,2311 1696,2310 1755,2309"/>
                <TextEquiv>
                    <Unicode>Grunde unseres Wesens bloß schläft („Das Kindliche und</Unicode>
                </TextEquiv>
            </TextLine>
            <TextLine id="r1l47" custom="readingOrder {index:46;}">
                <Coords points="573,2374 1091,2381 1152,2364 1151,2324 714,2323 572,2345"/>
                <Baseline points="580,2366 608,2367 636,2368 664,2368 693,2368 721,2369 749,2369 777,2369 806,2368 834,2368 862,2368 890,2367 919,2366 947,2366 975,2365 1003,2365 1032,2364 1060,2364 1088,2363 1116,2363 1145,2363"/>
                <TextEquiv>
                    <Unicode>das Kindische in der Komik“</Unicode>
                </TextEquiv>
            </TextLine>
            <TextLine id="r1l48" custom="readingOrder {index:47;}">
                <Coords points="674,2414 1752,2409 1737,2353 674,2372"/>
                <Baseline points="682,2414 735,2414 788,2414 841,2414 894,2413 947,2413 1000,2413 1053,2413 1106,2413 1159,2413 1213,2413 1266,2412 1319,2412 1372,2412 1425,2412 1478,2411 1531,2411 1584,2411 1637,2410 1690,2410 1744,2410"/>
                <TextEquiv>
                    <Unicode>Die Untersuchung des Witzes durch Freud hat nicht</Unicode>
                </TextEquiv>
            </TextLine>
            <TextLine id="r1l49" custom="readingOrder {index:48;}">
                <Coords points="587,2463 1755,2458 1745,2406 587,2434"/>
                <Baseline points="594,2464 651,2464 709,2463 766,2463 824,2463 882,2463 939,2462 997,2462 1055,2462 1112,2462 1170,2462 1228,2461 1285,2461 1343,2460 1401,2460 1458,2459 1516,2459 1574,2458 1631,2457 1689,2456 1747,2454"/>
                <TextEquiv>
                    <Unicode>nur ergeben, daß wir eigentlich nicht wissen, worüber wir</Unicode>
                </TextEquiv>
            </TextLine>
            <TextLine id="r1l50" custom="readingOrder {index:49;}">
                <Coords points="587,2520 1636,2520 1758,2506 1758,2471 586,2463"/>
                <Baseline points="594,2513 651,2513 709,2512 767,2511 825,2511 883,2510 941,2510 998,2510 1056,2510 1114,2510 1172,2510 1230,2509 1288,2509 1346,2509 1403,2508 1461,2508 1519,2507 1577,2506 1635,2505 1693,2504 1751,2502"/>
                <TextEquiv>
                    <Unicode>lachen, sondern auch, daß wir nicht wissen, wodurch wir</Unicode>
                </TextEquiv>
            </TextLine>
            <TextLine id="r1l51" custom="readingOrder {index:50;}">
                <Coords points="587,2562 1483,2577 1761,2540 1658,2507 586,2521"/>
                <Baseline points="594,2562 652,2561 710,2560 768,2559 826,2558 884,2558 942,2557 1000,2557 1058,2556 1116,2556 1174,2556 1232,2556 1290,2556 1348,2555 1406,2555 1464,2555 1522,2555 1580,2554 1638,2554 1696,2553 1754,2553"/>
                <TextEquiv>
                    <Unicode>andere zum Lachen bringen. In einem Aufsatz „Der Witz,</Unicode>
                </TextEquiv>
            </TextLine>
            <TextLine id="r1l52" custom="readingOrder {index:51;}">
                <Coords points="577,2616 1594,2621 1705,2610 1757,2557 576,2570"/>
                <Baseline points="584,2612 642,2611 700,2610 758,2609 817,2608 875,2608 933,2607 992,2606 1050,2606 1108,2605 1167,2605 1225,2604 1283,2603 1341,2603 1400,2602 1458,2601 1516,2600 1575,2598 1633,2597 1691,2595 1750,2593"/>
                <TextEquiv>
                    <Unicode>im Versprechen“ beschäftigt sich nun Reik mit einem bis¬</Unicode>
                </TextEquiv>
            </TextLine>
            <TextLine id="r1l53" custom="readingOrder {index:52;}">
                <Coords points="589,2657 1759,2647 1719,2605 1436,2597 589,2620"/>
                <Baseline points="596,2660 653,2659 711,2658 769,2657 827,2656 885,2655 942,2654 1000,2653 1058,2652 1116,2651 1174,2650 1231,2649 1289,2648 1347,2648 1405,2648 1463,2647 1520,2647 1578,2648 1636,2648 1694,2649 1752,2650"/>
                <TextEquiv>
                    <Unicode>weilen zu beobachlenden Sonderfall: wir wissen nicht einmal,</Unicode>
                </TextEquiv>
            </TextLine>
            <TextLine id="r1l54" custom="readingOrder {index:53;}">
                <Coords points="584,2711 1724,2711 1763,2655 584,2676"/>
                <Baseline points="592,2706 650,2705 708,2705 766,2704 824,2703 883,2702 941,2701 999,2701 1057,2700 1115,2700 1174,2699 1232,2698 1290,2698 1348,2698 1406,2697 1465,2697 1523,2697 1581,2696 1639,2696 1697,2696 1756,2696"/>
                <TextEquiv>
                    <Unicode>daß wir andere lachen machen. Ein Beispiel für ein solches</Unicode>
                </TextEquiv>
            </TextLine>
            <TextLine id="r1l55" custom="readingOrder {index:54;}">
                <Coords points="577,2739 698,2773 1768,2747 1767,2698 576,2708"/>
                <Baseline points="585,2757 643,2755 702,2754 761,2753 820,2752 878,2752 937,2751 996,2751 1055,2750 1113,2750 1172,2749 1231,2749 1290,2748 1348,2748 1407,2747 1466,2746 1525,2744 1583,2742 1642,2741 1701,2739 1760,2736"/>
                <TextEquiv>
                    <Unicode>witziges Versprechen bot sich ihm während der psycho¬</Unicode>
                </TextEquiv>
            </TextLine>
            <TextLine id="r1l56" custom="readingOrder {index:55;}">
                <Coords points="580,2793 1677,2808 1759,2758 580,2762"/>
                <Baseline points="588,2804 646,2803 704,2802 762,2801 820,2800 879,2799 937,2798 995,2798 1053,2797 1111,2797 1170,2796 1228,2795 1286,2795 1344,2794 1402,2794 1461,2793 1519,2793 1577,2793 1635,2792 1693,2792 1752,2791"/>
                <TextEquiv>
                    <Unicode>analytischen Kur, als eine Patientin, die in Gesellschaft</Unicode>
                </TextEquiv>
            </TextLine>
            <TextLine id="r1l57" custom="readingOrder {index:56;}">
                <Coords points="593,2860 1716,2855 1766,2822 1765,2776 1646,2812 592,2809"/>
                <Baseline points="600,2853 657,2852 715,2851 773,2850 831,2849 889,2848 947,2847 1005,2847 1063,2846 1121,2845 1179,2845 1236,2844 1294,2844 1352,2843 1410,2842 1468,2842 1526,2841 1584,2840 1642,2840 1700,2839 1758,2838"/>
                <TextEquiv>
                    <Unicode>die jetzige Frau eines von ihr einst und unbewußt</Unicode>
                </TextEquiv>
            </TextLine>
            <TextLine id="r1l58" custom="readingOrder {index:57;}">
                <Coords points="590,2911 1203,2879 1722,2905 1753,2858 590,2860"/>
                <Baseline points="598,2900 655,2899 712,2899 770,2897 827,2897 885,2896 942,2895 999,2894 1057,2894 1114,2893 1172,2892 1229,2892 1286,2891 1344,2891 1401,2890 1459,2890 1516,2890 1573,2890 1631,2890 1688,2890 1746,2890"/>
                <TextEquiv>
                    <Unicode>wohl noch immer geliebten Mannes getroffen hatte,</Unicode>
                </TextEquiv>
            </TextLine>
            <TextLine id="r1l59" custom="readingOrder {index:58;}">
                <Coords points="592,2948 1764,2932 1763,2891 1625,2888 592,2910"/>
                <Baseline points="600,2945 657,2945 715,2945 773,2945 831,2945 889,2944 947,2944 1004,2943 1062,2943 1120,2942 1178,2941 1236,2940 1294,2940 1352,2939 1409,2938 1467,2937 1525,2936 1583,2935 1641,2934 1699,2933 1757,2932"/>
                <TextEquiv>
                    <Unicode>ihren Eindruck in nachstehenden Worten zusammenfaßte:</Unicode>
                </TextEquiv>
            </TextLine>
            <TextLine id="r1l60" custom="readingOrder {index:59;}">
                <Coords points="591,2996 1633,3003 1763,2995 1763,2948 591,2971"/>
                <Baseline points="598,2992 655,2992 713,2992 771,2992 829,2991 887,2991 945,2991 1002,2990 1060,2989 1118,2989 1176,2988 1234,2987 1292,2986 1350,2986 1407,2985 1465,2984 1523,2983 1581,2983 1639,2982 1697,2981 1755,2981"/>
                <TextEquiv>
                    <Unicode>„Sie ist so häßlich, daß einem das Herz im</Unicode>
                </TextEquiv>
            </TextLine>
            <TextLine id="r1l61" custom="readingOrder {index:60;}">
                <Coords points="595,3038 1739,3045 1759,2988 594,3001"/>
                <Baseline points="602,3040 659,3039 716,3038 774,3037 831,3036 889,3036 946,3035 1004,3035 1061,3034 1119,3034 1176,3033 1233,3033 1291,3033 1348,3032 1406,3032 1463,3031 1521,3030 1578,3030 1636,3029 1693,3028 1751,3028"/>
                <TextEquiv>
                    <Unicode>Leibe lacht.“ Eigentlich hatte sie sagen wollen: „daß</Unicode>
                </TextEquiv>
            </TextLine>
            <TextLine id="r1l62" custom="readingOrder {index:61;}">
                <Coords points="594,3085 1766,3068 1765,3020 594,3055"/>
                <Baseline points="602,3085 659,3085 717,3084 775,3084 833,3083 891,3083 949,3082 1006,3082 1064,3081 1122,3081 1180,3080 1238,3080 1296,3079 1354,3078 1411,3078 1469,3077 1527,3076 1585,3076 1643,3075 1701,3074 1759,3073"/>
                <TextEquiv>
                    <Unicode>einem das Herz im Leib erstarrt.“ Reik analysiert den</Unicode>
                </TextEquiv>
            </TextLine>
            <TextLine id="r1l63" custom="readingOrder {index:62;}">
                <Coords points="598,3134 1752,3125 1714,3081 598,3086"/>
                <Baseline points="606,3131 665,3130 725,3128 785,3128 845,3127 905,3126 965,3126 1025,3126 1085,3125 1145,3125 1205,3125 1265,3125 1325,3124 1385,3124 1445,3124 1505,3123 1565,3122 1625,3121 1685,3120 1745,3119"/>
                <TextEquiv>
                    <Unicode>latenten Sinn dieses Versprechens und erörtert anschließend,</Unicode>
                </TextEquiv>
            </TextLine>
            <TextLine id="r1l64" custom="readingOrder {index:63;}">
                <Coords points="597,3195 1763,3166 1762,3119 597,3149"/>
                <Baseline points="605,3176 662,3176 720,3175 777,3175 835,3174 892,3174 950,3174 1007,3174 1065,3174 1122,3173 1180,3173 1237,3173 1295,3173 1352,3172 1410,3172 1467,3171 1525,3170 1582,3169 1640,3168 1697,3167 1755,3165"/>
                <TextEquiv>
                    <Unicode>was die beiden psychischen Mechanismen des Versprechens</Unicode>
                </TextEquiv>
            </TextLine>
            <TextLine id="r1l65" custom="readingOrder {index:64;}">
                <Coords points="603,3223 1770,3231 1770,3169 603,3195"/>
                <Baseline points="611,3223 668,3223 726,3223 783,3223 841,3222 899,3222 956,3222 1014,3221 1071,3221 1129,3220 1187,3220 1244,3219 1302,3219 1359,3218 1417,3217 1475,3216 1532,3216 1590,3215 1647,3214 1705,3213 1763,3212"/>
                <TextEquiv>
                    <Unicode>und der Witzbildung trennt und verbindet. In dem folgenden</Unicode>
                </TextEquiv>
            </TextLine>
            <TextLine id="r1l66" custom="readingOrder {index:65;}">
                <Coords points="602,3278 1762,3252 1711,3218 602,3232"/>
                <Baseline points="610,3269 667,3269 724,3269 781,3269 838,3269 896,3268 953,3268 1010,3268 1067,3267 1124,3267 1182,3266 1239,3266 1296,3265 1353,3265 1410,3264 1468,3263 1525,3262 1582,3261 1639,3260 1696,3259 1754,3258"/>
                <TextEquiv>
                    <Unicode>Abschnitt untersucht unser Autor in aufschlußreicher Weise</Unicode>
                </TextEquiv>
            </TextLine>
            <TextLine id="r1l67" custom="readingOrder {index:66;}">
                <Coords points="601,3318 1767,3311 1766,3256 601,3279"/>
                <Baseline points="608,3317 665,3317 723,3317 780,3317 838,3317 896,3316 953,3316 1011,3316 1068,3315 1126,3315 1184,3314 1241,3314 1299,3313 1356,3312 1414,3312 1472,3311 1529,3310 1587,3309 1644,3308 1702,3307 1760,3306"/>
                <TextEquiv>
                    <Unicode>das Lachen, dessen man sich nach Anhörung eines schlechten</Unicode>
                </TextEquiv>
            </TextLine>
            <TextLine id="r1l68" custom="readingOrder {index:67;}">
                <Coords points="606,3366 1630,3373 1767,3360 1767,3311 605,3322"/>
                <Baseline points="614,3364 671,3364 728,3364 785,3364 843,3364 900,3364 957,3364 1015,3363 1072,3363 1129,3362 1187,3362 1244,3361 1301,3360 1358,3359 1416,3358 1473,3358 1530,3357 1588,3356 1645,3355 1702,3354 1760,3353"/>
                <TextEquiv>
                    <Unicode>Witzes schämt, ferner den Glauben an die „Allmacht der</Unicode>
                </TextEquiv>
            </TextLine>
            <TextLine id="r1l69" custom="readingOrder {index:68;}">
                <Coords points="606,3416 1763,3413 1763,3368 1717,3359 606,3367"/>
                <Baseline points="614,3408 671,3409 728,3409 785,3409 842,3409 899,3409 956,3409 1013,3408 1070,3408 1127,3407 1185,3407 1242,3406 1299,3405 1356,3405 1413,3404 1470,3403 1527,3402 1584,3402 1641,3402 1698,3401 1756,3401"/>
                <TextEquiv>
                    <Unicode>Gedanken“ im Witz und die Psychologie wider Willen, die</Unicode>
                </TextEquiv>
            </TextLine>
            <TextLine id="r1l70" custom="readingOrder {index:69;}">
                <Coords points="609,3467 1768,3450 1728,3407 609,3421"/>
                <Baseline points="616,3456 673,3456 730,3455 787,3455 844,3454 902,3454 959,3454 1016,3454 1073,3453 1130,3453 1188,3453 1245,3453 1302,3452 1359,3452 1416,3452 1474,3451 1531,3451 1588,3450 1645,3449 1702,3449 1760,3448"/>
                <TextEquiv>
                    <Unicode>sich in dem gelegentlichen witzigen Ausspruch eines sonst</Unicode>
                </TextEquiv>
            </TextLine>
            <TextLine id="r1l71" custom="readingOrder {index:70;}">
                <Coords points="612,3517 1656,3509 1769,3493 1769,3449 612,3468"/>
                <Baseline points="620,3501 677,3501 734,3501 791,3501 848,3501 905,3501 962,3500 1019,3500 1076,3500 1133,3500 1190,3500 1247,3499 1304,3499 1361,3498 1418,3498 1475,3497 1532,3497 1589,3496 1646,3495 1703,3494 1761,3493"/>
                <TextEquiv>
                    <Unicode>psychologisch verständnislosen Menschen verrät. Zwei Studien</Unicode>
                </TextEquiv>
            </TextLine>
            <TextLine id="r1l72" custom="readingOrder {index:71;}">
                <Coords points="610,3555 1768,3546 1768,3515 1685,3500 610,3515"/>
                <Baseline points="618,3550 675,3551 732,3551 789,3550 846,3550 903,3549 960,3549 1018,3548 1075,3547 1132,3546 1189,3545 1246,3544 1303,3543 1360,3542 1418,3542 1475,3541 1532,3541 1589,3540 1646,3540 1703,3541 1761,3541"/>
                <TextEquiv>
                    <Unicode>über „Ueberraschung und Auslassung“ und über die für den</Unicode>
                </TextEquiv>
            </TextLine>
            <TextLine id="r1l73" custom="readingOrder {index:72;}">
                <Coords points="607,3615 1765,3605 1765,3553 1097,3546 906,3582 606,3553"/>
                <Baseline points="614,3597 671,3597 728,3597 785,3596 842,3596 900,3595 957,3595 1014,3594 1071,3594 1128,3593 1186,3592 1243,3592 1300,3591 1357,3590 1414,3589 1472,3589 1529,3588 1586,3587 1643,3587 1700,3586 1758,3586"/>
                <TextEquiv>
                    <Unicode>jüdischen Witz überhaupt charakteristische besondere Art</Unicode>
                </TextEquiv>
            </TextLine>
            <TextLine id="r1l74" custom="readingOrder {index:73;}">
                <Coords points="606,3651 1598,3656 1741,3648 1760,3604 606,3612"/>
                <Baseline points="614,3641 673,3641 733,3642 793,3643 853,3643 913,3643 973,3642 1033,3642 1093,3641 1153,3641 1213,3640 1273,3639 1333,3638 1393,3637 1453,3636 1513,3635 1573,3634 1633,3634 1693,3633 1753,3632"/>
                <TextEquiv>
                    <Unicode>von Intimität („Die Intimität im Judenwitz“) beschließen</Unicode>
                </TextEquiv>
            </TextLine>
            <TextLine id="r1l75" custom="readingOrder {index:74;}">
                <Coords points="609,3710 1703,3695 1766,3650 609,3651"/>
                <Baseline points="616,3688 673,3689 730,3689 787,3689 844,3690 901,3689 958,3689 1016,3688 1073,3688 1130,3687 1187,3686 1244,3685 1301,3685 1358,3684 1416,3683 1473,3682 1530,3682 1587,3681 1644,3681 1701,3681 1759,3681"/>
                <TextEquiv>
                    <Unicode>diese Aufsatzfolge. Die erstgenannte Arbeit greift einleitend</Unicode>
                </TextEquiv>
            </TextLine>
            <TextLine id="r1l76" custom="readingOrder {index:75;}">
                <Coords points="602,3745 1730,3749 1771,3703 602,3704"/>
                <Baseline points="609,3737 666,3737 724,3736 782,3736 839,3736 897,3735 955,3735 1012,3734 1070,3734 1128,3733 1186,3733 1243,3732 1301,3731 1359,3731 1416,3731 1474,3730 1532,3730 1589,3730 1647,3730 1705,3731 1763,3731"/>
                <TextEquiv>
                    <Unicode>auf eine von Reik schon früher entwickelte These zurück, daß</Unicode>
                </TextEquiv>
            </TextLine>
            <TextLine id="r1l77" custom="readingOrder {index:76;}">
                <Coords points="612,3790 1550,3793 1729,3783 1775,3729 612,3744"/>
                <Baseline points="620,3785 677,3784 734,3783 792,3782 849,3782 907,3781 964,3781 1021,3781 1079,3781 1136,3780 1194,3780 1251,3780 1308,3780 1366,3779 1423,3779 1481,3778 1538,3777 1595,3776 1653,3775 1710,3773 1768,3771"/>
                <TextEquiv>
                    <Unicode>der Witz anfangs eine alte unbewußte Angst in ihrem Aus¬</Unicode>
                </TextEquiv>
            </TextLine>
            <TextLine id="r1l78" custom="readingOrder {index:77;}">
                <Coords points="613,3834 1649,3841 1761,3818 1761,3779 613,3790"/>
                <Baseline points="620,3831 676,3830 733,3829 790,3829 846,3828 903,3828 960,3827 1016,3827 1073,3826 1130,3826 1187,3826 1243,3826 1300,3825 1357,3825 1413,3824 1470,3824 1527,3823 1583,3823 1640,3822 1697,3821 1754,3820"/>
                <TextEquiv>
                    <Unicode>druck als Schrecken künstlich wiederbringt, um sie durch Er¬</Unicode>
                </TextEquiv>
            </TextLine>
            <TextLine id="r1l79" custom="readingOrder {index:78;}">
                <Coords points="611,3892 1723,3886 1769,3840 610,3838"/>
                <Baseline points="618,3876 675,3876 732,3875 789,3875 846,3874 903,3874 960,3874 1018,3873 1075,3873 1132,3873 1189,3872 1246,3872 1303,3872 1360,3871 1418,3871 1475,3870 1532,3870 1589,3869 1646,3868 1703,3868 1761,3867"/>
                <TextEquiv>
                    <Unicode>kenntnis ihrer Ueberflüssigkeit zu bewältigen und in Lust</Unicode>
                </TextEquiv>
            </TextLine>
            <TextLine id="r1l80" custom="readingOrder {index:79;}">
                <Coords points="606,3936 1192,3905 1645,3935 1767,3883 606,3892"/>
                <Baseline points="613,3925 670,3924 727,3923 785,3922 842,3921 899,3920 957,3919 1014,3918 1071,3917 1129,3916 1186,3915 1243,3914 1301,3913 1358,3913 1415,3913 1473,3913 1530,3913 1587,3913 1645,3914 1702,3915 1760,3916"/>
                <TextEquiv>
                    <Unicode>zu verwandeln. Hier liegt auch der psychothera¬</Unicode>
                </TextEquiv>
            </TextLine>
            <TextLine id="r1l81" custom="readingOrder {index:80;}">
                <Coords points="606,3983 1018,3986 1168,3946 1714,3972 1771,3934 605,3937"/>
                <Baseline points="613,3971 670,3971 728,3970 785,3970 843,3969 900,3969 958,3968 1015,3967 1073,3967 1130,3966 1188,3965 1246,3965 1303,3964 1361,3964 1418,3963 1476,3963 1533,3962 1591,3962 1648,3962 1706,3962 1764,3962"/>
                <TextEquiv>
                    <Unicode>peutische Wert des Witzes, der einen der</Unicode>
                </TextEquiv>
            </TextLine>
            <TextLine id="r1l82" custom="readingOrder {index:81;}">
                <Coords points="606,4028 1730,4029 1775,3969 606,3982"/>
                <Baseline points="614,4029 671,4025 729,4022 787,4020 844,4017 902,4016 960,4014 1017,4013 1075,4012 1133,4012 1191,4011 1248,4011 1306,4011 1364,4011 1421,4012 1479,4012 1537,4012 1594,4013 1652,4013 1710,4014 1768,4014"/>
                <TextEquiv>
                    <Unicode>aualytischen Methode verwandten Erfolg erzielt und sich der</Unicode>
                </TextEquiv>
            </TextLine>
            <TextEquiv>
                <Unicode> 
Richtungen fortgesetzt hat, wovon seine beiden Bücher „Lust
und Leid im Witz“ (Internationaler Psychoanalytischer
Verlag, Wien, 1929) und das im Jahre 1933 unter dem
Titel „Nachdenkliche Heiterkeit“ (ebenda) ver¬
öffentlichte Zeugnis ablegen. In dem ersten Werke versucht
Reik, durch Analyse des einzelnen Witzes und des Witzes
als seelischen Phänomens überhaupt darzulegen, aus welcher
Quelle die unbewußte Lust an ihm herrührt und wieviel
unbewußtes Leid er verheimlicht und gleichzeitig zum Aus¬
druck bringt. Es handelt sich bei der Psychologie des Witzes
eben nicht nur um ästhetische Probleme; seine analytische
Untersuchung ergibt über den besonderen Anlaß hinaus einen
wichtigen Beitrag zur Erforschung des unbewußten Seelen¬
lebens. Auch in dem neuen Buche Reiks, das eine Reihe
kleinerer Arbeiten in „gelockerter Sonatenform“ zusammen¬
fügt, leitet die Analyse der verschiedenartigsten Beispiele aus
dem Reiche des Komischen unmittelbar zur Erkenntnis der
sehr ernsthaften seelischen Hintergründe über, aus denen diese
Heiterkeit erwächst; wir sehen Triebregungen und Arbeits¬
weisen des Unbewußten auch hier als die eigentlich wirksamen
Mächte am Werk. Die Spannweite des Bogens reicht „vom
Witz, der verhöhnt, bis zum Humor, der versöhnt“; sie um¬
faßt auch die beiden verwandten Begriffe der Ironie und
des Sarkasmus. Interessant ist die von Reik aufgezeigte
Verbindung zwischen gewissen Ausdrucksformen des Witzes
und der unbewußten Bedeutung zwangsneurotischer Sym¬
ptome. Die Darstellung durch das Gegenteil und die Ueber¬
treibung, der latente Hohn, der sich zur Aeußerung zumeist
der Anspielung bedient, endlich die aggressiven Triebimpulse,
sind Züge, die beispielsweise den Zwangsgedanken und der
dem Witz denachbarten Ironie gemeinsam sind. Eine noch
schärfere Ausdrucksart als die Ironie ist der Sarkasmus
(das Wort leitet sich von dem griechischen sarkazo —
„ich zerfleische“ her). Reik bezeichnet ihn als den typischen
Ausdruck des Wortkannibalismus und erinnert bei dieser
Gelegenheit an die sarkastischen Reden Shylocks, der ein
volles Pfund Fleisch aus seines Schuldners Leib zu schneiden
begehrt. Von dem analytischen Autor darüber belehrt, welchen
Einfluß ehemalige, tiefverdrängte Regungen und Denk¬
weisen auf das Zustandekommen der komischen Lust haben,
werden wir auch nicht erstannt sein, zu hören, daß das
Kindische, welches der Erwachsene in scherzhaften oder
scherzhaft sein sollenden Gebilden künstlich produziert, eine
Erweckung jenes Kindlichen bedeutet, das auf dem
Grunde unseres Wesens bloß schläft („Das Kindliche und
das Kindische in der Komik“
Die Untersuchung des Witzes durch Freud hat nicht
nur ergeben, daß wir eigentlich nicht wissen, worüber wir
lachen, sondern auch, daß wir nicht wissen, wodurch wir
andere zum Lachen bringen. In einem Aufsatz „Der Witz,
im Versprechen“ beschäftigt sich nun Reik mit einem bis¬
weilen zu beobachlenden Sonderfall: wir wissen nicht einmal,
daß wir andere lachen machen. Ein Beispiel für ein solches
witziges Versprechen bot sich ihm während der psycho¬
analytischen Kur, als eine Patientin, die in Gesellschaft
die jetzige Frau eines von ihr einst und unbewußt
wohl noch immer geliebten Mannes getroffen hatte,
ihren Eindruck in nachstehenden Worten zusammenfaßte:
„Sie ist so häßlich, daß einem das Herz im
Leibe lacht.“ Eigentlich hatte sie sagen wollen: „daß
einem das Herz im Leib erstarrt.“ Reik analysiert den
latenten Sinn dieses Versprechens und erörtert anschließend,
was die beiden psychischen Mechanismen des Versprechens
und der Witzbildung trennt und verbindet. In dem folgenden
Abschnitt untersucht unser Autor in aufschlußreicher Weise
das Lachen, dessen man sich nach Anhörung eines schlechten
Witzes schämt, ferner den Glauben an die „Allmacht der
Gedanken“ im Witz und die Psychologie wider Willen, die
sich in dem gelegentlichen witzigen Ausspruch eines sonst
psychologisch verständnislosen Menschen verrät. Zwei Studien
über „Ueberraschung und Auslassung“ und über die für den
jüdischen Witz überhaupt charakteristische besondere Art
von Intimität („Die Intimität im Judenwitz“) beschließen
diese Aufsatzfolge. Die erstgenannte Arbeit greift einleitend
auf eine von Reik schon früher entwickelte These zurück, daß
der Witz anfangs eine alte unbewußte Angst in ihrem Aus¬
druck als Schrecken künstlich wiederbringt, um sie durch Er¬
kenntnis ihrer Ueberflüssigkeit zu bewältigen und in Lust
zu verwandeln. Hier liegt auch der psychothera¬
peutische Wert des Witzes, der einen der
aualytischen Methode verwandten Erfolg erzielt und sich der</Unicode>
            </TextEquiv>
        </TextRegion>
        <TextRegion orientation="0.0" id="r2" custom="readingOrder {index:1;}">
            <Coords points="1737,151 1737,891 2912,891 2912,151"/>
            <TextLine id="r2l1" custom="readingOrder {index:0;}">
                <Coords points="1741,183 1799,196 1840,183 1889,196 1911,180 1977,195 1996,181 2063,194 2223,185 2223,145 2196,142 1741,145"/>
                <Baseline points="1749,181 1774,179 1800,178 1826,177 1852,176 1878,175 1904,175 1930,175 1956,175 1982,175 2008,175 2034,175 2060,174 2086,174 2112,174 2138,174 2164,173 2190,173 2216,172"/>
                <TextEquiv>
                    <Unicode>   en</Unicode>
                </TextEquiv>
            </TextLine>
            <TextLine id="r2l2" custom="readingOrder {index:1;}">
                <Coords points="1756,236 2846,230 2895,190 1755,184"/>
                <Baseline points="1763,225 1819,224 1875,224 1931,223 1988,223 2044,222 2100,222 2156,221 2213,220 2269,220 2325,219 2381,219 2438,218 2494,218 2550,218 2606,217 2663,217 2719,217 2775,217 2831,217 2888,218"/>
                <TextEquiv>
                    <Unicode>sterben, die Brennpunkte all unseres Denkens und Tuns</Unicode>
                </TextEquiv>
            </TextLine>
            <TextLine id="r2l3" custom="readingOrder {index:2;}">
                <Coords points="1749,285 2807,278 2901,263 2901,224 1749,235"/>
                <Baseline points="1757,272 1813,272 1870,271 1927,271 1984,270 2041,270 2098,269 2154,269 2211,269 2268,268 2325,268 2382,267 2439,267 2496,266 2552,266 2609,265 2666,264 2723,264 2780,263 2837,262 2894,261"/>
                <TextEquiv>
                    <Unicode>sind. Eine Abhandlung über „Humor und Gnade“ bildet</Unicode>
                </TextEquiv>
            </TextLine>
            <TextLine id="r2l4" custom="readingOrder {index:3;}">
                <Coords points="1746,327 2902,305 2901,264 1746,283"/>
                <Baseline points="1753,317 1810,317 1867,316 1924,316 1981,315 2038,315 2095,314 2152,314 2209,314 2266,313 2324,313 2381,312 2438,312 2495,311 2552,311 2609,310 2666,309 2723,309 2780,308 2837,308 2895,307"/>
                <TextEquiv>
                    <Unicode>gleichsam den Schlußakkord des musikalisch komponierten</Unicode>
                </TextEquiv>
            </TextLine>
            <TextLine id="r2l5" custom="readingOrder {index:4;}">
                <Coords points="1750,370 2758,374 2875,359 2898,319 1750,331"/>
                <Baseline points="1758,363 1814,362 1871,361 1927,361 1984,360 2041,360 2097,359 2154,359 2211,359 2267,358 2324,358 2381,358 2437,357 2494,357 2551,357 2607,357 2664,356 2721,356 2777,356 2834,356 2891,355"/>
                <TextEquiv>
                    <Unicode>Werkes. Frends Humoruntersuchung wird darin nach einer</Unicode>
                </TextEquiv>
            </TextLine>
            <TextLine id="r2l6" custom="readingOrder {index:5;}">
                <Coords points="1750,413 2849,413 2905,370 1749,370"/>
                <Baseline points="1757,408 1814,408 1871,408 1928,407 1985,407 2042,407 2099,406 2156,405 2213,405 2270,404 2327,404 2384,403 2441,403 2498,402 2555,402 2612,401 2669,401 2726,401 2783,401 2840,401 2897,402"/>
                <TextEquiv>
                    <Unicode>bestimmten Seite fortgeführt. Die humoristische Einstellung,</Unicode>
                </TextEquiv>
            </TextLine>
            <TextLine id="r2l7" custom="readingOrder {index:6;}">
                <Coords points="1745,459 2908,451 2871,408 1745,412"/>
                <Baseline points="1753,457 1810,456 1867,455 1925,454 1982,453 2039,452 2097,451 2154,450 2211,450 2269,449 2326,448 2383,448 2441,447 2498,447 2555,447 2613,446 2670,446 2727,446 2785,446 2842,446 2900,447"/>
                <TextEquiv>
                    <Unicode>die mit einem Lächeln das Schicksal zu besiegen vermag, ist</Unicode>
                </TextEquiv>
            </TextLine>
            <TextLine id="r2l8" custom="readingOrder {index:7;}">
                <Coords points="1750,514 2857,503 2905,456 1749,476"/>
                <Baseline points="1757,504 1814,502 1871,500 1928,499 1985,498 2042,497 2099,496 2156,496 2213,496 2270,495 2327,495 2384,495 2441,495 2498,495 2555,494 2612,494 2669,493 2726,493 2783,491 2840,490 2897,489"/>
                <TextEquiv>
                    <Unicode>gewissermaßen Sache der Gnade. Reik meint, man könnte</Unicode>
                </TextEquiv>
            </TextLine>
            <TextLine id="r2l9" custom="readingOrder {index:8;}">
                <Coords points="1746,562 2831,551 2901,543 2901,512 1746,519"/>
                <Baseline points="1753,547 1810,547 1867,546 1924,546 1981,545 2038,545 2095,544 2152,544 2209,543 2266,542 2323,542 2380,541 2437,541 2494,540 2551,540 2608,540 2665,540 2722,539 2779,540 2836,540 2894,540"/>
                <TextEquiv>
                    <Unicode>den Humor als einen Gnadenakt des Ueber=Ichs, des ver¬</Unicode>
                </TextEquiv>
            </TextLine>
            <TextLine id="r2l10" custom="readingOrder {index:9;}">
                <Coords points="1752,615 2794,583 2729,542 1752,557"/>
                <Baseline points="1759,592 1810,591 1861,591 1913,590 1964,590 2016,590 2067,589 2118,589 2170,589 2221,588 2273,588 2324,588 2375,588 2427,588 2478,588 2530,587 2581,587 2632,587 2684,587 2735,587 2787,587"/>
                <TextEquiv>
                    <Unicode>innerlichten Abkömmlings der Elterninstanz, auffassen.</Unicode>
                </TextEquiv>
            </TextLine>
            <TextLine id="r2l11" custom="readingOrder {index:10;}">
                <Coords points="1832,639 2894,635 2893,604 2815,588 1832,613"/>
                <Baseline points="1840,642 1892,641 1944,640 1996,639 2049,639 2101,638 2153,637 2206,636 2258,636 2310,635 2363,634 2415,634 2467,633 2519,633 2572,632 2624,632 2676,632 2729,632 2781,632 2833,632 2886,633"/>
                <TextEquiv>
                    <Unicode>Für den analytisch Unerfahrenen bildet das Buch sicher¬</Unicode>
                </TextEquiv>
            </TextLine>
            <TextLine id="r2l12" custom="readingOrder {index:11;}">
                <Coords points="1754,699 2868,688 2903,628 1754,647"/>
                <Baseline points="1762,688 1818,687 1875,686 1932,686 1988,685 2045,685 2102,684 2158,684 2215,683 2272,683 2329,683 2385,682 2442,682 2499,682 2555,681 2612,681 2669,681 2725,681 2782,680 2839,680 2896,680"/>
                <TextEquiv>
                    <Unicode>lich keine leichte Lektüre, aber der stoffliche Reiz der dem</Unicode>
                </TextEquiv>
            </TextLine>
            <TextLine id="r2l13" custom="readingOrder {index:12;}">
                <Coords points="1759,746 2904,715 2799,675 1758,698"/>
                <Baseline points="1766,732 1822,732 1879,731 1935,731 1992,731 2048,731 2105,731 2161,730 2218,730 2274,730 2331,729 2387,729 2444,728 2500,727 2557,727 2613,726 2670,725 2726,725 2783,724 2839,723 2896,722"/>
                <TextEquiv>
                    <Unicode>Verfasser verschwenderisch zur Verfügung stehenden Beispiele</Unicode>
                </TextEquiv>
            </TextLine>
            <TextLine id="r2l14" custom="readingOrder {index:13;}">
                <Coords points="1748,786 2911,772 2910,731 2832,727 1748,752"/>
                <Baseline points="1756,782 1813,781 1870,780 1928,780 1985,779 2043,779 2100,778 2157,778 2215,778 2272,778 2330,777 2387,777 2444,776 2502,776 2559,775 2617,775 2674,774 2731,772 2789,771 2846,770 2904,768"/>
                <TextEquiv>
                    <Unicode>aus dem Umkreis des Komischen wird auch jenen fesseln, der</Unicode>
                </TextEquiv>
            </TextLine>
            <TextLine id="r2l15" custom="readingOrder {index:14;}">
                <Coords points="1753,830 2800,840 2919,824 2919,787 1753,796"/>
                <Baseline points="1760,827 1817,826 1875,825 1932,824 1990,824 2048,823 2105,823 2163,822 2220,822 2278,821 2336,821 2393,821 2451,821 2508,820 2566,820 2624,820 2681,820 2739,819 2796,819 2854,819 2912,818"/>
                <TextEquiv>
                    <Unicode>den scharfstunigen Gedankengängen Reiks nicht zu folgen</Unicode>
                </TextEquiv>
            </TextLine>
            <TextLine id="r2l16" custom="readingOrder {index:15;}">
                <Coords points="1730,895 1962,910 2259,894 2258,848 2192,826 1859,847 1729,830"/>
                <Baseline points="1737,881 1762,879 1788,877 1814,876 1839,874 1865,874 1891,873 1916,872 1942,872 1968,871 1994,871 2019,871 2045,871 2071,870 2096,870 2122,870 2148,870 2173,869 2199,869 2225,869 2251,868"/>
                <TextEquiv>
                    <Unicode>[imstande oder gewillt ist.</Unicode>
                </TextEquiv>
            </TextLine>
            <TextEquiv>
                <Unicode>   en
sterben, die Brennpunkte all unseres Denkens und Tuns
sind. Eine Abhandlung über „Humor und Gnade“ bildet
gleichsam den Schlußakkord des musikalisch komponierten
Werkes. Frends Humoruntersuchung wird darin nach einer
bestimmten Seite fortgeführt. Die humoristische Einstellung,
die mit einem Lächeln das Schicksal zu besiegen vermag, ist
gewissermaßen Sache der Gnade. Reik meint, man könnte
den Humor als einen Gnadenakt des Ueber=Ichs, des ver¬
innerlichten Abkömmlings der Elterninstanz, auffassen.
Für den analytisch Unerfahrenen bildet das Buch sicher¬
lich keine leichte Lektüre, aber der stoffliche Reiz der dem
Verfasser verschwenderisch zur Verfügung stehenden Beispiele
aus dem Umkreis des Komischen wird auch jenen fesseln, der
den scharfstunigen Gedankengängen Reiks nicht zu folgen
[imstande oder gewillt ist.</Unicode>
            </TextEquiv>
        </TextRegion>
    </Page>
</PcGts>
