3344 4320
1955 153 2347 222 —
855 223 908 298 0
1495 223 1944 313 box 36/1
152 227 1339 326 1. Panphlets fprints
1202 964 1811 1048 REGENTI ROMANZI TEDESCHI
734 967 850 1044 14
745 1043 2260 1106 Madre terra, ci sia da pretendere qualche cosa di piü. Max Halbe. che
741 1086 2261 1154 presto ha saputo liberarsi dall' influenza su lui esercitata da’ primi
730 1146 2274 1198 drammi dello Hauptmann ed attestare ingegno originale. & tra i giovani
748 1192 2275 1256 su iquali la letteratura tedesca fa assegnamento ed egli non puo man¬
739 1249 1211 1320 care al compito suo.
1459 1365 1563 1435 VI.
827 1473 2264 1544 Se Georg von Ompteda cominció giovanissimo a dimostrare che
740 1538 2261 1594 nel brillante ufficiale dell’esercito era la stoffa di un promettente serit¬
749 1579 2268 1638 tore, la fama e la popolarità di lui, che é vieino ai quarantanni, datano
737 1627 2260 1687 veramente dal 1896, da quel Sylrester von Geyer, cheé un cosi eflicace
746 1676 2258 1735 ritratto della vita militare tedesca. Ma tralasciamo pure le sue prime
738 1725 2267 1790 raccolte liriche, nelle quali ben si rintracciano gli elementi complessi
1373 1782 2260 1842 che formarono le particolarità del deca¬
1369 1823 2260 1878 dentismo francese, pubblicate dopo il 1889.
1359 1875 2272 1926 Tutte le varie raccolte di novelle, i primi
1360 1922 2271 1987 romanzi erano tali da manifestare linge¬
1371 1975 2270 2032 gno originalee da far constatare di volta
1372 2021 2260 2086 in volta come T’evoluzione intellettuale
1368 2084 2260 2133 del soldato che ormai aveva lasciato
1363 2111 2266 2188 definitivamente la spada per ia penna
1375 2158 2229 2232 segnasse una linea sempre ascendente.
1213 2211 1260 2259 733
1463 2206 2268 2288 E proprio qui bisognerebbe lamentare
1379 2260 2274 2323 di nuovo T’assoluta indifferenza nostra
1380 2321 2270 2375 - salvo il caso di pochie rari privilegiati
1380 2358 2264 2421 che viaggiano e sanno viaggiare - verso
1380 2405 2272 2468 la vita e il pensiero del gran popolo che
1384 2468 2272 2521 ci sta vicino e ci é congiunto, oltre che
1377 2506 2272 2575 dal vincolo politico, da unacalda simpatia.
1380 2560 2268 2613 Non parlo, s’intende, di specialisti; gli
887 2587 1269 2664 Georg von Ompteda.
1365 2610 2272 2676 scienziati, gli artisti, i letterati sono in
749 2649 2269 2729 contatto continuo; ma le classi nostre - cosi dette direttrici - vivono
743 2701 2269 2765 nell’ignoranza piü profonda della produzione intellettuale tedesca.
755 2758 2269 2817 Non tocco dell' insegnamento della lingua confinato nei nostri Istituti
742 2802 2268 2860 tecnici! Ma quanti sono gli Istituti di istruzione superiore in cui
750 2853 2279 2912 si tengono corsi di letteratura tedesca? E quando qualche volonteroso
760 2897 2265 2970 si offra di assumerli corre il rischio di sentirsi rispondere che qual¬
754 2958 2273 3016 che regolamento lo vieta. E infatti i regolamenti debbono impedire
759 2997 2273 3054 che un po' d’aria e un po'di vita circolino nelle aule; T’ideale sarebbe
751 3059 2261 3114 che conservassero T’atmosfera di cinquant’anni fa! Peggio ancora se
748 3114 2265 3162 chi sia tanto ardito da far questa domanda non abbia con sé un baga¬
755 3157 2266 3220 glio di fascicoletti in cui le note, ad attestar la diligente ricerca, supe¬
757 3209 1613 3261 rino tre o quattro volte il contributo!
841 3210 2279 3293 Cosl, se non fossero le rassegne - e bisogna convenire chele piu
761 3290 2264 3370 giovani e battagliere son tra le prime ad additare qua e lä ció che
751 3339 2268 3400 sembra meritevole di attenzione nella produzione straniera - i pochiche
748 3409 2274 3451 s’ interessano a sapere cio accade fuori di questo nostro paese riman¬
745 3415 2277 3495 gono alla mercé degli editori. E non sempre essi son guidati da chi
752 3499 2287 3550 sappia scegliere. Dell'Ompteda, per esempio, a notizia mia, non 6 stato
760 3540 2271 3594 tradotto nulla. E a parer mio dovrebbero tradursi Sylvester von Geyer
754 3581 2288 3646 e Eysen, il romanzo del 1900, un libro degno in tutto e per tutto
2184 3888 2268 4039 80
2274 3927 2350 4018 7200
2662 4103 2803 4164 Wn
3271 3266 3325 3325 lte
3272 3315 3351 3377 m
3242 3365 3351 3428 ui 1e
2747 3412 3351 3477 grafia, ma da un pittore d'
2829 3512 3351 3571 (1) Montecarlo. Roman von
2816 3564 3343 3635 (2) Was der Tag mir euträg
