3344 4320
1957 183 2390 250 —
1478 255 1935 350 box 36/1
147 261 1339 353 1. Panphlets, offprints
2290 989 2398 1075 13
1333 1001 1935 1082 REGENTI ROMANZI TEDESCHI
883 1099 2393 1150 sua novella sono certo tra le notevoli produzioni. Fran Berta Garlan (1)
172 1096 409 1161 breve rac¬
872 1129 2382 1202 anzi é la prima narrazione di lunga lena cui si é provato lo Schnitzler.
178 1151 417 1215 stilistiche
877 1184 2379 1245 La trama dell'azione é sottile, quasi trasparente: forse forse sarebbe ba¬
152 1202 412 1273 ittore. Spe¬
881 1238 2396 1301 stata appena per ricamarvi su una novellina psicologica come quelle
869 1269 2386 1340 di eui il Bourget ha dato l'insuperabile modello che da qualche tempo
184 1300 408 1370 e periodo.
876 1324 2383 1396 ripete senza rinnovare. Lo Schnitzler, dando prova di singolare valore
189 1349 423 1414 e pure si
878 1370 2400 1448 artistico, ha esteso la novella sino alle proporzioni di un romanzo. Berta
194 1402 422 1462 to troppa
885 1424 2393 1492 Garlan ha amato in giovinezza un uomo che é poi diventato celehre
192 1452 408 1524 empo per¬
889 1483 2397 1547 come artista; rimasta vedova, vivendo coraggiosamente del proprio
888 1518 2383 1586 lavoro in una oscura cittaduzza di provincia col figliuoletto, vuol con¬
887 1567 2384 1641 cedersi un'ora di gioia nella lunga, monotona esistenza. E con entu¬
887 1626 2382 1678 siasmo giovanile, con l'anima vibrante per l’affetto gelosamente custo¬
885 1673 2384 1725 dito, corre incontro all’ uomo adorato, etorna con T'amarezza in cuore,
893 1715 2397 1786 poiché deve constatare che ció che in lei é stata passione nell’ uomo fu
185 1713 409 1791 che ha lo
883 1774 2393 1827 capriccio, ció che ha formato il filo d’oro nella grigia trama della sua
186 1780 406 1842 isti, lette¬
889 1823 2397 1874 esistenza é stato l’episodio d’un breve istante nella vita dell’artista
288 1829 398 1889 risto¬
214 1836 270 1881 6
896 1869 1165 1947 festeggiato.
328 1883 380 1938 110
980 1889 2397 1975 Tratti piü particolarmente proprii dello Schnitzler io trovo piuttosto
890 1983 2400 2030 nell’altro scritto: Lieutenant Gusti (2), che ha suscitato qualche pole¬
892 2005 2405 2070 mica. II racconto, succinto, nervoso, ha qualità maupassantiane: la
896 2073 2403 2114 scelta del soggetto, lo scorcio efficace, la rapida successione dei moti
891 2102 2402 2170 dell'anima; qualità che lo scrittore viennese ha in comune col maestro
889 2152 2401 2220 francese senza che possa parlarsi di imitazione. In fondo, questo Lien¬
891 2207 2408 2286 tenant Gustlé un monologo: é cio che si leggerebbe in un cervello
900 2240 2408 2328 umano se vi si potesse leggere. Iltenentino Gustavo, rincasando, e stato
896 2296 2406 2369 offeso da un fornaio, un pezzo d’uomo tant’alto e grosso, e non ha
903 2355 2396 2425 potuto reagire. Chiuso nella sua stanza, medita a lungo se debba ucci¬
893 2392 2402 2458 dersi, e ci non tanto per l’offesa nel rapporto diretto tra l’offensoree
904 2442 2413 2514 lui che infine bisogna purdire, per quanto spiaccia il bisticcio, ha dovuto
898 2489 2402 2562 soggiacere à un caso di sforza maggiore. No, il tenente si ucciderebbe
910 2539 2409 2615 perché l’offesa pud esser fatta di pubblica ragione e rendergli impossibile
907 2596 2424 2674 T’esercizio della sua professione. II giovinotto ha dunque risoluto di
913 2638 2414 2718 necidersi, e la novella, seritta bene, svolge con maestria la notte ango¬
904 2693 2404 2752 sciata, etutte le sottigliezze del ragionamento, tutte le delicate sfuma¬
909 2732 2413 2807 ture di sentimento per lequali quest’ uomo e fatalmente condotto a darsi
900 2785 2418 2857 la morte.,. Ma, la mattina dopo, il tenentino Gustavo sa che al bravo
912 2852 2416 2914 fornaio é venuto un colpo apopletico, e poiche T’offesa non ha piü testi¬
247 2858 403 2929 iplicee
904 2886 2416 2954 monii. risparmia a sé stesso il doloroso momento. La trovata c’e, non
281 2916 411 2978 ranza
906 2929 2411 3001 manca lo svolgimento perfetto: solo al lettore riesce difficile, e lo
313 2967 421 3025 iede
913 2993 2413 3051 Schnitzler mi sembra non gli abbia dato elementi sufficienti, per inte¬
376 3012 420 3073 ).
903 3041 2313 3107 ressarsi subito da bel principio al modo di ragionare del militare.
992 3060 2410 3151 Max Halbe (3). la cui fama é pin diffusa come autore drammatico che
904 3120 2416 3212 non come romanziere, ha scritto quest'anno una novellina garbata e
911 3168 2419 3245 gentile. Una storiella d’amore che lo scrittore finge inviatagli mano¬
914 3218 2412 3296 scritta da un'artista la sera avanti il suo suicidio; questo mezzuccio di
906 3272 2424 3354 presentazione nuoce, a parer mio, alla narrazione che per quanto breve e
915 3315 2417 3402 perché breve é miniata e condotta con sentimento e decoro d’arte note¬
922 3393 1174 3467 volissimi.
1006 3409 2433 3499 Ma tutti concordano nel ritenere che dall’autore di Giorinezza, di
307 3506 412 3576 e110-
1011 3518 2433 3616 (1) Fran Berta Garlon. Roman von Akrnok ScnwirzzER. Fischer, Berlin, 1901.
345 3559 443 3626 ina
1011 3579 2436 3658 (2) Zientenant Gustl. Novelle von Akrnuk SchwirzzEn. Fischer, Berlin, 1901.
1005 3622 2438 3715 (3) Ein Meteor.Eine Künstlergeschichte von Max HALRE. Bondi, Berlin 1901.
2896 3836 2945 3893 7
2919 3906 2964 3942 2
2946 3976 3039 4022 N
2940 4054 3053 4096 S SRR
3100 4130 3155 4192 K
2795 4117 2987 4193 K
3192 4094 3234 4133 805
