3392 4352
235 212 510 308 26. 1
519 219 1955 307 Konoedie der VorteZyklus
823 1004 2165 1064 auf diese Weise Leo Walther Stein. „Ich bestehe darauf, daß der
831 1058 2175 1109 Held zum Schluß entweder Hochzeit macht oder vom Teufel geholt wird;
826 1079 2165 1150 da kann man doch beruhigt nach Hause gehen“ behauptet Albertus
821 1144 2170 1205 Rhon. Weder dies noch das geschieht nun allerdings im „Zwischen¬
832 1185 973 1242 spiel“.
969 1188 2173 1262 Aber dank dem vierten Element ging jeder doch beruhigt
829 1228 967 1290 heim.
931 1313 2177 1379 „College Crampton“. Dreiundzwanzig Jahre nach der Premiere,
821 1369 2172 1407 die mit der Premiere von „Fräulein Julie zusammenfiel. Die Komödie
825 1415 2171 1471 konnte damals einen kräftigen Theaterbeifall finden, aber es gab
833 1457 2177 1503 wenige, die sie neben dieser gewaltigen nordländischen Modernität nicht
831 1503 2173 1566 für ein Stück Konvention ansahen und erklärten; zum Teil ihres Er¬
834 1540 2175 1595 folges wegen. Hora ruit. Programme schimmeln, Menschlichkeiten
840 1599 2175 1643 bleiben jung. Heut wirkt dieser Strindberg wie eine Tortur, dieser
834 1642 2183 1685 Hauptmann wie eine Liebkosung. Dort stöhnt und gähnt man; hier
830 1682 2172 1739 weint und lacht man. Es ist eins von den Geheimnissen der meisten
830 1723 2177 1778 Dramen Gerhart Hauptmanns, daß sie mit der zeitlichen Entfernung
830 1773 2170 1819 immer mehr an Leuchtkraft und Lebensfülle gewinnen. Das ist ja ver¬
840 1818 2173 1867 ständlich. Wir haben den kindlich unberechtigten Wunsch, einen Dichter
836 1863 2180 1923 unbeirrt aufsteigen zu sehen. Diese falsche Forderung einer gradlinigen
839 1905 2174 1974 Höherentwicklung — eine Forderung, die uns als schlechte Literar¬
837 1945 2175 2011 historiker erweist — trübt uns von Mal zu Mal den ersten Eindruck
841 2001 2170 2051 einer neuen Dichtung. Der zweite und dritte Eindruck ist gerechter
835 2051 2176 2101 und entscheidender. Heut zwingt „Michael Kramer' den man einst mit
838 2073 2164 2134 Lust verhöhnt hat, jeden in die Knie (und es ist erstaunlich, daß dieser
839 2138 2172 2184 feierliche Sang vom Tod, der wunderbar zum Kriege paßt, auf keiner
838 2180 2168 2227 unsrer Bühnen zu vernehmen ist). Heut ist „College Crampton“ eine
842 2221 2174 2284 innigere Herzensstärkung als jemals zuvor. Keiner, der blind wäre
837 2270 2168 2322 für das „Stück Konvention“, für den Schuß Iffland, für die konflikte¬
837 2321 2173 2372 glättende Bereitwilligkeit von Lustspiel=Millionen, die eine Lustspiel¬
838 2372 2176 2402 Liebe samt dem abgenagten Schwiegervater angenehm vergolden.
841 2400 2158 2449 Aber auch Keiner, der taub wäre für diesen reinen Menschenton
843 2455 2172 2492 Wenn hier „Theuter“ gemacht wird, und das wird es wohl, so wiro
834 2493 2173 2546 jedenfalls das beste, geschmackvollste, farbigste und seelenkennerischste
834 2545 2175 2595 Theater gemacht. Die Unterhaltungsliteratur ist Kunst geworden,
834 2590 2183 2650 und die Kunst hat sich das Brot, wonach sie geht, aufs redlichste
831 2622 1041 2685 verdient.
920 2669 2169 2719 Im Deutschen Theater wirds zum dritten Mal von der Komödie
846 2722 2176 2771 eine „Serie“ geben. Hauptmanns Crampton malt Schilder und malt
840 2760 2184 2806 Bilder. Hauptmanns „Crampton ist ein Bild, kein Schild — vielleicht
833 2811 2174 2854 nicht ein Bild von Leibl, aber ein Bild von Oberländer. Kaum in
842 2854 2184 2907 allen frühern Aufführungen ist die Verwechslung von Bild und Schild
837 2900 2177 2942 ungeschehen geblieben. Diesmal wird die künstlerische Feinheit keiner
841 2951 2178 3002 handfesten Wirkung hintangesetzt. Weder diese noch jene erreicht einzig
831 2987 2163 3021 Fräulein Johanna Terwin, die man, mit Bebacht, in Hosen¬
833 3032 2173 3066 rollen, niemals mehr in Flügelkleider stecken darf; am
832 3080 2178 3132 wenigsten, wenn ihr Max Strähler so ehrlich neunzehnjährig aussieht,
844 3119 2179 3166 wie Herr Lothar Müthel. Adolf Strähler ist ein Knochen des guten
844 3161 2181 3221 alten Bonvivant, eine gehörig dankbare, nur nicht genügend große
2053 3239 2201 3331 345
2084 198 2548 291 box 32/9
