3392 4256
265 147 1986 270 26.1. Konoedie der Worte zuklus
2045 181 2596 271 box 32/9
1655 1559 3173 1662 Publikums. Die Arbeiter haben es vorgemacht, sie lassen sich! den Volksbül
606 1570 1660 1679 Sittlichkeit und Theater.
3181 1601 3339 1666 nen, kei
1675 1608 3341 1700 gute Stücke als „Volksvorstellungen“ geben. Es ist nur eine kein Problem verschl
548 1646 1695 1731 In seiner Zeitschrift „Die Tat“ schreibt Eugen Diede¬
1692 1669 3347 1750 Organisationsfrage, die sich lösen läßt, wenn gesund diskutablen nicht? 2#
446 1693 1695 1773 Frichs über Sittlichkeit und Theater u. a.: „Man braucht in
1686 1692 3345 1789 fühlende Männer Theatervereine gründen und ihren Mit= ungezählte Millione
464 1744 1691 1810 der Zu“ umenstellung dieser beiden Worte nicht sofort an
1674 1753 3356 1825 gliedern Stücke bieten, die nicht nur „interessant“, sondern würde, denn wie di
462 1786 1689 1861 sexuelle Fragen zu denken, wenn es auch durchaus am Platze
1682 1788 2321 1862 auch innerlich aufbauend sind.“
2899 1823 3329 1881 Zuschauerschaft, die
455 1840 1689 1908 wäre, über die innere Berechtigung des Verbotes von
1730 1850 3353 1934 Diesem Vorschlag schließt Diederichs dann die Behauptung Schicht der Wohlhab
459 1874 1689 1954 Stücken, die sich mit der Sexualität des Menschen beschäftigen,
1675 1878 3337 1967 an, „die Kirche und ähnlich positiv gesinnte Kreise“ brächten eine große Bühne u
423 1923 1680 1987 „wie Schönherrs „Weibsteufel“, nachzudenken. Nie darf dem
1680 1941 2896 2019 eine Theatervereins=Organisation nicht fertig, weil es leich¬
2902 1953 3339 2029 eine, die Schiller=Th
448 1969 1675 2028 Theater an sich das Recht abgesprochen werden, etwas
1668 1983 2898 2064 ter sei nach dem Kadi zu rufen, als selbst zu handeln, und
2898 1985 3353 2069 weise dafür. Theat
446 1997 2913 2055 anderes zu sein als eine Amüsieranstalt für Backfische und weil fruchtbares, erzieherisches Handeln frei von geistiger
2971 2036 3354 2104 Der schlimme Ge
449 2040 2902 2101 andere geistige Unmündige, denn es soll zu allen Mensch= Enge sein müsse. Diese Schlußwendung zeugt vielleicht
2893 2076 3345 2154 den Frivolität, den
445 2083 1683 2161 heitsfragen ohne Rücksicht auf prüde Zuhörer Stellung
1665 2105 2903 2196 wieder für Dieverichs' bedauerliche Neigung zu polemischen
2901 2117 3338 2183 ist nicht durch ein o
446 2124 2899 2239 nehmen. Aber eine Forderung soll man im Interesse des Entgleisungen, die wir erst neulich bei der „Montags¬
2898 2154 3341 2227 Dutzend neuer Bühn
434 2174 1682 2244 Volksganzen aufstellen: es darf nicht vergiften! Es
1668 2198 2906 2284 zeitungs“=Angelegenheit feststellen mußten. Von „geistiger
2888 2219 3336 2279 Diese neuen Bühnen
433 2211 2903 2313 darf nicht weiß aus schwarz und schwarz aus weiß machen, Enge“ Andersgesinnter pflegen die wirklich geistig Weiten
2894 2260 3352 2329 hätten sie doch nur a#
442 2258 1459 2335 nur weil sich geistreich darüber plaudern läßt.
1655 2279 2900 2365 nicht zu sprechen; wer den Widersacher enggeistig nennt
2889 2301 3345 2375 nen. Uebermächtig
526 2290 1673 2368 Wir haben uns unter dem Einfluß neuer geistiger Strö¬
1654 2320 2902 2412 und ihn damit erledigt zu haben glaubt, kennzeichnet weniger
2887 2345 3343 2413 Ganz=Gemeine, die
440 2340 1686 2422 mungen in den letzten Jahrzehnten daran gewöhnt zu sagen,
1661 2376 2884 2449 ihn als sich. Zur Sache selbst ist zu bemerken, daß die Auf¬
2896 2386 3315 2455 diese Lust ohne
437 2389 1678 2456 Kunst hat mit dem Ethos nichts zu tun, sie muß tendenzfrei
2885 2408 3300 2481 literarische und
1668 2435 2891 2504 gaben der Kunst und des Theaters sich doch nur in sittlicher
436 2429 1667 2508 sein. Gewiß kann und muß sie das an sich sein, aber der
2884 2476 3306 2537 geleiteten Nation.
1653 2457 2894 2538 Beziehung gleichen; zum Ziele führen ganz verschiedene
440 2480 2888 2582 Schöpfer eines Stückes, der als Künstler nur negierender Wege. Auf einen Wettbewerb mit der Bühne kann und
2886 2521 3323 2578 Diederichs als der
441 2519 2889 2627 Geist ohne eigenes Ethos ist, stellt die inneren Gesetze will sich die Kirche nicht einlassen aus inneren Gründen, die
2885 2549 3325 2624 Geistes erscheint, auf
429 2565 2889 2685 des Lebensfalsch dar. Er zeichnet nur kleinliche Men= wir vor Christenmenschen wirklich nicht erst zu entwickeln
2884 2593 3339 2672 „Komödie der Worte
429 2597 1674 2682 schen, jeder tragische Konflikt wird unter seinen Händen eine
2884 2641 3332 2710 ten und gedunsenen
1667 2649 2890 2718 brauchen. Auch praktische Gründe verbieten eine Unter¬
439 2652 1662 2720 Farce, jeder Alltagsmensch fühlt sich durch ihn in seinen In¬
1659 2688 3333 2743 nehmung, wie Diederichs sie kurzerhand vorschlägt: Geist= bigen füllen — währ
435 2692 1665 2784 stinkten bestätigt, die Frau ist ihm nur Jagdgehege des
439 2732 678 2803 Mannes.
1655 2729 3332 2789 liche können kein Theater leiten, weil sie allzu strengen Maß= Schnitzler spielen. S
2879 2779 3341 2856 los beklagten Jamm
528 2776 1672 2863 Ein künstlerischer Typus dieses vergiftenden
1651 2780 2878 2860 stab anlegen müßten und mit zu hoher Verantwortlichkeit
2885 2813 3325 2882 Auch der Kreis der „
439 2804 693 2881 Geistes
677 2825 733 2873 i
1655 2825 2878 2893 selbst in Nebendingen belastet würden. Stellten sie aber
786 2815 1681 2906 beispielsweise der Wiener Dichter
2885 2864 3336 2928 zu helfen ist, das ste
428 2865 1669 2945 MA. Schnitzler. Wer sich als entwickelnder Mensch sein
1662 2862 2888 2933 Laien als Leiter an, so entglitten ihnen wahrscheinlich die
2879 2898 3341 2967 müssen wir einmal d
427 2906 1672 2983 fletztes Werk „Komödie der Worte“ drei Einakter,
1654 2914 2885 2987 Zügel der Aufsicht sehr bald, denn der Laie wäre schon um
2867 2946 3336 3013 von den Theatern die
436 2958 1660 3025 ssieht wird, von dem Geist, der diese Stücke schrieb, in seinem
1656 2954 2882 3024 des Geschäftsganges willen geneigt minder strenge Kost zu
2862 2982 3339 3059 vierzig Jahre lang
428 2997 1665 3075 Wollen nach aufwärts gehemmt (die Frivolität des fran¬
1657 3004 3335 3109 bieten und könnte sich nicht an die hohen Farderungen seiner immer stärkere Geträ
444 3041 1667 3111 zösischen Salons war witzig und hatte doch nichts mit Ge¬
1654 3047 2167 3111 Auftraggeber halten.
2154 3048 2887 3121 Herr Diederichs weiß so gut
2877 3089 3332 3143 anderen. Gründliche
444 3076 1656 3156 meinheit zu tun), er erlebt die Leugnung der germanischen
1663 3099 2886 3167 wie wir, daß ohne zahlendes Publikum kein Theater mög¬
2880 3126 3338 3190 liche Abkehr, die all
436 3123 1677 3194 Auffassung von der Heiligkeit des Lebens und der Tragik,
1653 3136 2879 3202 lich ist, und das zahlende Publikum marschiert einstweilen
2872 3145 3341 3226 rechnet darauf? Ung
439 3171 1460 3232 die die Verletzung seiner Gesetze nach sich zieht.
1648 3175 2878 3255 noch in den ihm jahrzehntelang gebahnten und gewiesenen
2870 3196 3332 3269 Menschenfreund hofft
520 3220 1668 3295 Gut, mag ein jüdischer, negierender Geist auftreten, wo
1658 3226 3335 3311 Gleisen. (Die von Diederichs gewünschte „Auflehnung der treuherzige Entrüstun
412 3237 1661 3331 ter will, warum lehnen ihn aber die Germanen,
1656 3270 3305 3350 Germanen im Zuschauerraum“ ist eine fast naive Phantasie, der geschäftsklugen,
424 3302 1651 3373 (die im Zuschauerraum sitzen, nicht ab? Gibt es
1650 3309 2870 3379 Bekanntlich entscheiden über das Schicksal eines Stückes die
2862 3317 3328 3403 unterstützten, so doch g
424 3349 1658 3420 doch genug Juden, die an derartiger Literatur keinen Ge¬
1656 3351 2879 3429 Erstaufführungen, richtiger gesagt, die Berliner Erstauf¬
2948 3376 3346 3449 Der Ruf nach de
422 3379 1659 3456 schmack haben und sich Kant und Fichte zuwenden. Nun, es
1661 3403 2881 3472 führungen.) Auch die Volksbühnen müssen, um zu existieren,
2875 3408 3323 3489 spottet: von denen,
423 3428 1664 3502 ist den Zuschauern ja gar nicht bewußt, daß sie Gift trinken,
1662 3444 2882 3512 sehr häufig sehr leichtes Zeug bringen, Stücke aus wirklich
2861 3467 3337 3539 denen, die der Bühne
424 3471 1658 3550 sie gingen ja nur ins Theater, um sich zu „am sieren“. Immer
1646 3476 2299 3549 geistiger Enge, die vor
2281 3483 2473 3553 hoher
2491 3492 2871 3566 Sittlichkeit und
2871 3514 3326 3576 Wir wissen nicht, ob
421 3518 1662 3593 tiefer züchtet das Theater das Niveau des Publikums — aus
1656 3541 2846 3592 idealer Kunstauffassung nicht bestehen. Warum also —
2864 3545 3327 3614 den Gesetzgeber und #
418 3559 3317 3649 Geldinteresse. Ich sehe keinen anderen Weg, der Ent= wir erlauben uns die Gegenfrage — machen sich nicht die ihre wuchtige Hilfe,
414 3592 3335 3721 artung des Geschmackes zu entgehen, als Selbsthilfe des Kreise um Herrn Diederichs an die Arbeit, die ja doch, gleich Lufterschütterung. ##
