3392 4352
261 183 2587 292 26.1. Kongedie der Norte Zuklus box 32/1
372 640 1324 749 chnitt aussterr. Volks-Zeitiunngg, Wien.
495 718 1198 825 120Lekleine Ausgabe)
441 809 1339 946 Theater und Kunst.
649 937 1113 1052 Burgtheater.
620 1028 1130 1113 Komödie der Worte.
363 1075 1402 1162 Drei Einakter von Artur Schnitzler.
455 1133 1381 1209 Der neue Einakterzyklus Artur Schnitzlers
368 1185 1382 1263 bietet eine Gestaltenreihe, deren Züge dem zahl¬
367 1218 1390 1295 reichen Publikum, dessen sich der Dichter sicher wissen
374 1279 1378 1331 darf, längst vertraut sind, und auch die Technik zeigt
361 1319 1374 1369 altgewohnte Formen. Auf das Bühnenhandwerk
365 1357 1391 1426 versteht sich Schnitzler ausgezeichnet, er ist bei den
365 1409 1377 1463 Franzosen und Ibsen in die Schule gegangen, und
369 1437 1395 1512 den jüngsten Firmen der Pariser Theaterindustrie
362 1491 1386 1556 erweist sich seine Kunst bereits überlegen. Auch die
379 1536 1391 1589 beiden ersten von den kleinen Dramen, die gestern
503 1584 1383 1650 zum erstenmal aufgeführt wurden,
365 1580 506 1639 hier
365 1624 1377 1684 zwingen in den engen Raum von ein paar
366 1666 1387 1728 Szenen eine vielbewegte Handlung hinein. Sie
365 1712 1392 1764 lassen auf eine Fülle von Geschehnissen zurückblicken,
369 1759 1390 1819 für die jetzt erst Abrechnung gehalten wird und das
375 1800 1384 1855 verleiht für das geschickt eingeweihte Publikum den
367 1837 1393 1898 letzten Entscheidungen eine gewisse Wucht der Wir¬
375 1887 1378 1941 kung. Auf diese Art der Führung versteht sich
375 1939 1390 1985 Schnitzler meisterlich. Sie droht aber bei ihm zur
374 1967 1387 2039 Manier zu werden. Das gilt auch von den vor¬
367 2022 1394 2078 geführten Menschen; sie vorlängern nur eine uns
375 2066 1404 2130 schon bekannte Reihe. „Zwischenspiel“, „Medardus“,
387 2095 1399 2170 und vor allem „Der einsame Weg“ kündeten Weiter¬
1766 2110 2680 2224 1# i. Mishurner Aramdenblatt
390 2154 1410 2226 entwicklung, die „Komödie der Worte“ aber weist
390 2197 1399 2260 auf eine frühere Zeit zurück, die bereits weitab liegt.
468 2243 1394 2303 Der Dichter, der den „Einsamen Weg“ ge¬
1844 2260 1950 2318 —
1930 2265 2802 2359 Schnitzler=raufführung in Wien. Aus
390 2268 1408 2348 schaffen, entläßt uns dieses Mal mit einem dumpf
2177 2323 2801 2387 Oktober, telegraphiert unser
1845 2307 2067 2377 Wie
381 2327 1399 2379 peinlichen Gefühl. Seit Jahr und Tag leben wir
1850 2360 2805 2421 P.=Korrespondent: Das Burgtheater brachte
385 2370 1400 2446 inmitten des schwersten Ringens, der gewaltigsten
1842 2398 2849 2452 „Komödie der Worte“ zur Urauf=1|
381 2411 1408 2477 Entscheidungen. Das Maß, das wir an Menschen
2780 2439 2829 2484 —
380 2448 1400 2525 und Dinge legen, ist ein anderes geworden. Edles
1842 2493 2791 2558 ührung, drei Einakter von Arthur Schnitzler,
377 2502 1400 2556 und Großes, das tief verborgen im Volkstum
1848 2525 2794 2591 von denen sich besonders der mittlere, „Große
382 2549 1403 2615 schlummerte, hat sich herrlich offenbart, und vieles,
1840 2562 2804 2642 Szene“ mit Harry Walden in der Haupt¬
377 2600 1406 2658 was bisher als edel und groß gegolten, hat sich als
1832 2603 2758 2675 rolle, außerordentlich bühnenwirksam erwies.
383 2646 1401 2704 eitler, nichtiger Schein erwiesen. In solch banger
385 2683 1414 2731 Zeit, da uns allen kaum die Umrisse der kommen¬
380 2728 1392 2780 den Dinge sichtbar werden, geht der Bühnenmann
381 2771 1408 2837 fehl, der uns ein kleines schwächliches Geschlecht
379 2799 1399 2876 zeigt, wie es sich vordem in vermeintlicher Wichtig¬
384 2855 1402 2924 keit überall umgetan, im Leben, wie in der Lite¬
382 2905 1394 2955 ratur ein freudloses Geschlecht, dem eine dürre
378 2952 1398 2995 Skepsis den Glauben an erhabene Größe und
387 2993 1396 3048 Schonheit vergiftet hatte. Seine kleinlichen Erleb¬
386 3045 1398 3103 nisse, die es sich vermißt, Schicksale zu nennen, ver¬
386 3084 1399 3141 mögen unsere Herzen nicht zu bewegen, seine frag¬
386 3129 1407 3210 würdigen Seelenkonflikte nicht unsere Teilnahme zu
376 3174 587 3239 erregen.
472 3203 1399 3300 Die Darstellungskunst der Burg weiß frei¬
388 3254 1389 3320 lich zuweilen goldigen Schein über diese Schil¬
384 3313 1402 3385 derungen zu breiten. Das tat „In der Stunde des
383 3363 1401 3406 Erkennens“ die Sprechkunst der Frau Bleib¬
383 3405 1395 3455 treu, und die adelige Art der Frau Medelsky
379 3447 1403 3517 in der „Goßen Szene“. Herr Walden, dem in
382 3490 1394 3555 sämtlichen Cinaktern die führende Rolle zugefallen,
374 3530 1398 3592 gestaltete die Partie des Bühnenhelden zu einem
379 3585 1391 3639 wirksamen Bravourstück heraus. Auch der treff¬
369 3623 1404 3686 lichen Episodenleistungen des Herrn Tiedtke und
371 3671 1351 3733 des Fräuleins Kutschera sei hier noch gedacht.
458 3707 1395 3786 Der gestrige Abend konnte sich eines sehr
382 3745 1397 3811 freundlichen Erfolges erfreuen, die „Große Szene“
383 3800 1403 3882 eines durchgreifenden Beifalls, der Dichter, mußte
381 3841 1123 3928 oftmgls vor den Rampen erscheinen..
