3344 4320
1990 169 2470 270 box 32/6
132 187 1857 276 26.1. Kondedie der Norte—Zuklus
1367 1253 1466 1345 A#
1901 1268 2154 1347 vers
2233 1271 2904 1377 KCul. Juchme. 1 Klei
1387 1304 1543 1381 G2
811 1312 875 1379 g#
2226 1335 2755 1387 Modell: Henriette.
851 1320 2214 1397 hnichilla usw. wahre Pracz profiliert: die noch immer flache
317 1336 835 1426 feuen, au Breischwand“
2209 1382 2894 1452 Margaretenstraße Nr. 15 Fritz
328 1358 2218 1460 geschaffen. Ein wunderbares Pelzlager von Persianern (flache Büste erscheint durch die subtile
2225 1426 2900 1498 (bei der Paulanerkirche). mod
328 1390 2223 1508 Locke), Felle in den schönen Farben des Herbstlaubes, wie Kunst Madame Henriettes schon
327 1445 2000 1553 Nutria, weiche Fohlen, marronfarbenes Zobelfell und Nerz, ein wenig modelliert.
324 1528 2909 1676 standen Gustav Mahler und ich am Fenster unsres Hotels in genehm zuverlässige Hans Rhoden und der diesmal besonders Edel:
1546 1589 2902 1683 spaßige Karl Mauth brachten ernstes und heiteres Leben auf Jar
2765 1621 2916 1687 ist so
330 1634 1556 1716 New=York. Tief unten ein Leichenbegängnis! Ein Feuerwehr¬
1552 1637 2772 1724 die Bretter, und Eugen Jensen ließ in zwei voneinander
330 1679 1556 1764 mann, der während seines Rettungswerkes in den Flammen
1559 1669 2921 1770 weitab liegenden Rollen deutlichst erkennen, wie prächtig er die töchten
2765 1723 2928 1778 San
334 1727 1564 1806 umgekommen ist, wird zu Grabe getragen. Eine große
1548 1727 2783 1817 Komödie der Worte zu beherrschen vermag, wenn er die Worte
2591 1763 2923 1838 f. a. Wien
323 1773 1562 1845 Menschenmenge geleitet den Helden. Flutend fernes Gemurmel,
1551 1788 2242 1877 der Komödie nicht erst suchen muß.
324 1818 1563 1900 dann Stille! Ein Redner löst sich aus der Masse. Wir hören ihn
1648 1809 2943 1922 Raimundtheater. Schwank als Kunstform, Operettenersatz wurdes
2765 1857 2932 1916 just de
320 1866 1562 1946 nicht. Da plötzlich ein kurzer, dumpfer Schlag auf einer ver¬
1572 1873 2772 1963 — das ist ein guter Gedanke fürs Raimundtheater. Der geistige
2766 1906 2937 1976 des L#
326 1906 1559 1988 deckten Trommel als einzige Musik! Ungeheurer Schauder! Ich
1551 1926 2780 2001 Cancan der Franzosen, der Humorsport der Engländer, die
336 1954 1555 2036 blicke Gustav Mahler an. Sein Gesicht ist verzerrt von Er¬
1559 1980 2782 2062 deutsche Posse und Burleske von Haffner und Nestroy bis
2768 1982 2926 2071 kleine
334 2008 1565 2088 schütterung, von Tränen überströmt. Dies ist der tragische
1564 2026 2771 2106 Ludwig Thoma und Karlweis — eine fröhliche Heerschau über
2776 2036 2945 2104 machss
343 2048 1566 2127 Trommelschlag, mit dem der 4. Satz schließt, der nachwirkende
1565 2071 2768 2153 das Lachen der Nationen, in dem sich Wesensart so hell spiegelt.
2780 2080 2944 2157 7 Uhr
338 2097 1570 2167 Erlenntaisschlag seines eigenen Endes. Die einzig richtige
2767 2125 2950 2209 „Ma#
1567 2118 2770 2199 In ihr hat auch Bissons „Schlafwagenkontrollor“
332 2145 1567 2225 Form einer Veröffentlichung der Zehnten Symphonie konnte
1566 2160 2778 2250 seine Berechtigung, wenngleich nicht gerade als Auftakt. Die
339 2193 1564 2265 nur die Faksimilierung sein. Sie verkündet nicht nur die letzte
1572 2211 2779 2294 Franzosen haben ihre Heiterkeit immer am liebsten aus der
2772 2217 2949 2292 besonb
339 2239 1568 2315 Musik des Meisters, sie zeigt in den erregten Zügen der Hand¬
1572 2257 2781 2342 Provinz geholt, offenbar weil dort die Menschenmenagerie sich
2785 2270 2960 2335 Schwal¬
347 2281 1562 2362 schrift das rätselhafte Selbstbildnis des Menschen und zeugt
2778 2325 2947 2371 Ladin,
1563 2305 2777 2387 unverfälschter erhält als in der Stadt. Sie wird von Bisson
349 2347 645 2422 für ihn fort.“
2781 2359 2949 2421 Musike
1563 2357 2779 2445 in ihren harmlosesten Exemplaren ausgelassen durcheinander¬
1565 2398 2791 2483 gewirbelt. Die Aufführung hielt mit seinem Tempo anfangs
434 2404 1579 2495 Modernes Theater. Artur Schnitzlers vom Burg¬
2779 2437 2955 2501 Flede
1567 2444 2789 2526 nicht recht Schritt, kam aber später in vollen Schwung, allen
2779 2479 2952 2534 Olszew
349 2466 1575 2546 theater her bekannte Harry Walden=Einakterserie „Komödie
1573 2477 2763 2570 voran Lackner, in dem ein prächtiges Stück Lausbua steckt —
2778 2499 2987 2581 Herrenz##
345 2520 1571 2596 der Worte“ („Stunde des Erkennens", „Bachusfest“ und
1580 2539 2783 2618 im Abstande die übrigen. Das Publikum frohlockte, es ist voll
2778 2570 2967 2616 Wernit#
352 2557 1578 2640 „Große Szene“) ging mit Arnold Korff, dem aus dem Dollar¬
2594 2586 2763 2657 H. T.
1577 2602 2106 2674 Sehnsucht nach Uebermut.
2761 2607 2967 2668 Musika
352 2606 1575 2676 landl wieder einmal glücklich Heimgekehrten, in Szene. Korff
2789 2648 2940 2699 Heute
1659 2628 2782 2719 Lustspieltheater. Der Verfasser des Börselust= und =leid¬
353 2663 1589 2738 ist jetzt noch freier, sicherer, gestaltungsfreudiger als je zuvor.
2795 2668 2968 2740 gelasser
1585 2693 2788 2771 spieles „Die Großen läßt man laufen“ Ernst Gut¬
357 2702 1580 2789 Bei allem starken, vollgriffigen Können, bei jeder spielerischen
2791 2710 3011 2780 Mahl##
1575 2743 2795 2822 freund scheint intime Branchekenntnisse zu haben. Wie er die
2790 2752 2996 2820 Ouverts
362 2754 1582 2825 Handhabung des Metiers ist er doch nie eitler Wandervirtuos,
1573 2801 2792 2882 neuen Gründer zeichnet, ist ganz vergnüglich. Und die armen,
2784 2810 2980 2866 Schluß
364 2801 1584 2873 der vor allem sich auf Kosten des Stückes in den Vordergrund
1587 2839 2791 2907 entgleisten Heimkehrer, der Oberleutnant von Hoch und Spleni,
2787 2836 2983 2901 Gustav
356 2847 1585 2916 schiebt. Er verbleibt eingeordnet im Zusammenspiel, beharrt im
2790 2877 3001 2957 Dirigens
1593 2873 2792 2960 der beim Agentieren verunglückt, und sein braver Unter¬
364 2897 1583 2975 Rahmen, beherrschend und beherrscht. Alice Rhode war seine
1589 2930 2808 3001 offizier, der ihm aus der Patsche hilft, sind im Gegensätzlichen
365 2941 1587 3017 würdige Partnerin, eine feinfühlig frauenhafte Seelenmalerin
1590 2976 2793 3047 wirksam. Der Großfinanzier Lion (Herr Schich) hat sich eine
2801 2978 3016 3065 Burgthä
365 2981 1585 3063 und Seelenkünderin, für Strindberg= und Ibsenprobleme ge¬
1589 3020 2792 3090 Maske zugelegt, die durch Aktualität interessieren will, wie ja
2796 3034 3015 3112 Paul 6##
362 3037 1581 3106 schaffen. Alice Lach, vielseitig begabt, glänzte diesmal als witzige
1585 3066 2788 3136 das ganze Stück die Konjunktur beziehungsreich ausnützt. Der
2796 3082 2982 3134 Aslan,
357 3085 1589 3147 Karikaturistin der Szene im besten Charlotte Waldow=Stil und
2796 3104 3012 3179 Dienstag
365 3112 2806 3204 doch durchaus original. Die liebliche Lvovsky, die aller= Beifall und der Widerspruch des Publikums tragen zum Erfolg
378 3172 3000 3259 zierlichst Worte drechselnde Grete Bukovics, der stets an= bei gemischten Gefühlen bei. Herr Hörbiger als verarmterswegs“
1343 3280 1478 3414 1
655 3340 942 3435 VI. C
2970 3253 3075 3329 6
