3344 4320
2001 192 2453 275 box 32/6
135 205 1842 286 26. 1. Konbedie der Norte Zyklus
582 462 1286 578 Dr. Max Goldschmidt
586 546 1266 637 Bureau für Zeitungsausschnitte
483 585 779 657 BERLIN N. 4
1437 588 2638 660 Solche Kleinigkeiten können stören. Des Gastes Verwandlung!
907 609 1351 688 Telefon: Norden 3051.
1435 657 2626 697 war nahezu vollkommen. Nur die verrostete Stimme und die
376 663 707 744 Ausschnitt aus:
1444 688 2629 738 Hast der Bewegungen blieben letzten Endes auch in der ruhigeren
1435 723 2626 774 Art des boshaften Arztes. Sehr schön, was Schnitzler dort über
793 725 1053 834 Jamburge:
1430 743 2638 826 gute und gütige Menschen andeutet. Ueberhaupt spricht aus seiner
1434 800 2640 848 leicht hintupfenden Technik überlegene Schöpfergeste, die über das
802 799 1037 904 10 Nov
1438 848 2633 888 Konstruierte der Bahnhofsszene einigermaßen beruhigt. Herta
1446 877 2633 926 Windschild malte hier ein beim ersten Seitensprung stolpern¬
1249 883 1392 949 10e.
1442 922 2631 970 des Weibchen ungemein glücklich. Paul Kemp ist ja wohl der
308 923 1414 1014 Hamburger Kammerspiele. Gastspiel Albert und Else Basser¬
1443 959 2626 1011 günstigste Vertreter für einen nervös=zappeligen Liebhaber. Dem
228 987 1423 1046 mann. „Komödie der Worte“, drei Einalter von Arthur
1446 992 2622 1044 Dichter lieh Bassermann mythisch=satanische Züge, freilich
244 1039 1355 1084 Schnitzler. Spielleitung: Ernst Ludwig Franken.
1442 1025 2626 1080 waren es Bassermannsche Züge, doch was tut es. Wundervoll der
1439 1073 2634 1136 Schluß, wo Haß und Liebe sich in der Versöhnung vermählen.
313 1071 1426 1128 Wer wollte daran zweifeln, daß Bassermann der größten
1447 1114 2147 1179 Welch gütiges Verstehen des Lebens!
245 1107 1422 1159 einer unter den deutschen Schauspielern ist? Doch liegt das
241 1161 1426 1209 Häuptgewicht eben im Schauspielerischen und nicht im packenden
1530 1161 2619 1208 Das erste Stück „Stunde des Erkennens“ wiegt in¬
1290 1176 1329 1213 I
236 1187 1421 1238 Leben. Und doch fühlt man sich fortgerissen, vor allem im Mittel¬
1445 1188 2632 1245 haltlich wohl am schwersten. Allerdings ist die Voraussetzung, daß
247 1225 1419 1283 stückedieser Ehebruchstrilogie, in der „Großen Szene“ da er den
1436 1233 2619 1283 der gehörnte Gatte sein Pech 10 Jahre lang mit sich herum trägt,
248 1268 1418 1314 verlogenen Schauspieler mimt, den er gegenüber dem feinen
1447 1274 2631 1326 wiederum wenig einleuchtend, aber die Persönlichkeit der Frau
251 1312 1429 1356 Schnitzler sicher maßlos übertreibt und mit einem schier uner¬
1453 1302 2635 1360 (durch Anni Reiter ergreifend verkörpert), die sich einem vom
254 1354 1428 1399 schöpflichen Reichtum zeichnerischer Mittel umwuchert, von dem
1448 1345 2626 1396 Glück wenig begünstigten Mann als Mutter und Geliebte schenkt,
245 1380 1419 1428 kindlichen Gemauze des verliebten Ehemannes über den Kleinmut
1448 1391 2624 1439 den schweigenden Gatten nach zehnjähriger Scheinehe tiefempört
249 1419 1419 1476 des gestellten Verführers bis zum Triumphgeheul eines großen
1451 1422 2628 1483 ob dieser Beleidigung verläßt, tragt die Züge großer Menschen¬
253 1457 1427 1510 Jungen. Es wirkt, und man könnte wirtlich zweifeln, ob nicht
1441 1461 2628 1512 kenntnis. Reuschle als verhinderter Liebhaber gab eine sym¬
245 1506 1421 1548 doch die Urkräfte des Lebens am Werk waren. Das Theater im
1450 1506 1992 1568 pathische Menschendarstellung.
253 1542 1433 1587 Theater erleichtert diesen schönen Optimismus. Doch um wie¬
1517 1528 2615 1605 Die Gäste wurden selbstverständlich durch gebührenden Bei¬
1323 1561 1362 1588 72
244 1571 1426 1629 viel glaubhafter erschien uns Roberts als Schauspieler von ähn¬
1447 1577 1794 1654 fall ausgezeichnet.
254 1615 1415 1671 licher Wandelbarkeit bei verwandten Anlässen. Bassermann=tut
247 1637 1432 1709 mehr, als gut ist, und wirkt nichtsdesteweniger einfach bezaubernd
1784 1647 2406 1731 Dr. Max Goldschmiet
258 1706 1428 1749 wo er den sogenannten Naturalismus der Darstellung augen¬
1783 1712 2402 1787 Büro für Zeitungsausschnitte
259 1725 1431 1783 scheinlich verläßt und zum Virtuosen hingleitet, oder sich zum Stil¬
1600 1750 1903 1816 BERLIN N 4
250 1777 1439 1825 künstlei erhebt. Das klingt mystisch unpräzise, und der Mystizis¬
2157 1769 2596 1827 Telefon: Norden 3051
261 1807 1433 1856 mus ist wahrlich die Tugend der Schwachen im Geiste. Kurzum,
1925 1839 2281 1905 Husschnitt aus:
249 1854 1436 1907 der große Bassermann ist des öfteren untlar, wohl aber ein glän¬
255 1892 1437 1944 zender Schauspieler. Er hat seinem Regisseur die Aufgabe, den
1651 1877 2541 1975 Hamburgischer Correspondent
255 1931 1437 1978 geistreichen und etwas verschleierten Konversationston Schnitzlers
259 1963 1437 2014 zu realisieren, gewiß nicht leicht gemacht. Das hiesige Ensemble
258 1992 1428 2051 setzt dem einige Hindernisse entgegen. Doch hat man in deren
250 2041 1432 2088 Ueberwindung recht rühmenswerte Fortschritte gemacht. Neben
2122 1998 2508 2112 10 Nov. 1921
250 2063 1433 2118 der menschlich bewegten, vielleicht zu koketten und stimmschwachen
252 2125 1439 2170 Gattin Else Bassermanns wäre hier auf den Theater¬
1777 2105 2463 2172 Hamburger Kammerspiele.
252 2152 1428 2201 direktor Fritz Eßlers aufmerksam zu machen, der wahrhaft
1536 2164 2733 2230 Albert Bassermann ist zu einem kurzen Gastspiel in
251 2196 1438 2252 liebenswert dem Leven entrissen war. Die zwar richtig dirigierte,
1487 2206 2735 2268 den Kammerspielen eingekehrt. Dieses Gastspiel ist nicht bloß
251 2227 1433 2286 aber ins Possenhafte entartete Kunstnovize der Herta Wind¬
1493 2247 2743 2306 eine Sensation für die viel zu vielen, sondern auch eine Freude
257 2282 1433 2324 schild trübte das Gesamtbild. Gründgens hielt sich in rich¬
1507 2284 2746 2346 für die, denen das Theater Kulturangelegenheit und Herzens¬
254 2311 1439 2357 tiger Umgyenzung seiner Funktion. Es ist für das Niveau der
1496 2327 2740 2385 sache ist. Hier ist nicht nur ein großer Name, hier ist auch wirk¬
258 2345 1445 2401 Bühnenleistung natürlich immer bedenklich, wenn ein berühmter
1490 2377 2742 2424 liche, große Kunst. Kunst, die sich nicht damit begnügt, vorhan¬
259 2388 989 2448 Mann darin seine Neigungen austobt.
1496 2402 2742 2466 dene Anlage — man kann im Fall Bassermann ruhig sagen:
327 2418 1434 2482 Der Verfasser des „Bacchusfestes“ braucht ja nun nicht
1495 2455 2739 2508 vorhandenes Genie — nach des Trägers oder des Publikums Be¬
253 2471 1436 2530 unbedingt in spinatgrüner Wolle zu erscheinen, auch hätte dem
1492 2486 2740 2547 lieben ungezügelt oder manierirt sich auswirken zu lassen. Die
251 2506 1430 2575 Dr. Eckhold eine etwas glaubhaftere Barttracht wohl gefrommt.
1485 2528 2739 2591 vielmehr vorhandenen Gaben in strenge Zucht genommen und
1491 2586 2735 2630 zur höchstmöglichen Vollkommenheit ausgebildet hat. Was na¬
1497 2606 2741 2664 türlich nicht heißen soll daß die Theorie dem Temperament
1483 2660 2733 2705 Scheuklappen angelegt hätte. Wer Bassermanns Laufbahn ver¬
1481 2693 2731 2748 folgt hat, weiß, daß in ihr das kühne Experiment und der —
1484 2735 2732 2781 scheinbare — Irrweg eine große Rolle gespielt haben, aber nie
1487 2775 2741 2827 um ihrer selbst willen, sondern im Dienst des klaren stählernen
1492 2811 2729 2864 Willens, mit dem der Künstler darauf ausging, die Grenzen
1499 2858 2739 2918 seines Könnens zu erweitern, das Niveau seiner Besonderheit
1484 2899 1950 2965 immer höher zu legen.
1549 2908 2736 3005 Am ersten Abend zeigte er in den brei Einaktern, die Ax¬
1488 2975 2745 3029 thur Schnitzler unter dem Titel „Komödie der
1478 3006 2728 3054 Worte“ zusammengefaßt hat seine Gestaltungskraft in der
1480 3039 2741 3110 Dreifaltigkeit der höchst verschiedenen Helden dieser tragischen
1483 3098 2724 3145 Komödien. Der beinahe monomane Arzt, der die zehn Jahre
1477 3127 2734 3184 lang mit kühler Beherrschtheit vorbereitete Rache mit sadistischem
1479 3184 2737 3229 Behagen genießt; der große Komödiant, der ein großes Kind ist,
1489 3205 2741 3268 das sich keinen Wunsch versagt und dem das Leben selbst zur
1480 3237 2739 3305 notwendigen Komödie geworden ist; der nervöse Schriftsteller,
1491 3282 2740 3352 der über seinem Werk seine Frau vergißt und sie sich im letzten
1489 3341 2735 3383 Augenblick durch ein verzweifeltes Manöver zurückgewinnt —
1478 3384 2739 3425 diese drei erschütternden Porträts aus des melancholisch lächelnden
1473 3403 2746 3464 Schnitzler Bilderbuch moderner Menschen nahmen in Basser¬
1475 3451 2735 3502 manns Gestaltung blutheißes, fieberisches Leben an. Ein mo¬
1483 3484 2739 3547 derner Proteus, schlüpfte der Künstler aus einer Maske in die
1480 3540 2738 3580 andere, war nicht nur in Haartracht und Kostüm jedesmal ein
1476 3567 2739 3619 anderer, sondern vor allem im Gang, Haltung, Gebärde, Sprech¬
1476 3601 2734 3668 #art und Ton, übertrieb nie und profilierte immer scharf. Und
1487 3650 2730 3712 zeigte in jedem Zug Schauspielkunst in einer Vollendung die
1475 3676 2747 3757 heuter seltener denn je geschaut wird und deshalb um so höhere
1475 3732 1965 3792 Bewunderung verbient.
1548 3747 2737 3812 In der Großen Szene“ stand neben ihrem Gatten Frau
1472 3806 2730 3859 Else Bassermann schlicht und geschmackvoll, fein auf
1485 3845 2731 3899 seine Intentionen eingehend. Von den Mitgliedern der Kammer¬
1484 3896 2734 3949 spiele sind mit Auszeichnung zu nennen die Damen Wind¬
1499 3926 2728 3983 schild und Reiter, die Herren Reuschle Gründgens,
1486 3969 2738 4031 Eßler und Kemp Das Haus war ausverkauft, der Beifall
2473 4006 2702 4070 C. M. R.
1480 4009 2001 4074 vollte kein Ende finden.
2548 4049 2613 4102 ——
1522 4060 1824 4124 — „  — *
