3344 4352
253 232 2580 342 26.1. Konoedie der Norte Zuklus box 32/1
699 1121 3174 1214 wenn er, die Krigesjahre von 1809—1812 schildernd, sagt: halten, erkennen sie, daß in Wahrheit keiner vom anderen
714 1194 3176 1292 1„ Und inzwischen ging das Leben, das eigentliche Leben der gewußt hat. So tief war die Verstellung ihrer Art gewesen,
153 1137 3172 1291 efoll.Menschen mit seinen wesentlichen Interessen: Gesundheit, ssa schickfalgestaltend lief, daß diese Tragödie der Seelen¬
150 1225 362 1326 ater.
704 1270 3173 1372 Krankheit, Arbeit, Ruhe, seinen Interessen des Denkens, täuschungen eigentlich nicht in den Gesamttitel „Komödie
148 1291 682 1398 der Worte. ###70
636 1306 723 1415 7
707 1317 3172 1423 des Wissens, der Poesie und Musik, der Liebe und Freund= der Worte“ einzuschließen ist. Denn hier handelt es sich um
708 1371 1929 1441 schaft, des Hasses und der Leidenschaften, seinen gewöhn¬
147 1373 553 1459 Dr Schnitler—
1930 1367 3170 1458 mehr. Um eine Komödie der Erlebnisse. Um die Verfälschung
714 1411 1936 1493 lichen Gang außerhalb der politischen Sphäre, unabhängig
1928 1431 3161 1497 von Lebensinhalt. — Eckdal, den seine Frau zwei Jahr¬
151 1434 714 1520 usbruch niedergeschrieben,
712 1466 1933 1555 von Freundschaft und Feindschaft, und unberührt von allen
1930 1485 3163 1563 zehnte hindurch als einen schwerflüssigen, aber gütigen
723 1506 1003 1576 Umstürzen.“
155 1494 721 1574 ema: Lebenstäuschungen;
1914 1517 3165 1616 Menschen schätzt, ist ein heimlicher Hasser, der das Defizit
147 1554 728 1629 ung innigster Beziehungen
1919 1576 3171 1666 seines Lebens= und Liebeserfolges Tag um Tag tückisch
133 1592 725 1681 pie Maskerade der Seelen
798 1620 1934 1696 „Es mag ja sein, daß menschliche Beziehungen geradeso
1928 1628 3177 1709 in das Schuldbuch seiner Frau eingezeichnet. Ormin aber
148 1631 1932 1743 Berührung ineinander zu ihren Krankheiten unterworfen sind, als Menschen selbst.“
1930 1685 3167 1753 und Klara, die sich lieben, gelangen nicht zu einander. Weil
164 1708 1922 1786 für sich im verschlossensten! In diesem Gedanken, den in der „Stunde des Erkennens“
1928 1723 3165 1803 er sich als Lebenspose die Geste des Don Juan erwählte,
155 1756 1920 1834 ihre Wahrheit hüten. Als Klara Eckold ausspricht, liegt der dramatische Antrieb der
1922 1766 3169 1854 obwohl nur die eine von ihm erhofft und ersehnt wurde; und
149 1798 722 1869 tten warf, verschloß Artur
710 1815 1935 1894 „Komödie der Worte“ Denn in allen ihren drei Fassungen,
1923 1821 3171 1907 sie, um nicht den „Tausendunddrei“ zugezählt zu werden,
157 1828 715 1910 ie in die Schreibtischlade.
715 1855 1926 1932 des tragischen, des lächelnden und des grotesken Problems,
1919 1864 3167 1948 dem einzigen Mann ausweiche, der ihr alles bedeutet. So
160 1895 726 1965 vor dieser neuanhebenden
709 1900 3166 1979 geht es um die Feststellung und um die Abwicklung von geschieht es daß sie ihre innerste Wahrheit niemals erlebt;
152 1921 714 2002 icht in diesem Augenblick
707 1946 3172 2043 Beziehungen, die durch Krankheitskeime verändert und zer= und so verfehlt er das wartende Glück. Bis um diese
156 2001 3160 2101 Literaten gehörte, die auf stört erscheinen; um Beziehungen, die nicht zur Blüte ge¬ Komöde der Irrungen im Labyrinth der Seelen Todes¬
146 2053 1933 2123 nzustellen wußten, und die dehen, sondern verkümmern mußten, um Beziehungen, die,
1922 2055 2351 2135 schatten sich senken.
155 2098 1939 2174 schwingen begannen, als an der Wurzel faul, als vergiftete Triebe ums Dasein
2021 2097 3164 2184 Die Menschen dieses Dramas sind uns trotz ihrer
164 2150 1925 2218 rynnien, der suchte im frankten. Irgendwie anormal sind ja eigentlich alle Ver¬
1915 2148 3159 2244 einmaligen scharfumrissenen Art irgendwie schon nahe ge¬
163 2195 1928 2273 ndie echten Dichter, die in hätnisse, die Menschen einander verbinden. Weshalb
1915 2215 3163 2299 wesen. Wie man in der Natur den Zusammenhang von
155 2236 1930 2319 den aufbauenden, zu den den aber so ist, wo die Ursache der Verfälschung gesucht
1915 2261 3152 2348 Pflanzen einer Familie dadurch erklärt, daß sie, aus einer
150 2291 712 2349 atten, wie ein Hauch von
711 2286 1929 2358 werden muß, die den normalen Lauf der Schicksale unter¬
1914 2311 3158 2383 Urform stammend, gedacht werden können, so sino wohl
150 2329 1915 2415 enschen wie sonst von ihren blicht, engverknüpfte Zusammenhänge löst und was wohl¬
1917 2360 3161 2445 auch eines Dichters Lebenswerk durch Gestalten aus¬
144 2372 710 2447 n sich irgendwie in ihrem
712 2390 1915 2469 gefügt schien, als morsch und brüchig sich erweisen läßt, dies
1914 2407 3162 2505 gezeichnet, die in ihren Arten den Widerhall der Wurzel¬
154 2425 716 2497 mindert.; Sie fühlten sich
712 2433 1925 2506 ist das Rätsel, welches zu lösen es Schnitzler lockte. Die
1913 2456 3145 2517 gemeinschaft anklingen lassen. Eckold, der als Neider
158 2455 718 2543 nder bitterlangen Zeit des
711 2481 1914 2560 Deutung, die er gibt, lautet wie immer bei ihm, trostlos
1919 2506 3164 2589 eines beglückteren Freundes seine Rache zusammenspart
152 2517 1920 2601 te ebensoviel Jahresringe und dennoch gefaßt: Was Menschen erleben, hat mit dem
1911 2552 3151 2629 wie der Geizige sein Gold, weiß wartend zu hassen, wie
146 2574 712 2630 kam aber anderes Wissen.
704 2572 1914 2654 Leben der Menschen oft nichts zu schaffen. Der Grundriß
1912 2599 3156 2681 der sterbende Weihgast („Die letzten Masken“); er ist ein
147 2619 725 2682 rderung: daß die Künstler
699 2624 1929 2714 ihres Wesens und die Fassade ihres Wesens stehen in keinem
1910 2645 3150 2731 selbstquälender Glückszerstörer von dem Stamme der Hof¬
139 2660 1923 2754 werden müssen. Weil jetzt organischen Zusammenhang. Denn was die Seele sich auf¬
1908 2707 3144 2770 reiter, und in ihm liegt das insolente Verlangen nach
150 2709 727 2772 wie gerade im Ausnahms¬
709 2724 1920 2793 baut, das Gemüt ersehnt, die Triebe fordern, wozu der
1921 2746 3150 2814 unerworbener, opferlos erkaufter Liebe, an der Fichtner
150 2764 1918 2846 nn Zerskörung und Kampf Ville und das innerste Gesetz den Einzelnen treibt, ver¬
1914 2790 3151 2875 im „Einsamen Weg“ Schiffbruch leidet. Ormin ist wohl
162 2825 3151 2910 nmit Vernichtung drohen, äidert, so wie es über die Schwelle des Bewußtseins ge=in der verhaltenen, uneingestandenen Glut einstigen
144 2863 723 2922 eDaseinsfülle sucht. Weil
701 2863 3147 2962 lingt, Sinn und Ziel. Nur „was wir getan und gelebt, nicht Erlebens, in der äußersten Verfeinerung seiner „geschmack¬
165 2907 3169 2999 einem leidenschaftlicheren pas wir gewürscht und ersehnt haben“ gilt vor Mensch zu voll eingerichteten Seele“ in der schwermütigen Gefaßt¬
146 2952 1922 3036 rlebt heißer, rascher, kom=Nensch. Das nun ist eben unsere Einsamkeit, daß wir un¬
1907 2981 3154 3069 heit seines Todeswissens ein entfernter Sprosse aus dem
156 3007 3142 3091 Ausnahmszustand hat die lewußt als Masken unseres Selbst auch vor den Liebsten Geschlecht derer von Sala. Klara aber, diese Frau, die
152 3050 941 3128 bereiter gemacht. Mehr als erscheinen.
1908 3075 3145 3151 ihrem Mann zur Seite steht ein Leben lang, die sich mitten
156 3100 734 3173 tik aller Lebensbeziehungen
808 3114 3143 3202 So haben in der „Stunde des Erkennens“ drei im reißenden Strom der Leidenschaft an ihn klammert wie
153 3148 3147 3251 ieg und Frieden“, in dem lMenschen nebeneinander, ja auseinander hin gelebt, obwohl an den Pfahl der Pflicht, Klara, die wohl in einem Augen¬
154 3196 3136 3288 der Kriege nennen könnte, sie aufs engste sich miteinander verknüpft wähnten. In dem blick der Vereinsamung irrt, dennoch aber ihr eigentlichstes
151 3245 3156 3361 der Menschheit gesprochen, Augenblick, da sie dazu getrieben werden, Abrechnung zu Wesen opfert, um die Stelle auszufüllen, an die das
