3344 4320
1440 146 2440 188 sauch hier eine sehr ernste „große Szene“ das
1451 163 2543 277 eigentliche Rückarat bildet. „Das Bacchusfest“ ist7)
1443 230 2318 277 mit dem alten Cyprinne=Motiv ein Lustspiel.
1536 273 2423 330 Der Inhalt der drei Stücke ist der folgende:
1449 310 2417 367 „Die Stunde des Erkennens“ kommt für den prak.
1441 341 2430 410 tischen Arzi Dr. Karl Eckold (Harry Walden)
1446 401 2375 448 und dessen Frau Klara (Frau Bleibtreu), d
1444 443 2416 501 der langjährige Freund des Hauses und Siudien,“
1440 481 2445 546 genosse Eckolds, Professor Dr. Rudolf Ormin (Herr ½#
1447 534 2515 600 Devrien!) Abschied nimmt, um mit einer Sani¬ 7#
1440 572 2425 622 tätskolonne auf den Kriegsschauplatz abzugehen.
1449 619 2431 656 Klara war einst Ormin viel, noch mehr aber dem
2432 570 2523 695 7
1436 661 2425 712 dritten Jugendfreunde Földling, der gleichzeitig
1440 702 2415 749 mit Ormin als Kriegskorrespondent abreist. Eckolds
1451 743 2427 801 Tochter Bettine hat eben geheiratet, befindet sich
1443 787 2422 848 auf der Hochzeitsreise, die in ihrem künftigen
1447 826 2426 885 Wohnorte Berlin endet. Bei diesem Abschiede
1450 861 2423 931 kommt es, während Dr. Eckold im Nebenzimmer
1439 903 2428 969 die ärztliche Ordination abhält, zwischen seiner
1452 954 2422 1000 Frau Klara und Ormin zur Aussprache. „Es war
1441 993 2415 1055 schön und gut, daß Sie, daß wir Beide in dieser
1446 1043 2403 1101 Stunde — endlich die Wahrheit gesprochen haben“
1445 1070 2419 1141 sagt Ormin. Nachdem dieser fort ist, macht Eckold
1446 1131 2422 1179 seiner überraschten Frau den Vorschlag, zur Toch¬
1448 1180 2418 1234 ter Bettine. nach Berlin zu übersiedeln. Das schein¬
1445 1214 2420 1267 bar sehr harmonische Zusammenleben der Eheleute
1444 1269 2423 1317 war in den letzten zehn Jahren eine Lüge. Eckold
1446 1290 2412 1356 wußte genau vom Verrat seiner Frau. „Den äußer¬
1437 1331 2420 1404 lich ruhigen Lauf unserer Existenz zu unterbrechen,
1447 1388 2414 1441 eine so tiefgehende Erschütterung unserer Lebens¬
1428 1414 2418 1489 verhältnisse hervorzurufen, das wäre höchst un¬
1435 1480 2417 1518 praktisch, ja sogar unmoralisch gewesen. Und ge¬
1444 1519 2424 1573 radeso unmoralisch wäre es, wenn wir nun weiter
1432 1561 2414 1609 zusammen lebten, nachdem Bettine nicht mehr im
1433 1597 2425 1655 Hause ist“. Das ist die Erklärung des Ehegatten.
1439 1650 2416 1706 Er hat in der Tiefe seiner Soele seine Existenz
1425 1694 2407 1756 von der seiner Frau getrennt und der Stunde ent¬
1433 1732 2423 1793 gegengelebt, die nun endlich gekommen ist. Gebro¬
1446 1775 2057 1839 chen verläßt Klara das Haus.
1542 1807 2421 1884 „Die große Szene“ ist ein Schauspielerstück
1431 1871 2414 1918 und nach Berlin verlegt. Man glaubt, die Figuren
1442 1908 2417 1965 und die Schicksale zu kennen, Schnitzler — vielleicht
1437 1956 2417 2012 aus seiner nicht zu fernen Umgebung — dichteri¬
1438 1990 2406 2056 sches Leben gibt. Der gefeierte „Star“ Konrad
1442 2046 2408 2099 Herbot (Harry Walden) lebt im Hotel. Zum
1434 2084 2412 2147 wiederholten Male hat er seine brave Frau (Fran
1442 2130 2401 2188 Modelsky) betrogen, die seine verständigste
1435 2165 2417 2213 Kameradin, sein klügster Berater und sein bester
1428 2212 2409 2268 Regisseur ist, an seinen Erfolgen also ihren großen
1432 2261 2407 2302 Anteil hat. Fran Sophie liebt ihn, Herbot sie auch,
1434 2301 2407 2358 was ihn aber nicht hindert, sie fortlaufend zu be¬
1424 2344 2405 2409 trügen. Im Sommer hat es Herbot mit der Braut
1434 2390 2412 2444 eines braven jungen Mannes Edgar Gley (Herr
1439 2436 2406 2495 Gerasch) arg getrieben, ist allnächtlich zu ihr
1435 2473 2406 2529 durchs Fenster eingestiegen. Das wurde Frau
1428 2501 2399 2571 Sophie zu bunt und sie ist auf und davon. Darüher
1437 2561 2408 2602 ist Herbot sehr unglücklich, er kehrte nach Berlin
1441 2611 2407 2662 zurück, zog ins Hotel und schwor, seine schöne Woh¬
1431 2645 2401 2701 nung nicht früher zu betreten, als Arm in Arm
1441 2691 2404 2742 mit seiner Frau. Der brave Theaterdirektor Dr.
1439 2730 2402 2778 Falk (Herr Tiedtke), der die Menschen und
1442 2772 2400 2822 Komödianten richtig zu werten weiß, hat Fran
1432 2815 2412 2863 Sophie durch bewegliche Briefe veranlaßt, wieder
1428 2866 2403 2919 zu ihrem Manne zurückzukehren. Dazu haben ihn
1429 2905 2397 2956 auch praktische Erwägungen getrieben, denn Dr.
1441 2947 2406 3001 Falk hat unter den Star=Launen seines ersten
1430 2988 2398 3047 Schauspielers viel zu leiden und kennt den heif¬
1440 3034 2400 3085 samen Einfluß der Frau Sophie. Die Ehe scheint
1439 3082 2399 3135 sich wieder zu leimen. Da kommt Dr. Gley, um
1430 3116 2397 3187 Herbot inständig zu bitten, ihm die Wahrheit zu
1426 3167 2394 3217 sagen, was zwischen ihm und seiner Braut vorge¬
1438 3209 2379 3268 gangen sei. Nun setzt die „Komödie der Worte“
1425 3256 2404 3312 ein, Herbot spielt die „große Szene“ Er erzählt
1418 3305 2400 3356 dem armen Jungen einen Roman, als wenn er um
1431 3341 2397 3400 dessen Braut beinahe toll geworden wäre, und sie
1417 3387 2391 3442 hätte ihn nicht erhört. Frau Sophie hat aus dem
1421 3429 2395 3487 Nebenzimmer alles mitangehört, vor so viel Lüge
1418 3467 2378 3528 erfaßt sie ein Ekel, ein Grauen, sie will wieder fort,
1423 3510 2401 3564 doch dem Sophisten Dr. Falk gelingt es, ihren Sinn
1414 3539 2386 3622 zu wenden, zumaml Herbot allen Ernstes nicht auf¬
1426 3607 2395 3661 treten will, wenn er seine Frau nicht in der Loge
1429 3636 1542 3697 sieht.
1501 3677 2389 3729 Der dritte Einakter, „Das Bacchusfest“, führt
1418 3728 2391 3786 uns in die Salzburger Bahnhofshalle. Dort er¬
1422 3769 2401 3815 wartet Frau Aznes Staufner (Frl. Wohlge¬
1410 3817 2388 3874 muth) ihren mit dem Zuge aus Innsbruck ein¬
1414 3838 2387 3912 troffenden Gatten, den Schriftsteller Felir Stauf¬
1417 3906 2383 3959 ner (Harry Walden). Sie ist von Herrn Dr.
1414 3947 2384 4004 Guido Wernig (Herrn Romberg) berleitet. Vor
1427 3982 2385 4048 sechs Wochen hat sie an derselben Stelle von ihremt
1392 4035 2380 4087 Manne Abschied genommen. Fünf Jahre war sie
