3344 4320
1189 183 1254 258 W
2087 190 2541 286 box 32/1
219 200 2050 300 26.1. Kondedie der gorteZuklug
665 1286 1863 1368 Kollegen der beiden, einem Stiefkind des Schicksals, hin, dem der
1884 1309 3092 1372 Grunde liegt. Schnitzler war niemals witziger, als in diesem
678 1353 1867 1397 eine Augenblick ihrer Gnade Sonnenschein für seinen ganzen kom¬
1892 1349 3087 1412 Wirbelsturm von parodistischen Einfällen. Harry Walden
109 1259 611 1440 ie der Worte“
674 1388 1879 1454 menden Lebenslauf sein soll. So glaubte sie (sofern ich die über¬
1877 1399 3085 1459 hielt sich als Konrad Herbott dem Schnitzlerschen Urbild ebenbürtig.
673 1432 1872 1496 spitzte Selbstverteidigung der Dame beim ersten Anhören oder Be¬
1889 1441 3103 1488 Es war ein Volltreffer von Dichter und Darsteller. Frau We¬
676 1471 1878 1537 deuten nicht mißverstehe) in der Untreue treu geblieben zu sein,
1885 1472 3093 1524 delsky als Gattin und Tiedtke als milder Klugredner in der
115 1451 582 1599 steheim. 7.
681 1519 1880 1585 im übrigen durch ihre sonstige untadelige Lebensführung Per¬
1877 1523 2969 1589 Rolle des Direktors waren die Vollkommenheit in Person.
674 1558 1879 1622 jährung ansprechen zu können. Unheilbar gekränkt durch die harte,
1926 1556 3091 1637 „Das Bacchusfest“ scheint Seitensprünge in Schriftsteller¬
670 1609 1874 1666 späte, unerwartete Rache des Gatten, dem sie den eigentlichen
1888 1602 3096 1667 Ehen als unvermeidliche Natürlichkeiten erklären zu wollen. Ein
204 1597 627 1691 Wien, 12. Oktober.
680 1649 1879 1702 Nebenbuhler gar nicht nennt —, ihr Beichtiger wird, kurios ge¬
1877 1660 3091 1705 Literat, Felix Steufner, der seiner Gattin gelegentlich wieder ein¬
121 1664 659 1739 der Taten ein gefährlicherer
683 1679 1869 1761 nug, der fälschlich als Ehebrecher verdächtige Ormin — geht sie
1880 1697 3097 1742 mal ein paar Wochen sich entzogen hat, sticht einen philiströsen
115 1728 666 1793 benken als der Sammelname,
676 1738 1868 1791 freiwillig aus dieser Welt. Für die Sophistereien und Subtili¬
1884 1742 3092 1799 Doktor der Chemie, den sich die Verlassene mittlerweile als Tröster
115 1771 669 1824 führung im Burgtheater
680 1768 1878 1826 täten dieser Frauenseele, die sich für sauber zu halten scheint, dürf¬
1889 1791 3097 1841 gefallen ließ, mit einem Uebermaß von Zungengeläufigkeit aus.
106 1814 657 1870 ählt hat: „Komödie der
667 1815 1869 1895 ten sich, selbst wenn sie so überlegen vorgetragen wurden wie von
1881 1836 3095 1890 Text: unerläßliche Notwendigkeit, um nicht zu sagen Heiligkeit
120 1853 665 1921 eneral=Nenner seiner jüngsten
667 1862 1547 1934 Frau Bleibtreu wenig Gläubige finden.
1880 1880 3094 1921 von gelegentlicher Saturnalien=Freiheit in unseren, wie in alten
111 1898 668 1958 n „Stunde des Erken¬
708 1891 1873 1969 Tröstlich, nicht bloß als Gegenstück zu dieser Verkannten, wirkt
1886 1906 3094 1972 Zeiten. Nachdem seine Suada den Lästigen ausgiebig hinaus¬
108 1929 675 2005 n Szene“ und des tragi¬
682 1946 1871 2015 die „große Szene“: ihr Held ist, um ein vielbelächeltes Wort
1881 1964 3089 2026 befördert und die gekränkte Gattin mit neuer Zärtlichkeit für den
113 1990 670 2049 cheinlich ironisch: allemal geht
678 1986 1883 2044 Otto Brahms zu wiederholen, ein „Cäsar deutscher Schauspielkunst“.
1880 2004 3091 2067 Ausnahmsmenschen in der Einbildung erfüllt hat, entladet sich der
112 2033 670 2094 viel Heuchelei, bestenfalls wie
668 2038 1873 2098 Einer der Virtuosen, die halb Kind, halb Hanswurst wie Triumpha¬
1890 2054 3085 2105 Groll des (trotz aller Ehestands=Philosophie) grimmig Gereizten
119 2076 673 2130 oßen Worten von Liebe und
679 2082 1874 2135 toren durch die Lande ziehen, die kompakte Mehrheit der Weiblein
1880 2097 3088 2139 in dem Wutschrei: „Ich hasse Dich!“ Der Zuhörer, der vor Jahr
110 2112 664 2175 uns der Dramatiker in jedem
685 2133 1871 2176 widerstandslos zu ihren Füßen sehen. Sie müssen die hingebendste
1875 2138 3093 2199 und Tag über ähnliche windige Burschen in Schnitzlers Lustspiel:
121 2152 675 2225 entwickeln seine Wortführer,
672 2170 1877 2245 Mustergattin naturnotwendig betrügen, arglos mit aller Welt,
1883 2187 3088 2240 „Literatur“ ins Reine gekommen, nimmt diesen Ausbruch so
114 2212 671 2267 roßen Szene“, dem weitaus
676 2216 1877 2273 angefangen beim eigenen Ich, Komödie spielen und in kritischen
1879 2227 3087 2289 wenig tragisch wie die nicht minder tobsüchtige Antwort der
110 2253 663 2312 klassen; zuletzt in wilden Hohn
677 2257 1879 2321 Augenblicken bewußt und unbewußt zu jeder Gemeinheit und In¬
1890 2277 3085 2318 Gattin. Das Pärchen ist einander wert: seiner Komödie der
113 2296 670 2349 litzler in seinem Ehezucht= oder
672 2301 1877 2369 famie sich verstehen. Konrad Herbott hat nach einem sehr bösesten
1878 2316 3089 2374 Worte wird ehebaldigst eine Versöhnungs=Komödie ohne Worte
110 2342 664 2390 lägt, führt uns in einen an¬
672 2346 1880 2424 Streiche — er verführte die blutjunge Braut eines braven Bürgers¬
1878 2358 3086 2438 folgen. Mit Lessing zu reden: Ein Schlußkapitelchen. Je zyni¬
107 2378 661 2448 ntelangen Erfahrungen gleich
678 2392 1870 2454 sohnes — seiner unübertrefflichen Frau versprochen, sie wenigstens
1883 2398 2243 2466 scher, desto besser.
107 2428 668 2481 Erkennens“ zu Aerzten; „Große
673 2431 1872 2493 nie mehr zu belügen. Im nächsten Moment meldet sich der be¬
1920 2449 3090 2509 Wie lange diese Gaben Schnitzlers unsere Theatergänger anziehen
117 2466 661 2529 husfest“ zu Literatur=Zigeunern.
671 2480 1870 2537 trogene Bräutigam und fragt unter vier Augen den Mimen auf
1881 2470 3096 2561 werden, ist leicht zu sagen. So lange sie so meisterhaft gegeben
115 2506 672 2575 d, wie ich besorge, auch künst¬
673 2520 1881 2570 Ehr und Gewissen, ob er der Geliebte seiner Verlobten gewesen?
1884 2538 3089 2600 werden, wie im Burgtheater. Die „Große Szene“ hat nun gar
124 2535 662 2621 Medizinern, ziemlich unsicher
672 2569 1880 2628 Die „große Szene“, die Herbott seinem Besucher vorgaukelt, die
1880 2576 3094 2639 die Gewähr, ein langlebiges Virtuosenstück für alle leidlichen
108 2597 668 2675 ichsten, mindestens für den Zu¬
679 2597 1877 2672 Frechheit, mit der er ihm einen für diesen Fall vorbereiteten, mit
1885 2633 3093 2688 „Mauernweiber“ zu werden. Im übrigen aber hoffen wir, daß
676 2650 1871 2707 dem Luderchen von Braut vorher abgekarteten erzverlogenen Brief
1880 2666 3094 2736 uns Schnitzler bald wieder anderes, seinem „Professor Bernhardi“.
683 2697 1791 2748 in allen Spielarten und Tönen seiner Kunst vorliest, gehört —
110 2673 667 2742 des Erkennens“. Doktor
1882 2714 3084 2761 Gemäßeres bescheren wird. Sein bedeutendster Wiener Kunst¬
676 2741 1865 2798 widerspruchsvoll das klingt — zum Unglaublichsten und zugleich
145 2724 664 2803 seine Tochter ausgeheiratet.
1886 2751 3087 2811 genosse Schönherr vollendet eben sein, lange vor Ausbruch des
671 2786 1876 2845 lebenswahr Gemutendsten, was man auf der Bretterwelt sehen
101 2781 673 2844 eise angetreten, sagt er seiner
1876 2799 3096 2857 Weltkrieges begonnenes, im Tiroler=Jahr 1809 spielendes, zeit¬
680 2828 1878 2901 kann. Die Gattin, eine reine Natur, die Zeugin dieser naiven
102 2814 662 2889 s verlassen. Zehn Jahre lang
1875 2831 3092 2907 gerechteres, gewaltiges Werk „Ein Volk in Not“. Und wir alten Herren
114 2865 671 2923 eigend getragen, daß sie ihm
668 2870 1879 2934 Niedertracht geworden, will für immer von diesem genialen Qua¬
1876 2884 3087 2940 geben die Zuversicht nicht auf, daß die große deutsche Kunst in diesem
111 2910 665 2980 es Grachtens vom Geschick mit
678 2916 1871 2975 dratlumpen sich trennen. Der Unband aber überwältigt jeden
1876 2925 3087 2990 Weltkrieg so wenig feiern wird wie während der Revolutions¬
125 2960 664 3017 Professor Ormin —, untreu
680 2957 1879 3016 Widerstand. Als er seine Frau, der er in einer früheren Versöh¬
1876 2964 3078 3036 und napoleonischen Kriege, in denen mit die dauerhaftesten Stücke
127 3000 668 3065 f Frau Clara das Wort des
678 2996 1873 3062 nungsszene gesagt, er wolle heute abend den Hamlet für sie allein
1876 3018 3084 3077 Schillers, der Abschluß des ersten „Faust“, der „Prinz von Hom¬
110 3029 664 3104 ers zu, der nach Auerbachs
680 3052 1866 3101 spielen, nicht in der Loge sieht, läßt er den Vorhang nicht aufziehen,
1884 3056 3086 3104 burg“ und einige Schöpfungen Beethovens reiften, die Herz und
119 3093 670 3152 sagte: „Than han i's, aber
679 3076 1869 3156 das ganze Publikum mit dem Erzherzog obenan warten, rast heim
1876 3097 3084 3161 Ohr ungezählter Hörer, nicht zuletzt Bismarcks und Moltkes, labten.
122 3124 660 3203 g'moant hat“. Sie war in
672 3132 1864 3191 und ruht nicht, bis die Widerspenstige im Hauskleid ihm folgt.
1883 3147 3082 3224 Heute wie dazumal soll es heißen: Deutschland in der Welt voran!
130 3178 675 3235 einziges Mal untreu. Doch
677 3179 1879 3223 Schon einmal, im „Freiwild“ hat Schnitzler Schmierenvolk mit
1882 3185 2518 3244 Deutschland in der Kunst voran!
127 3217 672 3277 Ormin. Aus Angst, dieses
668 3222 1876 3290 überlegener Laune vor Augen gestellt. Seine Charakteristik von
115 3237 675 3318 eliebten halber, ihren Gatten,
682 3270 1884 3341 Konrad Herbott und seinen Leuten ist ein weit höher stehendes
1919 3267 3080 3333 Die Berliner Premiere des Schnitzlerschen Zyklus findet am
135 3311 2666 3371 sie sich einem unscheinbaren! Virtuosenstück, dem glücklichste Beobachtung der Wirklichkeit zu ] 22. Oktober im Lessinatheater statt.
