3392 4384
2147 195 2608 288 box 32/4
294 211 2002 305 26.1. Kongedie der Norte—Zykius
512 707 1772 875 turger Cerrespenden % 70 77
740 803 1030 892 Hamburg
1880 907 2548 983 —
1833 952 3111 1035 die Stunde des Erkennens ist im Grundgedanken zu anzweifel¬
728 959 1615 1059 Hus Kunst und Leben.
1835 999 3102 1078 bar der Gatte zu abstoßend mit seinem jahrelang verborgenen
1835 1044 3093 1115 Haß, um bei genauerem Hinsehen glaubhaft zu sein und zu
1837 1082 3090 1139 interessieren. Dem Abend war aber ein starker Erfolg beim
496 1000 1529 1187 ONV0I /0 Deutschee Schaufpielbaue.
1837 1124 3098 1192 Publikum beschieden. Allen drei Einaktern folgte anhaltender
604 1161 1799 1236 Fast klingt es wie bewußte Ironie auf die Zeit der Tra¬
1839 1163 3097 1213 Beifall, und die Künstler, die unter Montors kraftvoller
1845 1201 3101 1273 Spielleitung Vorzügliches leisteten und unter denen sich be¬
517 1201 1807 1284 gödie der Taten, wenn der Dichter sein in eben dieser Zeit
535 1252 1805 1314 erscheinendes Werk die Komödie der Worte benennt. Oder
1827 1244 3104 1318 sonders Herr Nhil, Herr Kreidemann, Herr Montor,
527 1274 1804 1360 auch wie Spott auf das eigene Schaffen, das, der engen Künstler¬
1832 1293 3090 1338 Herr Gebhardt, Herr Lang, Fräulein Serda und Fräu¬
533 1316 1795 1380 klause entstammend, der friedlichen Feder entfloß, während
1828 1328 3088 1406 lein Westhoven mit prächtigen Leistungen auszeichneten, wur¬
1823 1372 2535 1444 den unzählige Male hervorgerufen.
527 1364 1808 1437 draußen in heldenmütigem Ringen die köstlichsten Güter der
2815 1384 3065 1453 P. Al, K,
530 1400 1810 1480 Nation erkämpft werden. Der Titel unterstreicht doppelt und
526 1438 1805 1497 dreifach den Unterschied zwischen dem Werden und Wachsen einer
524 1497 1805 1550 neuen Zeit, der gewaltigen Reinigung und Hebung aller bestehen¬
517 1512 1799 1599 den Werte, aller Empfindungen und Hoffnungen, dem Aufblühen
528 1567 1803 1639 ungeahnter Ideale — und dem weltenfernen, von allem Geschehen
520 1626 1801 1667 unberührten Formen aus dem Gedanken heraus. Ist es Teil¬
519 1658 1791 1712 nahmlosigkeit oder Eingeständnis des Unvermögens, das über¬
528 1687 1802 1753 wältigende Bild der Gegenwart künstlerisch zu erfassen? Die
524 1733 1803 1810 Beantwortung dieser Frage sei dem Menschen und Dichter
524 1767 1805 1842 Arthur Schnitzler, dem Vierundfünfzigjährigen, über¬
521 1815 1803 1883 lassen, der sich mit den Worten Goethes erklären kann: „Kriegs¬
525 1848 1795 1921 lieder schreiben und im Zimmer sitzen — das wäre meine Art
525 1895 1798 1962 gewesen! Aus dem Biwak heraus, wo man nachts die Pferde
523 1940 1796 2003 der feindlichen Vorposten wiehern hört: da hatte ich es mir ge¬
517 1970 1809 2046 fallen lassen. Aber das war nicht mein Leben und nicht meine
519 2020 1797 2077 Sache, sondern die von Theodor Körner. Ihn kleiden seine
517 2060 1796 2128 Kriegslieder auch ganz vollkommen. Bei mir aber, der ich keine
522 2090 1807 2178 kriegerische Natur bin und keinen kriegerischen Sinn habe, würden
524 2136 1800 2223 Kriegslieder eine Maske gewesen sein, die mir sehr schlecht zu
518 2169 1019 2237 Gesicht gestanden hätte.“
592 2216 1798 2286 Halten wir uns also lediglich an den Dramatiker und betrach¬
511 2231 1786 2326 ten die vorliegenden drei Einakter Schnitzlers, die gestern ihre
519 2295 1781 2366 erste hiesige Aufführung erlebten. In allen dreien handelt es sich
524 2333 850 2388 um Ehen, die
941 2346 1796 2405 ihrem Bestand bedroht sind. Im ersten:
524 2371 1796 2443 Stunde des Erkennens gehen die Gatten auseinander,
520 2406 1786 2487 in: Große Szene und: Das Bacchusfest kommt alles
516 2461 1789 2533 wieder ins rechte Geleise, und die Getrennten kehren zu einander
512 2498 1786 2572 zurück. Der Hauptreiz der Schnitzlerschen Stücke, die, wie ihre
516 2542 1791 2598 Nebenbezeichnung sagt, wirklich mehr aus Worten, also aus
514 2578 1789 2646 Gesprächen, als aus Handlung bestehen, ist eben das Wort:
515 2620 1786 2696 die Grazie und Natürlichkeit des Dialogs. Es geht mit sicheren
518 2659 1786 2741 Schritten mitten in den Konflikt hinein, und die Lösung erfolgt
516 2698 1795 2771 mit der gleichen unverwirrbaren Leichtheit. Die Psychologie ist,
505 2744 1788 2811 wenn auch nicht immer tief, so doch im Augenblick einleuchtend,
503 2769 1797 2854 und das Ganze bietet sich fesselnd und anmutig dar. Eigentlich
506 2817 1792 2883 von wirklichem inneren und außeren Wert ist nur die: große
490 2847 1828 2950 (Stane. Das Bacchusfest ist sogar herzlich unbedeutend, und
564 3258 1404 3353 Neues Wiener Tagkis4, Wien
1235 3433 1531 3525 0MAR 1916
705 3536 1644 3632 * #lus Hamburg, 9. d., wird uns tele¬
1358 3606 1500 3642 Einalte
915 3600 1654 3664 Artur Slercmneris
636 3603 855 3678 Fraphiert:
654 3651 1652 3713 KKomödie der Worte“ sat bei der gestrigen Erst¬
635 3677 1665 3761 zufführung im Deutschen Schauspielhaus einen
639 3717 1652 3790 kroßen Erfolg errungen. Am Schlusse wurden der
630 3756 1664 3847 Spielleiter Max Montor nebst den Hauptdarstellern
617 3828 1101 3904 vielfach hervorgerufen.
3095 4103 3180 4180 Pe
