3344 4352
1174 274 1259 343 W
544 282 708 346 KOm
207 262 2531 353 26.1. Konsedie der Jorte Zuklus box 32/3
687 559 849 641 K
868 600 1596 720 Nattfscha Algemeine Zeit
447 638 1004 723 Ausschnitt aus:
1121 685 1330 775 Berlin.
445 744 624 806 vom:
714 734 1024 809 260K119 15
950 801 1033 885 ann
477 883 1409 988 Theater und Konzerte in Berlin.
427 975 1577 1053 -a. Im Lessingtheater spielte man am Sonnabend erstmals i
342 1040 1566 1091 drei Einakter von Arthurmödie der
345 1068 1572 1131 Worte; die im ganzen eige böchst verfänige, im einzelnen eine
348 1105 1581 1182 nach der Wärme stark abgestufte Aufnahme fanden. Der Gesamt¬
336 1153 1569 1199 titel scheint ein gemeinsames Programm der drei Einakter anzudeuten.
351 1184 1576 1253 Tatsächlich handelt es sich in allen Stücken um nichts anderes als
349 1224 1605 1302 Dialoge — allerdings solche, die nicht vom Wetter oder der jüngsten
359 1309 1592 1382 Hutmode handeln, sondern Lebensschicksale in sich bergen. Diese
360 1362 1080 1429 Worte bedeuten also tatsächlich so
1068 1362 1595 1429 viel und doch gleichzeitig
366 1408 1597 1464 wieder so wenig. Diese innerlich so bewegte Handlung in
355 1440 1594 1504 Worten ist doch gleichzeitig [Komödie, Schauspielertum vor sich
2182 1440 2734 1520 (Quellenangabe ohne Gewähr.)
361 1485 1589 1545 und anderen, keine xeine Wahrheit, sondern wie das ganze
359 1517 684 1578 Leben Theater.
2277 1507 3046 1598 esterreichische Volkszeitung
687 1521 884 1590 Es ist.
878 1515 1592 1582 eine reise, vielleicht überreise Er¬
1877 1521 2315 1607 Ausschnitt aus:
365 1553 1590 1605 fahrung und Weisheit, die aus dem süßen Gift dieser
2517 1572 2735 1658 Wien.
355 1597 1585 1646 technisch wunderbar konzentrierten, in Wortkunst meisterhaft gepflegten,
2169 1601 2516 1695 2607. 1975
362 1645 1598 1685 aber im Aufbau der Menschenschicksale gekünstelten, unglaubwurdig
1893 1627 2063 1697 vom:
349 1686 1582 1749 konstruierten, ästhetisch erklügelten Einakter spricht also ein
513 1710 1583 1779 en#r literarische und dramatische Feinschmecker,
352 1734 1585 1800 Kaviar für das Volk, wobei es jedem überlassen bleibt,
1985 1750 2896 1842 —Artur Schnitzlers Einakterzyklus
355 1793 1516 1862 dem Volk oder dem Kaviar die höhere Note zuzuweisen. 2
1881 1802 2896 1902 Homödie der Worte“ hatte Samstag im
362 1834 1580 1891 einem richtigen Genuß für Kenner wurde dieses erlesene
1875 1852 2890 1940 Birliner Lessingtheater bloß teilweise Erfolg. Man
362 1872 1575 1939 dramaturgische Menü aber doch erst durch die glänzende Mimenkunft
346 1917 1570 1956 Albert Bassermanns, der in drei ganz heterogenen Rollen die
1884 1918 2902 1974 rifhmnt „die amüsante Geistigkeit und Sprechkunst
351 1955 1582 2014 außerordentliche Kraft seines Temperaments und seiner Kunst seelische:
1891 1949 2889 2033 Ichnitzlers“ Immerhin hatte der anwesend ge¬
357 1993 1579 2037 Zergliederung mit hinreißender Eindringlichkeit bekundete. Die drei
1879 1971 2903 2067 nesene Verfasser Gelegenheit, mehrmals Hervo##
359 2027 1578 2079 Einakter sind eigentlich zu fein und zu schade, um in einem kurzen
1887 2039 2369 2141 aufen(Folge zu leisten.
365 2067 1575 2132 Abriß ein trockenes Skelett ihrer Handlung aufzustellen. Der erste:
363 2105 1585 2170 „Stunde des Erkennens“ ist bet weitem der bedeutendste,
360 2153 1565 2200 der eigentliche Träger des gedanklichen Leitmotivs. Ein Arzt Dr.
358 2192 1574 2249 Eckold nimmt nach zehn Jayren Rache an seiner Frau mit der er
350 2214 1575 2286 seither in scheinbar bestem Einvernehmen zusammengelebt,
349 2254 834 2320 wegen eines Ehebruchs.
837 2266 1574 2309 Er will in der ganzen Zeit dem
360 2306 1576 2358 Augenblick entgegengelebt haben, in dem er seine Rache in den tödlich
361 2340 1583 2392 demütigenden Worten ganz auskosten kann, mit denen er ihr die Türe
353 2375 1586 2438 weist. Er entlarvt sie und entlarvt sich. Die getreue Gattin wird
2188 2283 2714 2469 lterse en sete
349 2408 1577 2474 zur Sünderin, der biedermännische Gatte zum Verbrecher in Worten.
2275 2440 2818 2532 Sces Wieder Jburhel, Wie
357 2450 1568 2514 Aber die Worte töten: die Frau verschwindet auf Nimmerwieder¬
354 2500 1590 2558 sehen. Das Stück ist reich an Hebungen und Senkungen, an Wert¬
1891 2492 2317 2582 Ausschnitt aus:
346 2540 1571 2591 effekten und überraschenden Wendungen, aber bei aller Kunst des
357 2571 1576 2631 Dichters wirkt der Charakter des Arztes konstruiert — das Gesetz
2180 2574 2473 2658 S80K71911
355 2613 1583 2670 der Zeit spricht gegen ihn. Bassermann gab einen verknöcherten
1901 2613 2077 2676 vom:
2064 2627 2185 2714 1 1
347 2657 1575 2700 Fachmann von olientalischem Aussehen, einen Verbitterten,
2105 2631 3110 2734 twoch in Beilin die Elelta.
349 2696 1570 2751 der durch seinengfanatischen, alttestamentlichen Rachedurst plötzlich zu
1926 2693 3109 2799 9r Wie aus Berlin gemeldet wird, erzielte die Erstauf¬
344 2741 1568 2795 tragischer Höhe emporschoß. Gleich darauf kam Bassermannn wieder
352 2781 1565 2832 zur Unkenntlichkeit verwandelt in dem nächsten Stück „Große
1861 2743 3114 2853 führung von Artur Schuißlers „Komödie der Worte“ im
347 2806 1569 2851 Szene“, als großer ausgelassener Junge ganz jenseits von Gut und
1873 2777 3118 2902 Lessing=Theater großen Erfolg und trug dem anwesenden Dichter
346 2847 1579 2896 Böse mit unbezähmbarem Temperament — ein vergötterter Schau¬
1871 2849 3120 2954 zahlreiche Hervorrufe ein. Während der erste Einakter „Stunde
350 2888 1574 2945 spteler der auch das Leben fortwährend zum Theater macht, lügt,
1881 2900 3114 2991 des Erkennens“ keine besondere Wirkung übte, schlug der zweite,
357 2931 1573 2982 daß sich die Balken biegen, ein Vollblutkünstler, der alle Schranken
1868 2942 3121 3033 die „Große Szene“ stark ein und das „Barchusfest“ amüsierte
357 2964 1567 3016 bürgerlicher Moral niederreißt und nur das eine Bedürfnis
353 2998 1580 3058 kennt, sich zu spielen sich auszutoben in gemalten Leidenschaften
1891 2985 3169 3098 sehr. Bassermann, der in allen drei Stücken auftrat, war glänzend###
357 3042 1582 3090 im Leben wie auf der Bühne. Er hat die Braut eines Freundes
1991 3046 2965 3152 * Aus Berlin wird uns telesraut1—
357 3083 1575 3138 verführt, den Bräutigam betrogen. Von dem Bräutigam zur Rechen¬
364 3127 1569 3181 schaft gezogen macht er aus der Szene ein Theater, er spielt ihm,
357 3164 1565 3218 selber hingerissen von dem tödlichen Ernft des Augenblicks eine
365 3205 1573 3257 Szene vor, Wahrbeit und Dichtung geschickt durcheinandermischend,
360 3237 1576 3291 und wie auf der Bübne genießt er auch hier in der Wirklichkeit einen
362 3283 1570 3341 durchschlagenden Erfolg. Seine Frau, die eben erst zu ihm zurück¬
363 3320 1573 3375 gekehrt, hat die ganze Szene im Nebenzimmer mitangehört;
361 3361 1568 3407 angewidert von dieser abgrundtiefen Verlogenheit, will sie ihn
852 3385 1575 3454 Aber das siegreiche Temperament
370 3392 868 3461 nun endgültig verlassen.
368 3438 1578 3493 des Schauspielers, der schnell eine neue große Szene improvisiert,
355 3468 1580 3530 gewinnt auch diese zweite schwerere Schlacht, das moralinfreie Tem¬
363 3510 1571 3565 perament des großen Mimen siegt auf der ganzen Linie. Basser¬
357 3556 1584 3611 mann gab diesen kraftstrotzenden, seinen Ueberschuß nach allen Seiten
368 3597 1569 3646 ausströmenden Rassenmenschen mit prachtvollem Schwung, er rettete
364 3626 1568 3686 die Rolle die an der Grenze des unfreiwillig Komischen steht
363 3667 1571 3727 Beifallssalven, unzählige Hervorrufe dankten dem Dichter, der sich
364 3709 1560 3763 aus Wien persönlich hier eingefunden, und seinem kongentalen Inter
356 3750 1575 3794 preten. — Schwächer wirkte das „Bacchusfest“ in dem ein
362 3790 1578 3840 Schriftsteller einen jungen Fant, der im Begriff ist, ihm seine Frau
368 3819 1575 3877 zu entführen, bloß durch seine überlegen wirkende Gegenwart und die
369 3864 1568 3914 Macht seiner Rede sanft, aber nachdrücklich zur Türe hinauskom¬
366 3907 1570 3956 plimentiert. Sehr anziehend wirkte hier das Bühnenbild, darstellend
373 3945 1552 3999 die stark belebte Bahnhofehalle einer österreichischen Gebirgsstadt. —
361 3978 1571 4038 Im zweiten Akt entstand eine zuerst bedenklich aussehende Störung
366 4020 1567 4069 durch ein hartnäckiges Geräusch, das ein Rohrbruch in der Ventilation
358 4061 1583 4107 verursachte. Der eiserne Vorhang mußte einen Augenblick nieder¬
359 4090 1585 4164 gehen, bis das Geräusch verschwunden und die Ruhe wiedergekehrt war.
