3296 4352
2008 188 2479 292 box 32/1
144 195 1875 281 26.1. Kongedie der Nortezyklus
935 1065 1922 1142 —  — — —
2258 1074 3171 1164 — — — Hcspeeld nuhls uud in auen
64 1102 168 1201 —
747 1017 1970 1238 Aieh, wat und en Schuister ieh und ven Niche Ber
1989 1156 3169 1269 Diser Einalter besieht ner aus Dialogen, ober sie sind mit
637 1208 3154 1301 soignierte Form, die Tiefe des Erkennens und die Melancholie bohrender Gründlichkeit geführt, steigern sich, ohne sich scheinbar
38 1193 623 1335 eton. ##1
651 1272 3164 1326 der Gedanken, der zeitlich erhöhte Witz, der bildhafte Sinn fürs von der sachlichen Linie zu entfernen, dramatisch hinauf. Man
648 1314 3161 1368 Wirkliche, ist auch in den drei Einaktern vertreten, die jetzt neu könnte die Gedankenwege für verschroben, das zehnjährige
339 1192 646 1420 820
36 1330 291 1421 eater.
647 1368 3152 1436 im Burgtheater aufgeführt werden Bloß die Maschinerie stockt ein Schweigen des Mannes für unwahrscheinlich halten. Aber das
51 1392 668 1492 ei Einakter von Artur
647 1426 3168 1470 wenig, das Tempo wird umständlicher. Einmal hatte Schnitzler eine Ganze ist nur eine Spielart der Empfindungen für Spielarten
652 1461 3154 1540 einzige lebendige Stunde, die Kraft eines einzigen Erlebnisses der Seele. Mann und Frau sind genau so wahrscheinlich, wie sie
651 1510 3164 1564 höher gestellt als Worte und Kunst. Jetzt scheint ihm die Kraft unwahrscheinlich sind, sie sind Produkt von Realitäten des Lebens
42 1536 305 1635 acobson.
647 1562 3153 1632 des Erlebten zurückzutreten vor dem Triumph der Masken. Denn oder einer gesellschaftlichen Hemmung, Sache der Erziehung oder
648 1604 3157 1661 was er Komödie der Worte nennt, ist bloß die Maske, hinter der der Literatur, die ja öfter als man glaubt, zugleich Lebens¬
61 1619 636 1693 eine Komödie der Worte. In
652 1656 2116 1736 sich Menschen, Gedanken, Gefühle, Seelen verstecken. Die wahren rezept ist.
55 1669 668 1738 s dem Schreibenden meist klarer
647 1697 1919 1785 Gesichter werden freilich nicht zur Fratze; dazu sieht Schnitzler
39 1719 668 1801 en Stück Artur Schnitzlers geht
1990 1719 3151 1796 Der zweite Einakter ist die „Große Szene“. Dieser hat schon
645 1747 1247 1831 viel zu gütig und verstehend.
36 1772 135 1840 .
112 1774 656 1836 Man empfindet respekt¬
1872 1760 3156 1840 freundlichere Lichter, und zeigt vielleicht viel schärfer als man es
46 1809 671 1891 en in das Geistige seiner Arbeit,
756 1828 3150 1898 „Stunde des Erkennens“ heißt das erste Stück. Mann erklären könnte, daß Schnitzler überhaupt aus dem Metier des Theaters
40 1874 657 1935 hren Gehalt zu erklären. Man
649 1835 3162 1939 und Frau, sie vierzig, er fünfundvierig, halten Abrechnung. Die heraus das Leben sieht. Ihm ist alles ringsum Kulisse, die Menschen
46 1915 663 1989 gen, und in Worten, die führen
645 1911 3139 1996 Tochter hat sich tags vorher verheiratet und nun will der Gatte nur Darsteller bestimmtes Rollen, die einander bloß Stichworte
46 1973 3145 2043 nd den Ideenkreis zu umreißen, die Gemeinschaft lösen. Er sagt es trocken, sachlich, ohne tragischen bringen und nie ihr eigenes Gesicht zeigen; die immer nur
54 2008 3153 2091 Ernst und die Würde einer oder hestigen Beiklang. Er hat zehn Jahre auf diesen Augenblick Komödie für andere und vor sich selber spielen und den wahren
99 2057 658 2128 Leben hineinhorcht und
652 2063 3161 2132 gewartet, ihn herbeigesehnt und dennoch geschwiegen, bis die menschlichen Ton, wenn er erklingt, wie etwas Fremdartiges
39 2099 3150 2187 rrät, hervorholt und bloßlegt. Tochter aus dem Hause war. Zehn Jahre lang wußte er, daß ihnsempfinden. Hier verrät sich Schnitzler fast und läßt durchschimmern,
44 2143 3143 2228 t das neue Werk nun gesehen, die Frau in einem krittschen Augenblick ihrer Ehe mit einem daß er mehr aus der Literatur als aus dem Leben empfängt.
34 2201 3148 2262 nd ausbegleiten. Es ist schon im Freund betrogen hatte; er konnte es nicht verwinden, hielt das Ein berühmter Schauspieler, leichtlebig, gutmütig, eitel, vow
31 2253 3153 2334 nan gedacht hat und so gilt es. Zusammenleben aufrecht, aber er wartete auf den Tag, an demMetier ins Tatsächliche, vom Tatsächlichen ins Metier fallend,
40 2305 3143 2370 lägt plötzlich die Stunde des er es ihr, kalt im Blut und Gemüt, sagen werde. Sie hatte ihn betrügt seine Frau. Sie kann sich damit nicht abfinden; ihm
89 2366 3142 2422 der Worte tut sich auf. unterschätzt, glaubte ihm eine Gefährtin zu sein, wo sie doch nur bedeutet so ein Fall gar nichts, ihr ist es ein ewig neuer Schmerz.
42 2401 3148 2477 es nichts Neues über Schnitzler ein Heim sah, empfand wohl, daß sie zu ihm gehöre, aber in ihr Dabei liebt er die Frau, kann sie nicht entbehren. Nun ist sie, die
51 2447 3153 2514 lten Worte wieder sein können, lebte die Liebe zu einem, der nicht wie ihr Gatte ihm davonlief, wieder, zurückgekommen und wird plötzlich Zeugin,
101 2488 1897 2561 er wieder geschrieben, die den Lebensweg jener führte, die den inneren Auftrieb haben.
1872 2484 3144 2550 wie er den Bräutigam eines von ihm verführten Mädchens
36 2544 3154 2590 her gedacht hat. daß alles was Das ist nun alles lange her. Ihre Wünsche sind eingeschlafen, nur beruhigt, beschwichtigt, wie er ihm die „große Szene“ vorspielt vor
43 2590 3161 2651 g ist, mit kleinen Erweiterungen ihre Gedanken blieben wach. Sie kann sich nicht verteidigen. Liebe, Leidenschaft, Entsagung, bis der andere weggeht und wirklich
43 2634 671 2700 einem Satz aus dem Paracelsus
657 2638 3139 2696 Zwar, einmal möchte sie ihm sagen, daß alles nicht wahr sei, glaubt, es sei nichts geschehen Der Schauspieler hat eine Komödie
33 2687 669 2758 n andern, nichts von uns“ die
662 2672 3148 2741 nämlich als sie merkt, daß er einen ganz anderen für ihren der Worte gespielt, so echt, daß sie betnahe wahrscheinlich wurden,
33 2732 3147 2794 iel, aber es hat bereits den Geliebten hielt, einen, dem sie nicht angehört hat, für den sie nur hat sich so hineingeredet, daß er sie beinahe selber glaubt. Er ist
41 2783 3148 2846 -Artistischen. Der Kreis der Liebe empfand; aber sie gibt es auf. Und nun, da es leer um mit sich zufrieden; er hat als Schauspieler sich selbst gespielt. Der
40 2833 3146 2890 er; das Leben schrumpft zu= sie geworden ist, da ihr Platz nicht mehr in diesem Hause ist, als Gattin aber schaudert; sie empfindet nur die Maske, das Unwahre,
58 2887 3149 2929 macht hier Halt und erschöpft Kameradin, wie sie glaubte, nimmt sie Mantel und Hut und geht und ihr ist, als wäre ihr Platz nicht an seiner Seite, sondern
52 2925 1740 2991 Untreue Wahrhaftig, auch für Rasch ein paar Worte zum Abschied ... nein ...
1716 2924 3154 2997 Es hat dort, wo andere Wünsche nach Liebe und Einsamkeit sich ihr erfüllen
76 2975 3140 3026 irgendeinem der Sinn der keinen Zweck. Worte würden ja doch nur lügen. Sie geht. Ob inkönnten. Aber sie kann nicht los; sie möchte fort, aber er hält
35 3018 3141 3079 ichten in eine Komödie der den Tod? Es sieht so aus, bleibt aber unausgesprochen. Vielleicht sie Und wenn sie geht, wird sie wieder zu ihm zurückkehren? Denn
60 3066 3154 3151 achtungsvoller Betrachtung nicht zum Geliebten, der morgen mit einem Schiff als Arzt nach Japan die Seele ist ein weites Land, hat Schnitzler uns schon vor Jahren
646 3116 828 3197 abreist.
1864 3119 2104 3200 versichert.
2981 4105 3117 4175 1
