3392 4256
1879 118 1940 180 1
1873 123 2221 253 gonl.
165 127 541 253 t. 7 1878
133 210 496 326 SPOST, WIER
1874 245 2870 379 d deutsche Truppen?
1876 383 3043 488 lauer als Dilot den vlelgenannten italienischen
120 397 714 522 er Direktion
1889 466 3032 548 agbslieger Major Barcca am 19. Juni abge¬
1881 506 2190 590 hossen hat.
134 494 439 624 kovich.
2227 536 3005 640 Der Chef des Generalstabes.“
177 585 664 695 Wien, am 3. Juli.
2460 628 3010 727 Berlin, 3. Juli. (Amtlich.)
117 664 693 748 terdirektor sagt man ge¬
1945 709 3011 769 „Großes Hauptquartier, den 3. Juli 1918.
125 722 695 791 it seinen Leistungen zufrie¬
2044 759 2867 832 Westlicher Kriegsschauplatz.
108 781 694 857 Der ein paar vorwurfsvolle
1953 801 3041 866 Heeresgruppe Kronprinz Rupprechts
110 820 705 907 htigen, kritischen Ueberblick
1857 840 3038 929 Erfolgreiche Erkundungsgefechte. Stärkere Vor¬
113 878 712 969 tseinen Abgang oder heißt
1864 923 3042 972 stöße der Engländer bei Merris und Moyenne¬
130 942 703 1015 Uebrigen bald genug dem
1857 951 3055 1028 ville (südlich von Arras scheiterten. In örtlichen
128 991 698 1065 t zu, denn das Leben, dieses
1851 1002 3045 1091 Kämpfen nordwestlich von Albert machten wir
132 1020 714 1114 e“ Leben gestattet uns nicht,
1855 1044 2164 1123 Gefängene.
108 1110 698 1171 en Gewesenen zu verweilen.
1947 1072 3047 1184 Heeresgruppe Deutscher Kronprinz:
1849 1112 3038 1200 Nördlich der Aisne haben sich heute früh ört¬
112 1142 700 1222 illenkovich, der, als er am
1866 1196 3044 1269 liche Kämpfe entwickelt. Zwischen Aisne und
105 1208 698 1277 n Vorstellung dieses Spiel¬
1866 1250 3050 1309 Marne hielt rege Tätigkeit des Feindes an.
119 1254 703 1324 ammenräumte, schon wußte,
1866 1298 3047 1372 Teilangriffe bei St. Pierre—Aigle und westlich
115 1315 694 1395 nach den Ferien auf diesem
1866 1347 2928 1398 von Chäteau=Thierry wurden abgewiesen.
135 1369 703 1435 nicht mehr ihm, sondern
1951 1364 3040 1456 Aus einem amerikanischen Geschwader von
127 1406 701 1484 Borgen bereiten werde, tritt
1863 1439 3050 1491 nenn Einheiten wurden vier Flugzeuge abge¬
119 1461 703 1549 Theaterleiter von unserer
1863 1493 3038 1562 schossen. Leutnant Adet errang hiebei seinen
124 1517 697 1593 t ein Prinzip, als dessen
1853 1535 3051 1598 39., Leutnant Löwenhardt seinen 33. und 34.
1853 1571 3054 1655 Luftsieg. Leutnant Friedrich und Vizefeldwebel
120 1554 702 1644 Tage seiner Amtstätigkeit
1857 1623 2756 1707 Thom schossen ihren 20. Gegner ab.
107 1623 698 1707 n bekannt hat. Dies ver¬
111 1677 696 1751 kunter denen sich der Direk¬
2159 1656 3038 1759 Der Erste Generalquartiermeister:
2345 1725 2829 1802 Ludendorff.“
679 1730 776 1800 v
116 1734 629 1811 Beachtung zu schenken.
114 1774 684 1861 es vorigen Jahres ist Mar
2471 1791 3009 1898 Berlin, 3. Juli. (Amtlich.)
679 1813 780 1900 k.
111 1841 684 1913 eaterdirektor ernannt wor¬
1949 1853 2514 1936 „3. Juli 1918, abends.
122 1890 777 1985 heurigen Jahres stand es ##
1935 1924 2989 1999 Oertliche Teilkämpfe nördlich der Aisne.“
105 1952 788 2034 es Direktionsjahr sein ein¬
124 2010 683 2069 z er es selber noch glauben
689 2023 1840 2095 die Verpflichtung Girardis, diese wirklich bedeutsame, vo
1941 2029 3046 2096 Die Mittel, mit denen die Hetze gegen ihn betrieben
122 2063 690 2123 sschlau abgekarteten Spieles
699 2079 1846 2149 so vielen seiner Vorgänger verabsäumte Tat, wurde nach
1851 2061 3038 2159 wurde, dieses planmäßige Kesseltreiben, dieses fein¬
111 2113 684 2192 eim zu halten. Zum Beginn
691 2130 1845 2207 einiger sauersüßer Anerkennung schließlich doch als vers¬
1854 2136 3031 2208 maschige Netz von Verdächtigungen, Gerüchten, frei er¬
124 2157 680 2228 neue Mann: „Ich meine,
694 2179 1849 2246 fehlter Streich hingestellt. Keine Frage: dieser beständige,
1844 2175 3042 2267 fundenen oder maßlos aufgebauschten und entstellten
97 2213 676 2286 der unabhängigste Theater¬
687 2233 1850 2311 nimmerruhende Kampf, diese heftige, unversöhnliche Geg¬
1848 2240 3032 2306 „Affairen“, diese Flut von hämischen, vielsagenden An¬
123 2274 684 2337 kann.“ Damit wollte er
690 2284 1847 2351 nerschaft richtete sich nicht so sehr gegen die Person des
1857 2287 3038 2374 deutungen, all das aufzuzeigen haben wir uns erst un¬
109 2318 676 2399 hr sei finanziell unabhängig
678 2345 1847 2404 Mannes, als gegen das Prinzip, die Welt= und Kunst¬
1848 2346 3041 2413 Längst die Mühe genommen. Natürlich ist uns, um die
111 2377 679 2447 kantwortlich, als seiner vor¬
685 2393 1859 2453 anschauung, die er vertrat. Denn er persönlich, ein Dich¬
1872 2404 3039 2482 kraft unseres Protestes zu schwächen, sogleich unterstellt
111 2436 679 2503 genug mußte er erfahren,
691 2445 1851 2514 ter, dem die jüdische Presse vorher manches, freilich immer
1867 2447 3036 2524 vorden, wir hätten dies gewissermaßen im Auftrage des
106 2487 682 2548 r Unabhängigkeit des Burg¬
691 2500 1860 2572 reservierte Lob gezollt hatte, forderte in keiner Weise zu
1872 2500 3033 2576 Nannes getan, für den wir unsere Stimme erhoben. Wie
91 2533 676 2607 n weiteren Verlaufe seiner
697 2542 1863 2625 solcher Gegnerschaft heraus, er stand allen Ausfragern
1863 2565 3035 2615 nan nun vernimmt, lieferte die „Affaire“ zweier kleiner
100 2579 688 2648 aß das christlich=germanische
684 2608 1855 2666 liebenswürdig, vielleicht manchmal allzu liebenswürdig
1863 2605 3039 2685 Schauspielerinnen, die sich durch den Direktor in ihrer
103 2636 681 2713 ei, das in diesem Hause Gel¬
686 2661 1849 2725 immer wieder Rede und Antwort, er nahm Stücke
1863 2669 3038 2737 Frauenehre gekränkt fühlten, den letzten Trumpf, mit
92 2692 670 2764 rt, das uns in seiner Offen¬
682 2716 1845 2774 jüdischer Autoren an, soferne sie nur vor dem Gesetze
1857 2711 3035 2783 dem das Spiel gewonnen wurde. Wie viel Wahres daran¬
111 2742 678 2811 neuen Mannes brachte und
681 2769 1842 2832 bestanden, dem er dienen wollte. Daß er bei solchen weit¬
1847 2760 3022 2829 ist, wissen wir nicht. Erinnern wollen wir nur, wie lei¬
87 2804 675 2867 chaft jener Fremdlingspresse
685 2821 1846 2879 herzigen Zugeständnissen doch bemüht war, seine vorge¬
1849 2819 3029 2877 denschaftlich die gleichen Sittenrichter vor etwa zwei
103 2854 682 2921 stlich=Germanische nicht bloß
1850 2875 3022 2941 Jahren für einen anderen Theaterdirektor in einer ähn¬
680 2875 1837 2927 nommene Richtung einzuhalten, bewies das allmähliche
111 2908 678 2966 jeher auch ein hassenswerter
689 2922 1846 2981 Verschwinden von Stücken aus dem Spielplan, die mit
1847 2917 3034 3011 lichen Afaire eintraten, an der erwiesenermaßen sehr viel
99 2958 682 3028 hieser Presse bekannt ist, dem
1847 2970 2166 3053 Wahres war.
681 2976 1847 3029 seinem künstlerischen und ethischen Kredo nicht in Ein¬
102 3005 673 3073 as Schicksal des neuen Direk¬
688 3015 1854 3087 klang zu bringen waren. So verschwanden langsam die
1939 2999 3025 3098 Es fällt nicht schwer, sich die Gefühle zu vergegen¬
107 3059 672 3137 Anfang an fest, daß sie dem
1845 3065 3020 3140 wärtigen, aus denen heraus sich Hofrat v. Millenkovich.
674 3079 1848 3142 „Fünf Frankfurter,, die „Komödie der Worte“, der
101 3124 674 3182 den Versuch, das Theater
1859 3136 3014 3197 entschlossen hat, um seinen Abschied zu bitten. Der Mann,
680 3125 1841 3188 „Fasching“, der „Weibsteufel“. Diese fortschreitende
94 3153 673 3234 Schönheitsprinzipien zu lei¬
682 3185 1839 3243 Säuberung des Programmes entfachte naturgemäß die
1847 3183 3011 3246 der solchem Treiben auf die Dauer standhalten könnte,
105 3228 673 3285 hmen. Sie fühlte sich heraus¬
672 3238 1841 3296 Wut des Kampfes immer aufs neue, machte jedoch den
1840 3242 3026 3311 müßte beneidenswert quie Nerven haben. Man hat oft
101 3283 677 3343 auf dem sie unbeschränkt zu
681 3288 1847 3355 Mann uns immer wertvoller, so daß wir ihm zwei Miß¬
1855 3289 3012 3359 genug davon gesprochen, daß ein Theaterdirektor, gleich¬
96 3328 678 3400 n ihren Gnaden hängen seit
680 3345 1843 3410 griffe, die er in der Wahl neuer Stücke beging, gerne ver¬
1855 3343 3018 3405 wie übrigens jeder andere, leitend an einem großen Werk
108 3384 676 3447 dem Theater ab. Ohne Ver¬
675 3386 1841 3461 ziehen. Wir wußten es und die Liste der bevorstehenden
1847 3394 3022 3459 tätige Mensch, „ruhig arbeiten“ können müsse. Daß ein
105 3434 678 3501 en Rebellen ein. Ueber seine
682 3443 1846 3515 Neuheiten sagte es mit genügender Deutlichkeit, daß der
1849 3444 3024 3522 Theaterleiter, dessen Leistungen niemals Anerkennung
144 3492 671 3559 gleichzeitig mit seinem
676 3495 1851 3559 großangelegte Bau seines Programms erst in den An¬
1854 3499 3024 3568 finden, den man seit Monaten totsagt, in dessen
104 3537 674 3612 telte ein jüdisches Montags¬
670 3548 1842 3625 fängen begriffen war, wir sahen voraus, wie vielSchönes
1853 3548 3008 3617 Künstlerschar man den Geist der Unbotmäßigkeit getragen
113 3598 672 3672 itzlers pielsagend variierte,
1846 3599 3012 3656 hat, dem man täglich seine Nachfolger vorzählt, daß ein
677 3598 1843 3670 er uns noch bringen wollte, wir freuten uns an seinen
105 3651 678 3712 Anfang, sondern ein Ende
1858 3655 3016 3726 solcher Direktor nicht mehr ruhig arbeiten kann, sondern,
680 3652 1846 3721 Plänen, insbesondere an der beabsichtigten Pflege Rai¬
93 3700 672 3769 n, daß er von dieser Presse
1852 3709 3007 3765 in Hast und Unruhe gerät, an seiner Sache zu verzweifeln
677 3698 1840 3755 munds und Grillparzers. Und die Hindernisse zu berück¬
1849 3757 3006 3820 beginnt, kann nicht wunder nehmen. Bedenkt man dies,
93 3756 669 3820 ktigkeit kein Wort des Lobes,
675 3752 1847 3832 sichtigen, die ihm der Heimgang Girardis und die
1837 3807 3009 3879 so ist es eigentlich bewundernswert, daß der Direktor,
93 3808 670 3877 ß keines der Stücke, die er
674 3793 1837 3879 Kriegsverhältnisse bereiteten und die ihm zu langsame¬
91 3859 668 3927 ner Neuinszenierungen ent¬
1849 3857 3015 3927 der nicht erst seit heute ein scheidender ist, bis in die letzten
678 3870 1849 3930 ren Voranschreiten zwangen, als er sich vorgenommen
93 3919 684 3985 schauspielerischen Kräfte, die
676 3913 3008 3973 hatte, dazu brauchte es wirklich nur einigen guten Tage noch schaffte und hoffte. Wenn der Schauspieler
97 3949 862 4053 burgtheaterfähig war. Selbst Willen.
1848 3967 3017 4045 Thaller, mit dem Millenkovich sogleich nach dem Ableben,
