3344 4256
2086 110 2139 156 —
2071 160 2517 248 box 32/3
199 172 1918 277 26.1. Konoedie der Vorte—Zyklus
1322 582 2012 700 Frankturter Nuchrichten
2132 644 2436 733 10 JAN 1916
1363 650 1958 774 und Intelligenz Blatt
1444 724 1909 849 Frankturt au. M.
1381 821 2381 961 Bassermanns Abschiedsgastspiél.
1399 953 2379 1034 Albert und Else Bassermann im Neuen Theater.
1628 993 2130 1081 „Komödie der Worte.“
1469 1043 2403 1134 Am Samstag abend verabschiedete sich Alberte
1396 1105 2374 1162 Bassermann in den drei Einaltern von Arthur
1568 1145 2387 1228 er, die im Oktober hier ihre Uraufführung
1399 1179 2382 1256 verscht und eitdem in einer ganzen Reihe von
1403 1231 2381 1295 Bühnen als willkommene Bereicherung des zeit¬
1395 1275 2388 1361 genössischen Spielplans heimisch geworden sind.
1407 1321 2385 1391 Solche Gastbesuche großer Menschendarsteller sind
1386 1364 2379 1432 Eine Notwendigkeit im Theaterleben: sowohl für
1394 1404 2380 1476 diesheimischen Schauspieler, die aus solchen Vor¬
1416 1446 2386 1526 stellungen geuen Antrieb gewinnen, mit den Auf¬
1415 1489 2382 1572 gben ihrgk Kunst zu ringen, nicht in Nachahmung,
1412 1548 2382 1629 öndern Wettbewerb sich selbst die höchsten Ziele
1378 1590 2390 1677 Au stellen und nicht in Selbstgefälligkeit zufrieden!
1396 1645 2377 1698 zu seit mit leicht gewonnenem Anhang, sodann aber
1403 1680 2382 1751 auch für die Zuschauer, die immer wieder durch
1414 1736 2381 1790 Aufnahme besonderer und neuer Eindrücke die Be¬
1414 1775 2392 1831 #tigung haben müssen, wie groß und weit die
1419 1814 2389 1885 Künstlerischen Möglichkeiten sind, wie weit oft die
1405 1859 2381 1929 persönlichen Auffassungen in der lebendigen Ge¬
1413 1917 2383 1979 staltung des gleichen dramatischen Charalters aus¬
1413 1956 2384 2009 einandergehen können, damit sie immer' wieder an¬
1406 1981 2392 2051 geleitet werden, durch die zufällige jeweilige Ge¬
1407 2037 2385 2110 staltung hindurchzusehen auf den Kern der Dich¬
1419 2069 2389 2146 tung selbst und damit zugleich auf die Erscheinungen
1423 2128 2389 2193 des Lebens, mit denen der Dichter sich- hat
1421 2180 2401 2229 auseinandersetzen wollen. Nur so bietet das
1419 2202 2395 2280 Geben und das Genießen im Theater jenes schön¬
1418 2249 2389 2322 geistige Uebungsfeld, auf dem die Kräfte wachsen
1422 2298 2392 2373 und die wechselseitigen Anregungen Genuß und
1415 2338 2398 2419 Freude werden. Und für die jenseits von Gut und
1421 2405 2394 2450 Böse thronenden Halbgötter „vom Bau“ gab es noch
1417 2444 2388 2500 einen köstlichen Spiegel ihres besonderen Wesens
1422 2487 2394 2550 in dem Schauspieler Konrad Herbot („Große
1416 2522 2398 2606 Szene"). Die Kulissenwelt bildet ja ihre eigenen
1423 2574 2399 2628 Charaktere heraus. Das Leben, das sie führen und
1426 2624 2402 2685 das andere, das sie spielen, verwischt sich gelegent¬
1428 2665 2389 2725 lich in seinen Grenzgebieten, so daß zuweilen auch
1438 2700 2399 2774 sehr ernste Dinge spielerisch genommen und be¬
1431 2749 2401 2828 #urteilt werden, die großen Worte r Rolle in die
1426 2782 2417 2862 Szenen des täglichen Lebens übergehen und gemachte
1434 2849 2399 2907 Gesühle sich bis zur Unkenntlichkeit mit den echten
1439 2896 2402 2943 vermischen. Dazu kommt die Verwöhnung durch
1430 2930 2397 2988 junge Mädchen und Frauen aller Gesellschaftskreise,
1431 2987 2411 3034 denen in schwärmerischer Remantik die Rollen und
1435 3019 2417 3076 ihre Träger in eins verschmelzen und die darum
1430 3052 2408 3129 den Schauspieler grundsätzlich für den interessan¬
1440 3104 2411 3170 testen Menschen halten. Unzählige Herzen fliegen
1448 3155 2416 3221 hm zu, und es hleibt natürlich nicht immer bei
1440 3193 2422 3263 dem heimlichen Feuer. Da muß denn ein Künstler
1442 3239 2420 3307 schon sehr wesensecht und charakterstark sein, wenn
1440 3284 2407 3356 er sich unter solchen Umständen nicht für
1435 3331 2414 3389 einen Ausnahmemenschen halten soll, für den auch
1445 3390 2426 3443 eine besondere Moral zu gelten hat. „Dex dritte,
1439 3493 2424 3551 Rausch, das ist der Rausch des Künstlers“, er um¬
1444 3546 2398 3600 abt ihn mit Weihrauchsdunst, er steigert sein
1447 3577 2406 3645 Erleben zu höheren Wonnen, und zuweilen muß
1443 3632 2402 3708 dabei die burgerliche Moral ihr Haupt verhüllen,
1435 3677 2396 3738 so daß es nicht an burgerlichen Konflikten fehlen
1434 3716 2401 3793 kann. Schnitzler hat seinen Schauspieler ähnlich
1428 3771 2401 3844 gesehen, wie Bahr im „Meisier' seinen Musiler.
1434 3806 2401 3879 die Frauen reißen sich um ihn und die eine be¬
1424 3854 2395 3923 neidete „Glückliche"“, die seinen Lebensweg am
1436 3902 2403 3971 grauen Alltag zu teilen hat, geht in Enlsagung!
1435 3940 1790 3997 den Tornenpfad.
1493 3965 2402 4053 Albert Bassermann erfüllte die ihm gebotene
1417 4041 2397 4094 Rolle mit sprühendem Leben, einem Leben, das
1434 4074 2405 4156 für den Kenner in wesentlichen Zügen die liebe¬
1420 4107 2292 4169 Tvollen Studien am levenden Obiekt deutlich
