3392 4320
251 196 541 295 26. 1
2110 179 2554 280 box 32/1
536 219 1968 296 Konoedie der Norte—zuklus
1693 349 2778 439 Treus erhalten den Leser in fortwährender Spon¬
1703 403 2776 476 nung. Tabei gibt das Buch eine deutliche Übersicht
1705 457 2775 504 Tüber die Entwicklung des Krieges mit den Russen
1700 501 2773 562 und als Abschluß die gewaltige Vernichtung des
1702 540 2780 615 Feindes durch Hindenburg zwischen den masurischen
1710 593 2774 658 Seen. Es ist ein groß angelegtes, packend geschrie¬
1698 624 2771 697 denes Buch, das von unserer Jugend mit Begeiste¬
1704 662 2782 759 rung immer und immer wieder gelesen werden
1690 711 1860 785 wird.
1854 736 2780 827 Müller, Alfred Leopold, Das Gedächtnis
1703 807 2773 873 und seine Pflege. Mit 22 Abbildungen. Stuttgart
1697 840 2781 914 Kosmos, Gesellschaft der Naturfreunde, Geschäftsstelle
1716 889 2778 956 Frauckhsche Verlagshandlung. Den außerordentlich ver¬
612 889 1528 1005 hnitt aus Brünner Mergenpest
1703 936 2788 983 wickelten Vorgang, den wir Gedächtnis nennen, in einer
1710 981 2780 1048 auch dem Nichtfachmann verständlichen Weise klarzu¬
699 983 931 1076 ANOUTOD
1700 1014 1967 1074 siegen, die
1966 1031 2782 1092 Erklärungsformen der verschiedenen
1712 1062 2766 1110 Gedächtnisanlagen zu erläutern und so jedem auf¬
1716 1107 2775 1163 merksamen Leser mit der Erkenntnis gleichzeitig die
1705 1149 2778 1215 Grundlage zur Heilung etwaiger Mängel und zur
750 1141 1605 1234 Theater, Kunst und Literatur.
1699 1191 2766 1255 Verbesserung des eigenen Gedächtnisses zu gewähren,
706 1227 1708 1286 (Aus der Theaterkanzlei) wird uns gemeldet:
1703 1236 2775 1282 das ist die Absicht des Verfassers dieses neuen Bänd¬
649 1271 1698 1351 Wegen andauernder Erkrankung des Herrn Guth
1705 1275 2775 1339 chens der Bücherveröffentlichungen der Kosmos=Gesell¬
644 1312 1695 1365 gelämt morgen Freitag, den 25. d., statt „Sieg¬
1703 1317 2783 1400 schaft. Dem Werkchen kommt eine doppelte Bedeutung
649 1362 1695 1417 frich „Der fliegende Holländer“ zur Aufführung.
1710 1369 2774 1414 zu: es will Eltern und Erziehern Winke zur Stärkung
642 1414 1691 1470 Alich für diese Vorstellung sowie für die am Sams¬
1709 1411 2766 1477 des Gedächtnisses ihrer Schutzbesohlenen geben, jedem
1694 1447 2779 1515 Erwachsenen selbst aber zeigen, wie er sein eigenes:
644 1455 1690 1521 ta stattfindende Aufführung „Der kleine Graf“
1711 1490 2767 1542 Gedächtnis gesund erhalten und pflegen kann. Der
640 1490 1697 1571 und „Die Puppensee“ gelten volkstümliche Preise
1709 1532 2766 1602 Preis von 1 Mark geheftet, gebunden Mark 1•80 er¬
640 1545 1699 1613 und Gutscheine. Um auch dem Nachmittagspubli¬
1707 1580 2771 1635 möglicht die weiteste Verbreitung dieses für Eltern und
645 1591 1697 1670 kum die erwünschte Abwechslung eines Gastspieles
1699 1620 2782 1698 Erzieher wie auch für jeden Gebildeten wichtigen
644 1650 1709 1717 bieten zu können, hat die Theaterleitung für die
1696 1658 1932 1733 Büchleins.
640 1682 1705 1765 sonntägige Nachmittags = Vorstellung „Die spani¬
1843 1694 2758 1791 Wintersachen für unsere Feldgrauen sind
642 1755 1692 1814 sche Fliege“ den Komiker des Burgtheaters Herrn
1709 1748 2765 1823 jetzt sehr nötig Praktische Winke hiefür gibt die Wo¬
644 1798 1702 1854 Häußermann verpflichtet. Es wird dies in der Zeit
1709 1810 2766 1869 chenschrift „Wiener Hausfrau“ in ihrer neue.
645 1841 1686 1929 von kaum drei Wochen das sechste Burgtheatergast¬
1709 1848 2758 1897 sten Nummer. Die praktische Wochenschrift „Wiener
646 1888 871 1959 spiel sein.
1696 1900 2758 1942 Hausfrau“ mit ihren verschiedenen Gratisbeilagen
1697 1935 2762 2001 ist eins der beliebtesten Frauenblätter und durch
731 1919 1691 2015 (Gastspiele des Hofschauspielers Harry Walden.)
1699 1982 2769 2065 alle Buchhandlungen und Postanstalten zum Preise
645 2001 1697 2060 Heute, Mittwoch, gastiert Herr Walden zum zwei¬
1699 2021 2568 2093 von 2 K 60 h vierteljährlich zu beziehen.
640 2043 1691 2111 #ten und letzten Male mit seinen drei Meisterleistun¬
1844 2065 2764 2150 Die spannende Erzählung „Ich dien!“ von
633 2080 1693 2154 gen in den neuen Schul#lerichenEinattern. „Ko¬
1696 2112 2763 2185 Käthe Damm beginnt jetzt in der „Mädchen¬
634 2151 1689 2201 mödie der Worte“, mit denen er auch hier bei sei¬
1691 2163 2764 2232 spost“ zu erscheinen. Das reichhaltige Blatt erscheint
637 2181 1697 2248 nem ersten Gastspiele Beifallsstürme entfesselte.
1700 2206 2759 2288 wöchentlich zum Preise von 12 h und ist zu beziehen
635 2228 2760 2330 Donnerstag gastiert Herr Walden in dem ausge=durch alle Buchhandlungen, Postanstalten sowie
632 2287 1694 2342 zeichneten Lustspiele „Jugendfreunde“ von L. Fui¬
1696 2293 2727 2363 durch die Geschäftsstelle der „Mädchenpost“
635 2328 1694 2384 da, das hier bei diesem Anlasse gleich einer Neuheit
1699 2331 2788 2429 Wien I Rosenbursenstraße 2, die auf Wunsch gucht
634 2381 1689 2444 einstudiert wird. Neben dem Gaste sind die Damen
1704 2378 2401 2452 Probenummern gratis versendet.
634 2428 1706 2512 Han, Janowitz, Sinek und Wolff und die Herren
1719 2443 1890 2542 K
638 2476 1692 2552 Hartberg, Mahr, Maluschinsky und Strauß beschäf¬
622 2502 1708 2590 tigt: Spielleiter ist Herr Teller. Für das erste Gast¬
630 2565 1595 2643 spiel gelten Gutscheine, für das zweile nicht.
715 2608 1712 2687 „(Zweites Musikvereinskonzert.) Ein noch vor
621 2673 1704 2731 wensigen Monaten ganz ungekannter, heute äußer¬
618 2709 1696 2774 #lich noch unsertig konturierter junger Mann — A.
630 2756 1708 2820 Busch — trat uns entgegen, um uns in zwingend¬
629 2793 1706 2857 ster Weise zu sagen, daß er eine Künstlerindividua¬
628 2843 1706 2922 lität von höchstem inneren Gehalt sei, die ihr Got¬
620 2888 1711 2952 tesgnadentum auf der Stirne trägt. Und darin,
629 2929 1699 2996 daß er es uns nicht sagen zu wollen scheint daß er
628 2979 1703 3034 dem Werke, das er uns gerade vermittelt, mit
623 3018 1703 3079 aller seiner Kunst dient — daß er nicht spielt, um
623 3064 1703 3131 zu verblüffen sondern ganz in den verschlungenen
628 3115 1703 3162 Gedankenpfaden seiner Meister aufgeht — liegt sei¬
629 3154 1712 3222 ne Persönlichkeit und sein Weg zur Höhe. Wir kön¬
623 3196 1690 3265 nen nicht sagen, daß Beethovens „Kreutzersonate“
634 3228 1693 3299 so gespielt werden müsse, ebensowenig wie wir mei¬
622 3285 1699 3364 nen dürfen, er spiele sie weniger gut als Burmester
626 3327 1704 3397 oder ein anderer fertiger Großer. Er ringt heute
620 3371 1697 3443 noch mit dem Stoff und legt ihn uns oft noch als
624 3417 1702 3482 locker gefügtes Mosaik vor, um uns immer wieder
616 3461 1694 3521 aufs Neue mit wärmster Kantilene oder glühendster
624 3487 1704 3563 ursprünglicher Leidenschaftlichkeit in seinen Bann
615 3547 1693 3613 zu ziehen — und uns zu versichern, daß Technik et¬
611 3590 1692 3652 was Selbstverständliches, höchst Einfaches sei, das
611 3638 1689 3704 ein Künstler seine Art in die Wiege mitbekomme.
684 3676 1685 3750 In Otto Schulhof findet er einen verständ¬
621 3718 1685 3778 nisinnigen Begleiter, dem man nur zum Vorwurf
624 3766 1688 3840 machen muß, daß er oft mehr in den Hintergrund
623 3810 1693 3862 treten will, als notwendig ist. — Frau Francil¬
698 3856 1697 3920 Kaufmann, die in letzter Stunde für den
620 3900 1687 3958 n Aussicht gestellten Varitonisten der Wiener Hof¬
623 3934 1690 4007 wper Josef Groenen einsprang, eroberte sich im
630 3980 1689 4045 Sturme Aug und Ohr der Zuhörer. Mit unsehlba¬
637 4027 1686 4091 er Technik und unübertrefflichem Wohlklang ihres
635 4066 1689 4133 ülligen Organs sang sie Lieder von Mozart Schu¬
625 4108 1695 4181 nann, Brahms und Schubert und eine ungezählte
622 4136 1052 4201 Reibe von Zngahen
