3344 4256
284 172 1985 253 26.1. Kongedie der Norte—Zyklus
276 651 363 711 A
200 740 330 805 ndao
200 797 315 871 2-24
202 867 394 928 uf Inserate.
191 914 398 972 Föffnungen.
202 1203 331 1332 924
509 1374 1705 1448 Nebenbuhler aus dem Felde und beendigt das Intermezzo. Er
514 1432 1715 1504 stieg tiefer in die Psyche des Ehemanns und gab ihr zwingend
504 1504 1711 1559 Leben und Gestalt. Der Liebhaber wurde von Stunde zu
205 1507 382 1600 rspielen.
505 1535 1712 1604 Stunde überflüssiger, und die Ehegatten fanden wieder zu sich.
544 1578 1715 1638 Von den Mitspielern sei noch Julia Serda als Klara
217 1586 483 1667 und heucheln.
517 1629 1703 1702 Eckold genannt, Else Bassermann als die feine, gefühls¬
200 1647 484 1718 brüert, immer
505 1685 1709 1726 empfindliche Frau Sophie, ferner Sigmund Nunberg, der
202 1699 490 1772 h Verhältnisse
501 1725 1715 1786 bald aufdringlich joviale, dann wieder trocken belehrende
190 1747 494 1814 was in jahre¬
507 1783 1722 1840 Theaterdirektor Falk. Anni Mewes war ein Gemisch von
202 1786 496 1859 mert da. Ob¬
510 1825 1619 1901 Dame und Girl, wodurch ihr Spiel etwas unreif wirkte.
205 1838 498 1910 ur, was wir
1512 1858 1696 1956 Sp. —
211 1885 507 1960 t oder ersehnt
209 1931 497 1999 Stunde des
204 1984 501 2056 heimnisses ge¬
219 2034 494 2097 e täuschen sich
215 2073 513 2155 ll, Basser¬)
206 2119 513 2201 Spiel in diesep
206 2174 496 2241 des Melanchö¬
226 2221 513 2296 im Gegensatz
227 2270 505 2340 d müde Weis¬
212 2318 501 2389 Hier muß doch
215 2368 507 2429 in. Die Lüge
209 2406 505 2484 fire durchsticken.
213 2465 503 2527 n als Schau¬
205 2505 516 2576 nüber so ganz
209 2556 510 2620 de Problematik
224 2579 514 2664 doch so selbst¬
203 2647 507 2724 aus Schnitzlers
222 2700 513 2767 Jungengesicht,
214 2741 513 2811 schichte beinahe
218 2792 508 2858 ier versinnlicht
212 2843 513 2905 iegt diesem
208 2890 513 2951 n den Rätseln
218 2922 521 3003 einer gesunden
221 2986 509 3047 Auch der letzte
232 3014 525 3102 „Eheproblem.
222 3078 520 3144 Einsamkeit des
227 3105 539 3189 in den Armen #
223 3166 524 3243 mehr an denk
234 3224 512 3295 schlägt er den
2148 155 2587 258 box 32/6
1985 927 2961 1007 ADOLF SCHUSTERMANN
1909 1020 3036 1098 ZEITUNGSNACHRICHTEN-BUREAU
2128 1085 2825 1171 BERLIN SO 16, RUNGESTR. 22-24
1972 1174 2801 1270 Zeiung: Der Reichsbote
2351 1249 2672 1326 Morgen-Rusgabe
1974 1304 2475 1387 Adresse: Berlin
2644 1363 3050 1458 2 - MAl 124
1971 1400 2197 1490 Datum:
2165 1463 2833 1602 Theater und Musie.
2285 1598 2694 1661 Kammerspiele.
2267 1655 2720 1722 Bassermann=Gastspiel.
1948 1698 3111 1765 „Die Komödie der Worte“ nennt Arthur Schnitz¬
1864 1755 3102 1798 ler drei Einakter, in denen Albert Bassermann wiederum
1874 1789 3104 1838 Gelegenheit fand, vor einem rückhaltlos bewundernden Publikum
1880 1827 3098 1878 das volle Spiel seiner eminenten Künstlerschaft zu entfalten. Das
1869 1853 3106 1921 Thema der dialogischen Novelletten, wie man diese dramatische
1866 1898 3113 1957 Kleinkunst genannt hat, ist bei allen dasselbe: die Darstellung
1869 1949 3093 1994 brüchiger Ehen, die mit bewußter oder unbewußter Lüge dahin¬
1873 1984 3096 2045 gelebt werden,zun die vom Dichter, zum Teil mit verzeihendem
1873 2019 3099 2075 Verständnis, imper aber mit leiser Ironie und seelisch außer¬
1871 2049 3106 2110 ordentlich fein gestaltet sind. Fast alle, die da auftreten, sind
1871 2105 3101 2148 Menschen einer verfeinerten, schon dekadenten Schicht, Leute, die
1854 2132 3105 2210 #starke Gefühlsausbrüche leiden, die auch da, wo das Ende tragisch
1874 2177 2664 2249 wird, still und gefaßt auseinander gehen.
1949 2218 3118 2270 Diese Gehaltenheit der Schnitzlerschen Menschen liegt nicht
1878 2250 3106 2301 immer einem so vollsaftigen Künstler, wie unser Gast einer ist.
2360 2288 3107 2334 so ausgeklügelter Verstandeskälte wie
1882 2290 2302 2352 Durchschnittsnaturen
2354 2330 3103 2376 tunde des Erkennens“, der zehn
1875 2337 2295 2390 den Dr. Eckolt in de
1886 2357 3108 2424 Jahre neben seiner Frau dahinzuleben vermag, ehe er die Maske
1881 2398 3105 2465 lüftet, und auch dann immer noch der Betrogene bleibt, werden
1871 2435 3112 2500 wohl überhaupt nie recht lebendig werden können. Vorzüglich
1873 2478 3116 2536 gelang dagegen aus dem Schlußstück „Ein Bacchusfest“ die
1873 2518 3114 2584 Figur des Schriftstellers Staufner, die ganz für Bassermann ge¬
1885 2554 3105 2625 schaffen zu sein scheint in ihrer Verbindung des geistigen Menschen
1869 2602 3103 2647 und des Weltmannes. Ergreifend und tragisch wirkt jene Szene,
1886 2639 3105 2691 als dieser bedeutende Mann blutenden Herzens und doch mit über¬
1869 2670 3106 2728 legener Ironie sein dummes Gänschen von Frau und ihren pro¬
1880 2720 3104 2770 movierten Galan zur Ordnung des Lebens zurückruft. Doch was
1881 2746 3113 2812 wollen diese mit scharfem Kunstverstand geschaffenen Gestalten
1881 2788 3107 2836 besagen neben dem Schauspieler Konrad Gerbot aus dem Mittel¬
1881 2815 3111 2876 und Prunkstück des Abends, der „Großen Szene“, wo Albert
1878 2867 3107 2911 Bassermann eben der sein konnte, der er wirklich ist, ein großes,
1890 2904 3107 2964 sprudelndes Künstlertemperament, ein Genie der Bühne, der hier
1891 2939 3109 2998 nun mit Komödiantenmitteln auch durch alle selbstgeschaffenen
1885 2964 3117 3036 Fährlichkeiten seines eigenen, wenig vorbildlichen Lebens glücklich
1875 3027 3105 3067 hindurchschlüpft. Das Publikum raste vor Vergnügen über diese
1880 3058 3118 3125 Szene tollsten Uebermutes und konnte sich in Beifallsstürmen nicht
1882 3109 2125 3166 genug tun.
1958 3128 3110 3190 Die Nebenspieler einer so überragenden Hauptgestalt haben
1885 3176 3109 3228 keinen leichten Stand. Else Bassermann war unter den
1883 3208 3123 3273 Frauen die einzig ebenbürtige. Ihre Sophie aus der „Großen
1878 3253 3127 3306 Szene“ war eine edle weibliche Erscheinung, echt frauenhaft in
1885 3278 3121 3343 allen Stärken und Schwächen ihres Geschlechtes. Von den
1878 3313 3117 3384 Männern verdienen Paul Bildt — zugleich der erfolgreiche
1883 3359 3120 3412 Spielleiter des Abends — und Siegmund Nunberg lobende
1882 3408 3110 3454 Erwähnung. Beide wußten eigene Töne anzuschlagen, jener als
1883 3442 3114 3499 vornehmer, seelisch zerrissener Arzt, dieser als robuster Theater¬
1872 3487 3115 3538 direktor, der das verzwickte Seelenleben seiner Schutzbefohlenen
1879 3520 3117 3563 mit trockenem Humor zu bändigen weiß. Die übrigen Darsteller
1889 3559 3126 3626 standen, doppelt auffällig bei solchem Gastspiel, weit unter dem
2940 3594 3081 3670 H. G.
1873 3602 2860 3667 Niveau, das man sonst an dieser Stätte gewohnt ist.
