3392 4352
2102 209 2558 299 box 32/9
239 208 1962 312 26. 1. Konoedie der Norte—Zyklus
1864 1649 2928 1719 Auch „Das Bacchusfest“ trägt dieselbe falsche Besetzung an
591 1649 1747 1734 ihr weniger gefährlich#=rächdem ####e der geliebte Mann, der
149 1660 582 1749 errisch gewordene Worte
1771 1693 2930 1759 der Spitze: einen Dichter statt eines ganz ganz gewöhnlichen
592 1724 1743 1778 nichts davon weiß und der weniger Geliebte aber Erhörte, am
139 1733 572 1798 Stücke besetzen die Rollen
1771 1750 2919 1817 Autors. Der Einfall von der Komödie der verhinderten tragischen
594 1774 1747 1834 selben Tage spurlos verschwunden sind, wendet sie sich zum
142 1781 583 1850 zuteilt. Das wäre natür¬
1769 1804 2925 1868 Worte ist ganz nett, aber wenn er nicht so brillant durchgeführt
594 1821 1745 1884 Gatten zurück, der durch verzwickte Zusälle den Nichterhörten
154 1833 580 1886 nes nicht weiter wirken
1769 1829 2923 1918 werden kann, daß die Frau keine Gans und der Dritte kein
593 1885 1749 1947 für den Erhörten hält, und wird — ihrerseits, in ihrem Gefühle —
143 1877 588 1946 drei männlichen Haupt¬
1768 1896 2915 1952 Idiot sein müssen (wieder zwei falsche Besetzungen!), um ihn
598 1921 1738 1979 vollständig seine Geliebte, merkt zehn Jahre lang nicht das Ge¬
141 1926 578 1997 rei weiblichen aber mit
1769 1949 2922 1995 möglich zu machen, ist er Schnitzlers kaum würdig. Sicher ist es
600 1977 1749 2034 ringste davon, daß er sie haßt und verachtet! Beim Abschied
144 1977 589 2043 n. Man muß also an¬
1756 1988 2922 2045 der verlegen=feuilletonistische Schluß nicht. Das Burgtheater hat
591 2019 1747 2072 Ormins — des Unerhörten — kriegt sie das große Mitleid mit
149 2019 586 2088 nlichen oder des Männ¬
1758 2043 2926 2107 die falsche Besetzung der Frauenrolle hinzugefügt. Das schöne
596 2076 1749 2132 ihm, der übers Meer fahren soll ohne zu wissen, daß sie bloß
144 2072 582 2139 esensverschiedenen Weib¬
1760 2081 2922 2147 Frl. Wohlgemuth — der übrigens die rote Perücke nicht gut
607 2123 1750 2176 aus übergroßer Liebe nicht seine Geliebte geworden ist, und gesteht
139 2127 580 2188 rchführung dieses Ge¬
1762 2141 2918 2206 stand — paßt schon äußerlich nicht zu den beiden kleinen
595 2165 1742 2218 ihm ganz überflüssiger und liebloser Weise den wirklichen Geliebten
147 2170 586 2232 fallerwenigsten der Zu¬
1766 2182 2918 2256 Männern. Hier muß der Gatte auch körperlich der Überragende
593 2215 1746 2268 bazu, mit dem er auf demselben Schiffe nach Japan reisen wird.
151 2223 577 2285 hicksale mit der Komödie,
1765 2242 2918 2304 sein. Herr Walden hatte die Mitspieler nicht genügend im Bann.
603 2262 1737 2321 Nun kommt die große Szene, in der der Gatte den zehn Jahre
148 2270 578 2337 nderen mit ihnen spielen.
1758 2275 2918 2358 Herr Treßler wäre wirksamer gewesen. Die Symbolik und die
595 2309 1748 2365 lang verheuchelten Ehebruch der Frau, für die er sich seinerzeit
159 2314 591 2378 n stimmen, deren Be¬
1763 2330 2918 2391 Moral des Bacchusféstes dürften freilich in jeder Darstellung
606 2356 1746 2416 durch Präventivuntreue voraus gerächt hat und den er infolge
165 2355 579 2433 sich künstlerisch besser
1756 2374 2512 2439 äußerlich bleiben — Komödie der Worte.
599 2402 1740 2474 zweifellos versöhnlicher Tathandlungen juristisch nicht mehr geltend
151 2411 573 2476 Theater der „Liebling“
1864 2420 2905 2499 „Die große Szene“ ist künstlerisch und technisch das weit¬
596 2448 1754 2506 machen kann, wieder aktualisiert, um ihn endgültig zu rachen. Er¬
159 2454 576 2523 zu zeigen, mag sich sein
1757 2479 2906 2547 aus beste der drei Stücke und wird sich allein auf dem Theater
597 2495 1742 2569 weist sie nämlich nicht nur aus dem Hause, sondern erzählt ihr,
144 2508 581 2572 en; doch was hat das
1762 2525 2916 2598 halten. Es hat Schmiß, dem noch ein paar Striche nachhelfen
602 2545 1745 2607 daß er die einzelnen „Versöhnungen“ mit ihr immer mit erniedri¬
131 2561 594 2625 Im Burgtheater aber ist
1758 2565 2915 2638 könnten und ist in manchen Einzelheiten weit über das Niveau
605 2587 1736 2664 gender Absicht vorgenommen und sich die Summe dieser Ver¬
146 2602 583 2671 inmal in diesem Sinne
1764 2619 2912 2701 des Grundeinfalls gehoben. Hier ist Walden gut in allem maß¬
610 2638 1747 2702 achtungen für diesen Tag der Abrechnung zurückgelegt hat. Sie
145 2652 574 2722 igen Neider, Dr. Eckold,
1760 2668 2899 2750 voll Komödiantenhaften, aber er versäumt die Gelegenheit, ein
606 2682 1742 2756 ist mit Recht sehr empört über soviel Gemeinheit, rächt sich noch
145 2701 587 2760 ödie einer Ehe spielen
1757 2726 2911 2791 saar Minuten lang echt und wahr zu scheinen, was den Höhe¬
597 2734 1750 2812 schnell ein wenig, indem sie ihm durch eine geheuchelte Extase der
151 2749 596 2818 ebte und Lebensgefährtin
1764 2756 2899 2841 zunkt des Stückes wie der Darstellung bedeuten muß. Ich will
596 2793 1743 2856 Erinnerung an das mit Ormin genossene Liebesentzücken in der
148 2798 586 2869 je zu verraten — nur
1761 2817 2900 2887 Walden die schöne geschmackvolle und wirksame Leistung gewiß
610 2832 1755 2905 Meinung bestärkt, daß wirklich der Mann, dessen Erfolg ihm am
174 2850 594 2905 die Besudelung mit
1767 2861 2904 2937 lcht schmälern, wenn ich gestehe, daß ich in der Rolle des
598 2886 1745 2952 wehesten tut, der Brecher seiner Ehe gewesen sei, und geht dann
132 2896 588 2965 n die Tochter aus dem
1748 2901 2904 2985 herbott Herrn Reimers gewünscht hätte. Die Szenen zwischen
610 2931 1749 2996 in den Tod. So muß man wenigstens annehmen, da sie nicht
141 2944 584 3010 eater Herr Heine spielen.
1770 2963 2894 3035 herrn Tiedtke und Frau Medelsky schleppten. Hier muß ge¬
604 2995 1753 3046 das geringste Gepäckstück mit auf die Reise nimmt. S#r kann es
163 2995 589 3059 Kraft der Nacheszene
1766 3019 2907 3083 richen und das Tempo beschleunigt werden. Herr Tiedtke war
605 3024 1751 3084 nämlich nicht überleben, daß der Gatte sie nicht als vollwertige
148 3043 591 3098 be aber, daß aufrichtige
1759 3062 2900 3112 ut, aber er spielt nicht den Theaterdirektor, der im Buch steht
608 3092 1757 3137 Gattin und Geliebte geachtet hat, nachdem sie nach der zu großen
140 3097 591 3155 ers Schnitzler ihm die
1768 3102 2897 3186 und, nebstbei bemerkt, keine Spur von Otto Brahm hat!). Ich
600 3120 1747 3184 Liebe für Ormin und dem kleinen Ehebruch mit dem andern
144 3135 585 3209 nödie der Worte. Die
1773 3154 2895 3234 laube, die Rolle gehört Herrn Arndt, wenn Herr Heine an dem
602 3172 1752 3238 Freunde des Hauses ihre Pflichten als Mutter und Gattin wieder
154 3183 584 3251 ssenbar nicht, was der
1777 3197 2459 3275 bend schon anderweitig beschäftigt ist.
610 3219 1753 3290 gnädigst aufnahm. Man darf doch auch nicht vergessen, daß diese
163 3230 589 3306 verfehlt. Diese Frau
1840 3246 2903 3331 Ferner hat es sich aufs neue gezeigt, daß die Rollen des
609 3276 1760 3339 Frau während ihrer verschiedenen geistigen und körperlichen Ent¬
146 3284 595 3344 leibtreu natürlich noch
1777 3302 2899 3376 wramaturgen und des Spielleiters falsch besetzt sind, wenn sie
605 3322 1748 3381 fremdungen mit ihrem Gatten eine etwa zehnjährige Tochter im
143 3333 588 3398 Rolle würde Fr. Witt
1777 3351 2896 3407 ir Dichter selbst inne hat. Beide Thealerfachleute haben mit
605 3368 1754 3428 Hguse hatte! Nein, hier ist keine Komödie der Worte, sondern ein
162 3379 590 3447 Figur. Sie hat das
1772 3400 2896 3480 rem Apparat dem Dichter möglichst weit entgegenzukommen,
603 3423 1752 3482 Satirspiel der Geschlechtsmoral. Das Stück ist innerlich voll
165 3429 585 3492 Dann liebt sie dessen
1765 3442 2889 3510 der sie müssen außerhalb der Dichtung stehen, nicht aus ihr
613 3466 1758 3534 falscher Besetzungen. Ich gäbe die gesammelten Werke Henri
153 3476 600 3545 sehr liebt um sicher zu
1773 3492 2250 3563 taus die Bühne betreten.
2541 3503 2901 3580 Dr. H. Leoster.
611 3520 1758 3581 Bernsteins darum, wenn ein Dichter, den ich so liebe, wie Arthur
145 3523 594 3598 hmen ihrer Ehe bleiben
147 3567 1397 3649 en, der bescheidener und Schnitzter es gar nicht geschrieben hätte ...
