3344 4320
2071 181 2530 275 box 3277
204 182 1934 280 26. 1. Konoedie der WorteZykius
1035 905 2011 983 Schnitzlers „Komödie der Worte“ in Paris
1091 966 2185 1047 Die Deutsche Bühne in Paris, die ihre künstlerische Tätig¬
1020 1023 2199 1084 keit vor einigen Monaten mit einer Aufführung von Bruckners
1030 1057 2190 1126 „Krankheit der Jugend“ ausgenommen hatte, gab heute zum ersten
1026 1096 2190 1169 Mal unter der Spielleitung von Georgette Boner=Zürich Arthur
1028 1134 2181 1192 Schnitzlers „Komödie der Worte“ mit bestem Erfolg. In den
1021 1175 2197 1255 Hauptrollen ernteten die deutschen und österreichischen Schauspieler
1035 1224 2186 1298 Emil Ritter, Eugen Jensen, Alfons Steinfeld und Jaro Fürth
1036 1256 2194 1334 sowie die Damen Alice Lach, Emilie Wendt und Käthe Förder
1023 1289 1365 1365 lebhaften Beifall.
1696 1812 2461 1966 ectac
1098 1807 1721 1989 =:* SD
1902 1963 2404 2053 Iimmmt—
1096 2066 1790 2158 ECHOS E
1872 2063 2460 2149 PROPOS
826 2133 945 2214 S
1030 2180 1583 2263 PREMTERE EN ALLEMAND
1741 2179 2541 2252 trois petites pièces séparées dont chacune
1772 2224 2534 2288 tend à prouver que les actions ne sont pas,
1050 2258 1774 2316 Les circonstances ont voulu que M. Ar¬
856 2230 918 2331 N
1777 2277 2525 2316 dans la vie, l’essentiel, que les mots ont
1023 2299 1764 2348 thur Schnitzler attendit jusqu'à mainte¬
1785 2320 2539 2372 une redoutable vertu opérante; nous
1030 2343 1765 2392 nant pour étre joué à Paris. Plus tôt edt
1777 2356 2405 2415 avions déja: Les paroles restent..
1031 2380 1787 2436 éts trop töt. En attendant, son cuvre eut
1808 2388 2437 2454 Ainsi, apprenons-nous comment
1026 2421 1780 2462 Je temps, partant de Vienne, de parcourir
1779 2427 2535 2497 echange de paroles aigres-douces suffit à
1035 2460 1763 2524 I’Europe, dont les différentes capitales lui
1778 2472 2545 2533 diesocier un ménage, comment on peut,
1040 2492 1687 2549 réservaient l’accueil le plus flatteur.
831 2363 953 2557 2
1783 2516 2528 2559 avec des phrases, andantir un amour. Le
1058 2521 1771 2581 Le public allemand de Paris n'a point
1789 2552 2539 2614 deuzieme acte est surtout frappant: nous
1020 2561 1767 2620 démenti, lers de la génerale de la Comédie
1777 2601 2529 2653 F voyons un acteur qui, par la seule magie
1024 2617 1776 2675 des Mott, au Studio des Champs-Ely'sces,
1777 2634 2531 2689 ziu verbe, reconquiert la semme qu'il a
1027 2651 1493 2708 ce succks international.
1778 2674 2526 2716 trompée; cest la contre-partie, et les
1059 2677 1772 2747 M. Schnitzler n'’est pas un optimiste. Ses
1780 2698 2545 2762 mots ressuscitent iei ce qu'ils détruisents
1025 2735 1773 2780 romans comme ses pieces accusent son
1779 2751 1946 2811 ailleurs.
1025 2772 1775 2821 goüt pour la vérité sans atténuation, son
1801 2782 2538 2857 M. Victor Jensen tient le röle de cet
1020 2812 1776 2870 dédain de T’euphémisme. C’est que M.
1783 2830 2539 2894 acteur à le, langue dorée. II joue excellem¬
1028 2837 1763 2891 Schnitzler n’est pas qu'un écrivain de li¬
1781 2888 2531 2929 ment. Un spectateur disait: # ll se joue
1026 2887 1763 2939 vres ou de théätre: il est aussi profes¬
1783 2918 2522 2963 Iui-meme. s II convient d’ailleurs de feli¬
1027 2924 1772 2989 scur de médecine. II a lhabitude du scal¬
1778 2944 2540 3010 eiter toute la troupe réunie par Mlle
1022 2963 1153 3026 pel.
1773 2999 2539 3045 Boner. Elle continuera pendant huit jours
1064 2987 1764 3046 La pièce dont le Studio donne aujour¬
1780 3031 2538 3084 ses représentations, qui attirent au Studio
1018 3042 1766 3087 d’hui la première, tout en n’étant pas la
1774 3064 2530 3137 toute la colonie de langue allemande de
1023 3080 1760 3128 plus généralement connue, dans une cuvre
1778 3115 1920 3179 Paris.
1021 3123 1772 3166 qui est déja considérable, est loin d’étre
2173 3143 2502 3221 Robert Dester.
1008 3155 1788 3228 la moins intérersante. Elle se compose de
