3392 4320
2071 156 2525 255 box 32/7
225 161 1935 263 26.1 Komoedie der Worte Zuklus
1399 1123 2791 1199 heureux, pour qui elle fut u#le premier rayon de soleil dans une
104 1146 703 1261 MDTE- RENDU
1394 1198 1724 1277 vie désolée ).
1461 1300 2808 1392 Après le départ d’Ormin, Clara reste seule avec son mari,
1392 1398 2811 1451 dont la consultation est terminée. Eckold, d’une façon cruelle et
1399 1440 2807 1528 ironique Jui propose d’aller s installer à Berlin auprès de sa hlle,
1400 1513 2794 1596 trouvant inutile de continuer à vivre avec elle. Clara ne com¬
104 1568 1040 1677 entir, des mots qui détruisent un soyer, des
1391 1596 2808 1670 prend pas cette idée subite, mais Eckold explique que depuis dix
112 1646 1050 1728 yent de tout réparer. Vaine escrime des
1396 1655 2794 1736 ans il attend cette minute. Dans son idée elle a été la maitresse
113 1717 1045 1797 us grande réside dans les ämes, dans leur
1388 1717 2809 1797 d Ormin, qusil hait parce qusil a réussi partout ou lui, Eckold,
96 1787 1057 1869 r inconsciente compléxité, leur indulgence,
1399 1793 2805 1883 a échoué. Peut-être aurait-il pardonné s’il 's était agi d’un autre.
112 1859 1048 1942 les insondables affinités qu elles ont entre
1395 1879 2814 1960 II n avait pas juge commode de divorcer parce qusil avait une
116 1926 1066 1990 la faiblesse mème est émouvante, au point
1403 1953 2801 2029 hlle, et Il s était contenté de savourer sa vengeance en silence,
1397 2023 2810 2122 ne considérant Clara plus que comme une compagne de hasard.
1394 2098 2509 2198 Leur hille étant mariée, le silence devient inutile.
1480 2213 2802 2292 Un drame intime se joue dans I'äme de Clara: Va-t-elle ou
116 2200 787 2344 REVELATION
1399 2295 2812 2375 non Jui dire la vérité. Après vingt ans de mariage elle apprend
112 2319 768 2418 NDE DES ERKENNENS)
1400 2362 2813 2441 à connaitre la nature basse d’Eckold et outrée elle conhirme ses
1405 2437 2820 2535 soupçons en prétendant avoir été la maitresse d’ Ormin. Elie n'a
108 2446 1067 2552 bld et sa semme viennent de marier leur hlle
1418 2509 2826 2601 que le seul regret de quitter cette maison dix ans trop tard,
112 2535 1061 2629 annoncent le départ imminent pour le champ
1412 2581 2551 2680 désemparée et brisée par cette révélation soudaine.
104 2603 1050 2697 pnais de son ami Ormin, célébre professeur,
115 2672 955 2751 ant la nouvelle, cache mal sa jalousie.
97 2787 1055 2883 ndre congé de lui. Eckold, appelé par sa
1608 2752 2617 2884 LA GRANDE SCENE
112 2867 1065 2937 e seul avec sa femme, et Ormin se décide
1887 2884 2369 2987 (GROSSE SZENE)
95 2929 1063 3010 mour que depuis longtemps il éprouve pour
113 2989 1068 3073 s surprise et bien qu ayant deviné ses senti¬
1497 3012 2827 3100 Le grand et génial comédien Conrad Herbot habite à Berlin
118 3069 1073 3144 pu être sa maitresse, car son amour pour Jui
1418 3096 2827 3176 un hôtel situé juste en face du théätre. On le croit divorcé, car
117 3137 1073 3212 aurait risqué de bouleverser sa vie et de
1416 3192 2826 3259 sa femme, Sophie, sans cesse trompée par Jui I'a quitté pendant
119 3204 1070 3288 Eckold, à qui elle se croyait indispensable.
1418 3240 2844 3324 1 été ou Conrad, pour comble, a eu comme maitresse la hancée
125 3281 1082 3336 des aveux elle ne veut plus avoir de secrets
1415 3323 2826 3432 d’un de ses amis. Cependant les lettres suppliantes de son mari,
117 3352 1067 3434 e avoir été la maitresse d’un écrivain mal¬
