3392 4352
2107 168 2570 272 box 32/4
1014 192 1082 259 d
241 182 1958 294 26.1. Konoedieer Worte zyklus
1587 1769 3322 1837 Der Mann als Komödiant. Oder: Der Das Bacchusfest. Nach fünfj
142 1777 1469 1852 r nicht einmal vollen Periode nahen sich ihr zwei Männer,
1505 1806 3312 1881 Komödiant als Ehemann. Die Ehe dieses Ehe verläßt ein Dichter seine geliebte
143 1839 1462 1901 daß der Dichter Freunde ihres Gatten. Den einen liebt sie und
1502 1866 3333 1937 Schauspielers — (es ist wohlgemerkt, nicht der auf sechs Wochen. Er braucht die E
145 1878 1469 1951 bedürfnis hatte, ergibt sich ihm nicht, weil sie fühlt, daß dieser
2484 1917 3328 1983 keit. Die sechs Wochen genügen, die klein
1491 1926 2491 1990 aus dem „Gardeoffizier"!) — wäre im Grunde
480 1939 1467 1998 Mann ihr Schicksal werden, daß er vielleicht
146 1947 477 2016 hineinzulangen,
2487 1965 3325 2052 zum Sprunge in die Arme eines Geliebt
1502 1976 2475 2041 die glücklichste der Welt. „Er“ hintergeht „sie“,
487 1980 1476 2049 ihre Ehe zerbrechen müßte, die immerhin ein
144 1988 478 2061 igenen Binsen¬
2487 2016 3333 2083 zu machen. „Nie soll weiter sich ins Lan
1503 2031 2480 2087 so oft es geht. Kommt „sie“ einmal dahinter,
486 2026 1471 2098 behagliches Glück für sie ist. Und wird die Ge¬
157 2040 481 2106 hier zuweilen
2489 2070 3326 2138 von Liebe wagen, als sich blühend in der
1511 2075 2481 2134 dann verläßt sie ihn, ohne viel Wesens zu
479 2080 1465 2147 liebte des anderen, des weniger geliebten Man¬
144 2088 476 2158 Idee auszuspre¬
2483 2115 3332 2182 läßt die Rose tragen, oder als die
1506 2125 2492 2169 machen und zieht sich in die Einsamkeit zurück ..
484 2123 1471 2199 nes, von dem sie fühlt, daß er sie nicht so stark
148 2127 483 2204 rheit geht. Im¬
1498 2172 3326 2234 Hier aber leuchtet ihr dann wieder ein, daß sie — gall*. .“ u. s. w. Glücklicherweise ersche
484 2171 1476 2250 beeinflußen kann, um eine ernste Gefahr für
137 2182 477 2251 cke wie ein sprü¬
2496 2219 3324 2280 Dichter und Gatte so rechtzeitig genug,
1507 2222 2477 2279 trotz alle= und alledem! — doch nur zu ihm ge¬
494 2226 1472 2297 ihr Lebensglück werden zu können. Ihr Gatte
136 2237 481 2309 ichtende Gedan¬
2499 2261 3330 2321 Sache glatt einzurenken. Ganz einfach!
1503 2275 2482 2323 hört, daß „er“ doch nicht so genommen werden
498 2275 1474 2347 ist keiner von den Eheblinden. Er ist nur einer
149 2283 477 2351 Lieblings=Prob¬
2490 2315 3329 2396 Dichter erzählt die Geschichte des grie
1504 2322 2473 2385 darf wie andere Ehemänner, daß ein Künstler
487 2326 1478 2390 von den Kurzsichtigen der Ehe. Klaras eigent¬
139 2332 480 2407 cht nur der ge¬
2494 2365 2795 2435 Bacchusfestes.
1495 2371 2476 2439 „das“ braucht u. s. w. So kehrt sie denn zurück
497 2358 1478 2443 lichen Fall sieht er nicht, er sieht nur, daß sie
142 2383 483 2456 hen Dreigespan¬
2618 2387 3317 2470 „Für diese eine Nacht waren alle
1504 2426 2472 2476 und sie halten wieder bei einander aus, bis —
485 2417 1479 2507 jenen ersten Mann liebt, dessen Werbungen sie
143 2429 484 2500 bsicht von einer
2524 2460 3312 2524 der Familie, alle Gebote der Sitte
1683 2462 2486 2530 .. bald hätten wir gesagt: „bis zum
1506 2470 1673 2527 nun,
505 2466 1485 2550 nicht unterlegen ist. Das weiß er natürlich nicht,
146 2471 484 2554 mödien“ spricht,
2526 2511 3323 2583 aufgehoben. Männer, Frauen, junge
1502 2512 2495 2578 nächsten Konzert“, wenn wir uns nicht recht¬
486 2515 1485 2601 aus dem Scheine schöpft er die falsche Ueberzeu¬
140 2529 492 2599 er persönlich ge¬
2527 2559 3332 2631 chen verließen bei Sonnenuntergan
1503 2543 2489 2625 zeitig erinnert hätten, daß „das Konzert“ von
501 2551 1483 2644 gung von der — in diesem Falle — nicht vor¬
147 2572 492 2647 drei männlichen
2540 2619 3326 2673 Haus, dessen Friede sie sonst umgab u
1509 2614 2496 2663 Hermann Bahr ist ... Nein, Schnitzler gibt
496 2612 1477 2695 handenen Tatsache des vollzogenen Betruges.
139 2627 491 2698 hn ein und dem¬
2544 2654 3336 2727 hütete, und begaben sich in den heiligen
1504 2663 2498 2731 dem Verwurfe eine viel tiefere Wendung wie
502 2658 1478 2739 Seine Rache ist grausam und unsäglich dehmü¬
146 2681 490 2746 werden: deuten
2601 2712 3334 2767 es gab jedenfalls ein
1503 2715 2498 2776 der tändelnde Bahr. Die junge Frau wird
136 2710 1492 2790 sen roten Fadentigend. Er trennt sich innerlich vollkommen von
2535 2755 3317 2812 hebliche Anzahl solcher H
1506 2757 2502 2830 Zeuge dessen, wie großartig der Gatte in der
139 2756 1484 2833 unges durch die der Frau, von der er sich — freilich unter der
2540 2807 3327 2866 im Lande — um dort unter den sch
1511 2813 2488 2874 Kunst des Verstellens sein kann, als es sich ihm
502 2804 1487 2892 Voraussetzung des unrichtigen Mannes — be¬
142 2815 487 2891 ielleicht die Ehe,
2540 2856 3323 2919 den Schleiern der Nacht das göttlich
1509 2862 2491 2926 darum handelt, einen jungen Mann, dessen
504 2850 1487 2932 trogen wähnt. Doch indem er mit Klara noch
389 2876 489 2937 von
131 2875 335 2940 en kann,
2534 2898 3324 2977 zu feiern. Bei Anbruch des Tages —
1507 2909 2494 2961 Braut er gewissenlos verführt hat, über den
500 2904 1480 2984 immer alle Gemeinsamkeiten der ehelichen Zu¬
136 2919 490 2988 kblichen Natural=
2537 2936 3338 3017 das Fest vorbei, und jeder Teilnehme
1500 2959 2487 3022 wahren Sachverhalt des Betruges hinwegzu¬
510 2948 1482 3042 sammengehörigkeit vollkommen aufrecht hält,
170 2964 492 3039 diese bei dem
2538 3003 3315 3062 verpflichtet, zu vergessen, mit wem
1509 2989 2495 3068 täuschen. Die Verwerflichkeit dieser glänzenden
500 2993 1487 3087 erniedrigt er sie grundsätzlich zu dem Werkzeuge
136 3018 506 3093 Willens gar nicht
2546 3054 3326 3111 seinen Teil das göttliche Fest gefeiert
1510 3045 2496 3119 Art, zu lügen, erfüllt sie mit Abscheu und sie
504 3044 1496 3134 der rein biologischen Bedürfnisse seiner Erotik,
143 3070 500 3140 ingalante Stück¬
2536 3103 3325 3157 Und wie die Sage berichtet, sollen die
1503 3102 2487 3167 verläßt den Komödianten. Komödie der Worte.
577 3097 1501 3182 solange, bis er nach weiteren zehn Jahren
155 3118 509 3203 das sie zu sagen
2534 3153 3326 3210 teilnehmer zuweilen etwas ermüdet,
1501 3140 2496 3217 Sie, die ihm verzieh, als er sie wirklich betrog,
497 3141 1485 3237 die Stunde für gekommen erachtet, dem Weibe
2525 3194 3340 3264 doch erfrischt, ja gewissermaßen geläute
1499 3210 2490 3267 kann ihm nicht verzeihen, daß er nur ein glän¬
510 3195 1500 3281 kaltblütig den Dolch der Enthüllung dessen ins
2532 3249 3075 3318 Hause wiedergekehrt sein.
1511 3263 2486 3315 zender Schauspieler blieb, indem er den anderen
510 3254 1501 3349 Herz zu stoßen, wozu er Klara bisher ernied¬
182 3243 501 3346 großstädtischen
2617 3294 3326 3371 Und man hatte zu Hause ein anre
1505 3303 2491 3365 betrog, vielleicht nur deshalb, um ihm sein
716 3305 1498 3369 Das Weib verläßt ihn. Klara hat
517 3322 661 3383 rigte
149 3324 502 3393 lt nach zehnjähri¬
2539 3338 2975 3417 Gesprächsthema bis
1509 3342 2172 3422 Lebensglück nicht zu rauben ..
153 3351 1490 3434 nseitige Entfrem= unter falscher Beschuldigung gebüßt. Komödie
2096 3391 2176 3452 *
2484 3389 3342 3472 „zum nächsten Konzert“ — nein!! — „b##
144 3413 859 3489 schen ihrem Gat= der Worte
154 3471 531 3548 ieser verhängnis¬
