3344 4256
188 172 1353 269 26. Konoedie der Norte
177 363 2508 455 26.1. Kongedie der Norte zyklus box 32/1
1215 735 1745 824 (Vechenangabe Shnie Gewahr.)
909 793 1454 927 Ausschnitt/8#fl7osh.
1437 804 1920 927 CHSPOST, WIEN
919 912 1092 975 vom:
1205 903 1515 1013 700N 19 15
960 1017 2042 1118 Theater, Kunst, Munk.
966 1097 2060 1203 Der nächste Spielplan des Hofburg¬
1372 1166 1677 1247 theaters.
985 1225 2114 1299 Heute ewpfing Herr Direktor Thimig die
924 1256 2109 1334 Vertreter der Presse und schilderte ihnendie Pläne, die er
924 1318 2109 1396 für das nächste Spieljahr des Horburgtheckters hegt. Zunächst
932 1358 2109 1419 setzte er auseinander, daß die Bilduug eines(nenen Spiel¬
919 1406 2004 1480 planes auf erhebliche Schwierigkeiten stoße, da
919 1448 2110 1500 jetzt schon die, durchd die Einberufungen verursachten
931 1493 2116 1541 Abgänge im künstlerischen und technischen Personale schwer
922 1533 2119 1586 fühlbar machen und mit weiteren Einberufungen gerechnet
924 1581 2118 1642 werden muß. Immerhin hofft das Theater, im nächsten
924 1623 2060 1689 Spieljahre einige bedeutsame Neuheiten herauszubringen.
994 1675 2110 1737 Zunächst soll eine Neuinszenierung des „Götz von
904 1685 2113 1780 [Verlichingen“ über die Bretter gehen. Sie wird auf
909 1757 2106 1818 der späteren Goetheschen Fassung vom Jahre 1773 fußen,
911 1807 2099 1871 welche bekanntlich die Umfassung etwas bühnengerechter zu
924 1843 2110 1918 machen sucht. Die Regie wird der neue Regisseur des
920 1886 2103 1930 Theaters, Herr Holz, führen. Den Götz wird Herr Reimers
914 1928 2106 1995 spielen. Hiezu meinen wir, daß es dem großen Publikum
916 1976 2107 2041 ziemlich einerlei sein, wird, welche Götzbearbeitung man
910 2024 2113 2100 ihm bietet, so daß diese „Neuheit“ wohl bloß in den Augen
913 2060 2096 2129 der Literarhistoriker eine solche bilden wird. Dem weitaus
916 2108 2096 2174 größeren Teil der Theaterbesucher wird durch die Freude
901 2144 2095 2215 über die „andere" Bearbeitung das Bedauern darüber nicht
898 2177 2101 2268 aufgewogen werden, daß Baumeister nicht mehr den
902 2227 2101 2303 Götz spielt. Sodann wird das Theater daran gehen, einen
903 2270 1163 2338 Zyklus
1147 2278 2105 2336 sämtlicher Grillparzerscher
904 2323 2112 2393 Bühnenwerke zu bringen. Eine alte Ehrenschuld,
902 2352 2105 2419 welche dem österreichischen Klassiker nun endlich abgetragen
904 2415 2104 2485 werden soll! Dieser umfangreiche, in der Tat bedeutsame
901 2459 2093 2519 Plan erfordert lange Vorarbeiten, mit denen zeitlich be¬
896 2497 2093 2566 gonnen werden wird. Im Jänner 1916 soll der
895 2543 2098 2597 Zyklus mit dem „Bruderzwist im Hause Habs¬
897 2589 2103 2652 burg“ beginnen, der seit vielen Jahrzehnten nicht mehr
894 2623 1653 2675 auf dem Theaterzettel gestanden hat.
1710 2631 2087 2688 Diesen Plau be¬
891 2677 2088 2757 grüßen wir umso herzlicher, als er manches, dem Geist der
887 2717 1718 2793 Zeit angemessenes Drama bringen wird.
978 2751 2092 2829 Spärlich sind in dem bisher festgesetzten Spielplan
896 2800 2090 2874 absolute Neuheiten vertreten. Viele fremdländische Autoren
893 2843 2087 2917 scheiden durch die Kriegsereignisse völlig aus, eine Lücke,
896 2889 2090 2937 die, wie Herr Thimig bemerkte, deutlich fühl¬
899 2933 2085 3005 bar ist. (Wir für unseren Teil finden den Verlust
902 2978 2093 3043 der Herren Shaw, Courteline usw. nicht für sonderlich be¬
892 3024 2077 3082 klagenswert). Der Einlauf an deutschen Manuskripten ist
890 3063 2087 3138 gering und unter dem Wenigen findet sich so gut wie nichts
901 3111 2061 3173 Wertvolles. Die meisten Autoren haben sich auf „zeitgemäße“
894 3144 2079 3218 Stoffe geworfen. Wir haben mehrfach darauf hingewiesen,
891 3185 2095 3264 daß derartige, im Kanonendonner flink zurechtgezimmerte
893 3237 2084 3308 Aktualitäten für die Bühne keinen Gewinn bedeuten können.
898 3282 2080 3332 Im übrigen will, meint Herr Direktor Thimig, das Publi¬
886 3323 2095 3413 kum im Theater nicht an den Krieg erinnert sein, sondern
892 3368 1298 3435 sucht Entspannung.
978 3415 2080 3482 Als erste absolute Neuheit wird ein Einakterzyklus
895 3448 2083 3517 „Komödie der Worte von — Schnitzler in
888 3490 2082 3563 Szene gehen und zwar schon Mitte Oktober. Wir wollen
876 3543 2090 3617 zu dieser Eröffnung heute keine andere Bemerkung beifügen.
885 3576 2079 3658 ols die, daß unserer Ansicht nach das Hofburgtheater gerade
877 3623 2080 3693 reichlich genug mit dem Geiste Arlur Schnitzlers gesegnet
886 3668 2072 3737 ist und daß die Aufnahme dreier neuer Schnitzlerstücke
881 3706 2075 3784 durchaus keinen Fortschritt in der sittlichen Reinigung
883 3758 2077 3830 unserer Bühnen erhoffen läßt, auf die wir nach diesem
880 3804 1784 3873 Kriege mit allen Kräften hinarbeiten werden.
965 3846 2070 3912 Das zweite Wort wird der dänische Dichter Julius
886 3867 2065 3964 Magnussen mit dem Lustspiel „Seine einzige
879 3930 2070 4010 [Frau“ haben. Dann wird das Schauspiel „Das
883 3969 2077 4040 Bild des Ramses“ zur Uraufführung gelangen,
868 4019 2080 4102 dessen Verfasser Graf Franz Dubsky ist, ein Nesse
883 4064 1533 4125 der Dichterin Ebner=Eschenbach.
970 4096 2074 4172 Schließlich wird noch eine Einstudierung des Ibsen¬
