3344 4352
144 187 389 280 26. 1
1350 207 1416 266 6
1121 200 1183 266 W
2020 195 2480 296 box 32/1
373 198 1884 302 KongediederHortzpklus
1795 1089 2844 1184 — — O
1676 1033 2883 1272 Kiet mid un en Schihier ieh und wen Richt 1e
2918 1191 3248 1285 Deser Ginater
610 1117 1552 1346 Feuilleton. ##,1
1562 1242 3256 1333 soignierte Form, die Tiefe des Erkennens und die Melancholie bohrender Gründlichkei
1580 1303 3252 1385 der Gedanken, der zeitlich erhöhte Witz, der bildhafte Sinn fürs von der sachlichen Lin
1562 1338 3258 1418 Wirkliche, ist auch in den drei Einaktern vertreten, die jetzt neu könnte die Gedanke##
1246 1331 1561 1443 11 7
762 1344 1185 1448 Burgtheater.
1557 1386 3261 1474 im Burgtheater aufgeführt werden Bloß die Maschinerie stockt ein Schweigen des Manne#
327 1438 3258 1489 „Komöbie der Worte“, drei Einakter von Artur wenig, das Tempo wird umständlicher. Einmal hatte Schnitzler eine Ganze ist nur eine ##
813 1474 1094 1549 Schnile
1559 1484 3260 1572 einzige lebendige Stunde, die Kraft eines einzigen Erlebnisses der Seele. Mann un
898 1518 1041 1588 Von
1564 1534 3235 1618 höher gestellt als Worte und Kunst. Jetzt scheint ihm die Kraft unwahrscheinlich sind,
699 1569 1228 1658 Leopold Jacobson.
1567 1581 3257 1669 des Erlebten zurückzutreten vor dem Triumph der Masken. Dennl oder einer gesellschaftli
1573 1629 3262 1716 was er Komödie der Worte nennt, ist bloß die Maske, hinter der der Literatur, die ja
451 1611 1583 1717 Auch Kritiken sind oft nur eine Komödie der Worte. In
1574 1682 3042 1766 sich Menschen, Gedanken, Gefühle, Seelen verstecken. Die wahren rezept ist.
327 1669 1573 1770 der Stunde des Erkennens wird es dem Schreibenden meist klarer
1572 1727 2821 1817 Gesichter werden freilich nicht zur Fratze; dazu sieht Schnitzler
327 1738 1573 1823 als dem Lesenden. Von jedem neuen Stück Artur Schnitzlers geht
2897 1742 3259 1833 Der zweite Eina
1569 1779 2159 1851 viel zu gütig und verstehend.
320 1780 1590 1872 ein Duft von Erwartung aus. Man empfindet respekt¬
2770 1787 3255 1875 freundlichere Lichter, un
327 1826 1594 1893 voll den Wunsch, tiefer einzudringen in das Geistige seiner Arbeit,
1684 1836 3258 1929 „Stunde des Erkennens“ heißt das erste Stück. Mann erklären könnte, daß Sch
322 1871 1575 1956 ihre Stimmung einzufangen und ihren Gehalt zu erklären. Man
1575 1889 3239 1973 und Frau, sie vierzig, er fünfundvierig, halten Abrechnung. Die [heraus das Leben sieht.
327 1926 1579 2009 hält sich bereit, in Worten, die klingen, und in Worten, die führen
1569 1938 3258 2014 Tochter hat sich tags vorher verheiratet und nun will der Gatte nur Darsteller bestimn
325 1984 3248 2063 sollen, die Perspektiven zu zeigen und den Ideenkreis zu umreißen, die Gemeinschaft lösen. Er sagt es trocken, sachlich, ohne tragischen bringen und nie ihr
319 2030 3256 2116 Man hat das Gefühl für den Ernst und die Würde einer oder heftigen Beiklang. Er hat zehn Jahre auf diesen Augenblick Komödie für andere um
329 2068 3267 2119 dichterischen Natur, die in das Leben hineinhorcht und gewartet, ihn herbeigesehnt und dennoch geschwiegen, bis die menschlichen Ton, wen
317 2115 3266 2173 Neues heraushört, Eigenartiges errät, hervorholt und bloßlegt. Tochter aus dem Hause war. Zehn Jahre lang wußte er, daß ihn sempfinden. Hier verrät
314 2169 3259 2260 Dies Alles ist Vorsatz Man hat das neue Werk nun gesehen, die Frau in einem krittschen Augenblick ihrer Ehe mit einem daß er mehr aus der ##
318 2224 1585 2296 gelesen und will es kritisch ein= und ausbegleiten. Es ist schon im
1573 2228 3252 2314 Freund betrogen hatte; er konute es nicht verwinden, hielt das Ein berühmter Schaus
325 2268 1578 2335 ersten Anlauf schwieriger als man gedacht hat und so gilt es.
1558 2279 3263 2361 Zusammenleben aufrecht, aber er wartete auf den Tag, an dem Metier ins Tatsächliche
318 2315 3252 2396 neuerlich zu überlegen. Da schlägt plötzlich die Stunde des er es ihr, kalt im Blut und Gemüt, sagen werde. Sie hatte ihn betrügt seine Frau. S
319 2352 3256 2443 Erkennens und eine Komödie der Worte tut sich auf. unterschätzt, glaubte ihm eine Gefährtin zu sein, wo sie doch nur bedeutet so ein Fall gar
324 2398 1583 2493 Mit einemmal wird es klar, vaß es nichts Neues über Schnitzler
1564 2424 3253 2506 ein Heim sah, empfand wohl, daß sie zu ihm gehöre, aber in ihr Dabei liebt er die Frau
321 2450 3256 2508 zu sagen gibt, daß es nur die alten Worte wieder sein können, lebte die Liebe zu einem, der nicht wie ihr Gatte ihm davonlief, wieder,
321 2508 1566 2573 weil es die alten Stücke sind, die er wieder geschrieben, die
1565 2518 3258 2598 den Lebensweg jener führte, die den inneren Auftrieb haben. wie er den Bräutig
318 2548 1571 2626 alten Gedanken, die er schon vorher gedacht hat, daß alles was
1562 2566 3259 2641 Das ist nun alles lange her. Ihre Wünsche sind eingeschlafen, nur beruhigt, beschwichtigt, m
325 2605 1570 2669 neu scheint, nur eine Wiederholung ist, mit kleinen Erweiterungen
1573 2612 3255 2700 ihre Gedanken blieben wach. Sie kann sich nicht verteidigen. Liebe, Leidenschaft, Entsa
323 2646 3265 2752 natürlich; daß er, immer von seinem Satz aus dem Paracelsus Zwar, einmal möchte sie ihm sagen, daß alles nicht wahr sei, glaubt, es sei nichts ge
321 2708 3255 2783 ausgebend: „Wir wissen nichts von andern, nichts von uns“, die nämlich als sie merkt, daß er einen ganz anderen für ihren der Worte gespielt, so
314 2745 3255 2837 Seelen enthüllt. Das ist schon viel, aber es hat bereits den Geliebien hielt, einen, dem sie nicht angehört hat, für den sie nur hat sich so hineingereden
325 2796 3263 2851 fatalen Beigeschmack des Nur=Artistischen. Der Kreis der Liebe empfand; aber sie gibt es auf. Und nun, da es leer um mit sich zufrieden; er h#
318 2832 3249 2898 Menschlichkeiten wird immer enger; das Leben schrumpft zu= sie geworden ist, da ihr Platz nicht mehr in diesem Hause ist, als Gattin aber schaudert;
325 2891 3241 2973 sammen auf erotische Probleme, es macht hier Halt und erschöpft Kameradin, wie sie glaubte, nimmt sie Mantel und Hut und geht und ihr ist, als wäre i
319 2938 3264 3026 sich in den Fragen: Treue oder Untreue Wahrhaftig, auch für Rasch ein paar Worte zum Abschied . . . nein ... Es hat dort, wo andere Wünsch
313 2984 3247 3077 Schnitzler, dem sich klarer als irgendeinem der Sinn der keinen Zweck. Worte würden ja doch nur lügen. Sie geht. Ob inkönnten. Aber sie kann
320 3029 3250 3111 Dinge erschließt, löst sich das Dichten in eine Komödie der den Tod? Es sieht so aus, bleibt aber unausgesprochen. Vielleicht sie Und wenn sie geht,
322 3080 3267 3191 Worte auf, und man möchte bei achtungsvoller Betrachtung nicht zum Geliebten, der morgen mit einem Schiff als Arzt nach Japan die Seele ist ein weites
313 3123 979 3219 in den gleichen Fehler verfallen.
1544 3141 1735 3221 abreist.
2770 3156 3012 3235 versichert.
