3344 4352
1232 213 1285 283 W
675 221 739 283 M
2122 202 2560 312 box 32/1
246 203 1977 320 26.1. Konbedie der Jorte—zuklus
2286 649 2715 787 MOE
1195 808 2283 923 KOMÖDIE DER WORTE.
1681 912 1820 974 VON
1398 954 2085 1053 RICHARD SPECHT.
1613 1067 2198 1158 .. Wie die wahren Worte
672 1024 1119 1222 J
1513 1129 2465 1220 (an denen Lächeln oder Tränen hängen
1523 1165 2621 1268 gleich Tau an einem Busch mit rauhen Blättern)
1518 1226 2547 1294 erschrecken müssen, wenn sie sich erkennen.
829 1227 1121 1354 O0
1517 1292 2565 1346 In dieses Spiel verflochten, halb geschminkt,
1523 1316 2635 1406 halb noch sich selber gleich und so entfremdet
1527 1374 2570 1453 der großen Unschuld, die sie früher hatten!“
1840 1422 2609 1521 Hugo von Hofmannsthal.
908 1440 1443 1571 Aaihre
1093 1527 2620 1617 lie werden doch nicht etwa bereuen. Klara?“ sagt der Professor
1106 1589 2631 1679 Ormin zu der Gattin des praktischen Arztes Dr. Eckold. „Ich bin
1107 1644 2630 1751 Ihnen ja so dankbar! Es war so schön und gut, daß Sie — daß
1073 1703 2640 1803 S wir beide in dieser Stunde — endlich die Wahrheit gesprochen
882 1771 2645 1859 haben.“ Und sie: „Sind wir dessen nur ganz sicher? — Nun ja. Vielleicht
984 1840 1898 1939 Wenn es nicht Worte gewesen wären.“
999 1874 2638 1987 „Diese Stunde“ — das ist die Stunde, in (der Rudolf Ormin von seinen
876 1947 2633 2037 Freunden Abschied nimmt; ewigen Abschied wahrscheinlich, nicht nur, weil er
884 2006 2645 2094 sich in das Pestgebiet des russisch-japanischen Krieges begibt, sondern weil
893 2077 2641 2159 seine gestörte Gesundheit eine Wiederkehr kaum annehmen läßt. Und die
885 2112 2642 2216 Wahrheit, die beide gesprochen haben, ist die: daß Ormin, der glänzende,
885 2183 2629 2290 berühmte, um das Glück des eigenen Heims gekommen ist und sich von seiner
893 2244 2639 2326 Frau getrennt hat, ohne die Richtige, die er zu spät gefunden hat, erobern
896 2293 2640 2386 zu können. Und daß diese Richtige sich ihm versagen mußte: denn Frau Klara
898 2362 2644 2443 hat ihn wirklich geliebt und er wäre ihr Schicksal geworden; sie aber hätte es
898 2410 2647 2503 nicht ertragen, nur „eine mehr“ in seiner Sammlung zu sein. Sie hätte auch
900 2464 2651 2551 ihren Gatten niemals verlassen. Nicht aus einem Gefühl der Treue; denn ge¬
898 2534 2641 2608 rade in jener Zeit, in der Ormin um sie warb und in der zwischen ihr und
900 2590 2657 2675 ihrem verbitterten, enttäuschten, zur Handlangerarbeit der Praxis verurteilten
900 2664 2644 2732 Mann eine unselige Entfremdung geherrscht hat, hatte sie sich nicht beson¬
900 2698 2642 2807 nen, sich einem andern zu schenken, der für sie kein Schicksal bedeutet hat,
904 2755 2650 2863 aber in dessen unstetes, freudlos einsames Leben sie eine Zeit wahrhaften
903 2813 2654 2907 Glückes zu tragen vermochte. Und trotzdem hatte sie niemals entscheidender
893 2877 2661 2965 als während jener Entfremdung und während ihrer Untreue gewußt, daß sie
901 2951 2658 3034 zu Mann und Kind gehöre, daß sie Sinn und Zweck ihres Daseins einzig in
905 2993 2647 3110 ihrem Heim finden könne. Auch jetzt, wo sie ihre Tochter verheiratet hat;
913 3063 2655 3151 weil auch jetzt noch ihr Leben unauflöslich an ihren Gatten geknüpft ist,
901 3103 2654 3215 dem sie über Mühe und Sorge wegheifen konnte, und der ihrer bedarf. Sie
911 3189 2657 3270 muß erfahren, daß sie irrt. Denn wenige Minuten später muß sie hören,
897 3232 2675 3320 daß Eckold nichts dagegen hätte, wenn sie zu ihrer nach Berlin verheira¬
1721 3323 1851 3401 787
2724 964 2806 1079 #
