3392 4352
2194 128 2292 208 1
2092 212 2550 307 box 32/1
1597 215 1653 287 2
234 219 1943 315 26.1. Kongedie der Forteyklus
2455 890 2535 953 141
1607 895 1852 963 Rundschau.
1746 1036 2572 1099 „Grünen Kakadu“, an „Lebendige Stunden“
885 1035 1720 1096 wachsen im Geiste der schöpferischen Erziehung
1741 1079 2588 1138 und das „Zwischenspiel", an „Komtesse
888 1090 1731 1135 Wynekens, gilt Artür Kutschers Gelöbnis:
1743 1129 2594 1174 Mizzi“ und das „Weite Land“. Wo Schnitzter
894 1135 1722 1192 „Wir wollen ihre Kärrner sein; sie werden
881 1177 1230 1239 königlich bauen.“
1744 1170 2591 1225 das Theater nicht selber auf die Bühne
1307 1175 1692 1245 Dr. Max Pirker.
1737 1215 2595 1272 bringt, spielen doch Schriftsteller, Künstler
896 1233 1300 1322 Wiener Theater.
1745 1252 2598 1310 und Schauspieler, die vom Theater reden,
1748 1301 2595 1355 die geistig führende Rolle, und in dem
970 1309 1727 1366 Mit begreiflicher Spannung hatte man
1754 1344 2595 1390 Einakterzyklus „Marionetten“ müssen gar
883 1350 1732 1408 die Uraufführung der drei neuen Einakter
1748 1387 2597 1449 Puppenspiele das Leben versinnbildlichen.
888 1406 1727 1450 von Artu==Schnitzlen im Burgtheater er¬
1743 1426 2599 1495 Daß sich die poetischen Gleichnisse zwischen
892 1433 1737 1492 wartet und mit achtungsvoller Schonung
1750 1476 2589 1532 Bühne und Welt nicht immer natürlich und
894 1488 1728 1543 verhüllt und enthüllt, was an ihnen ent¬
1744 1530 2596 1583 ungezwungen ergeben, sondern dem Fern¬
889 1535 1737 1589 täuschte. Sie führen den verbindenden Titel
1744 1556 2590 1618 stehenden, der in einer anderen geistigen und
899 1581 1732 1635 „Komödie der Worte““ Es ist ein echter
1747 1609 2601 1670 sittlichen Atmosphäre lebt, nur zu oft recht
895 1627 1739 1680 Schnitzler=Titel, der zu allem und zu nichts
1749 1649 2605 1708 konstruiert erscheinen, begreift sich leicht.
898 1671 1730 1726 verbindet, sozusagen: ein Titel mit doppeltem
1760 1692 2590 1756 Schnitzler wähnt, er beleuchte die problema¬
902 1711 1728 1769 Boden. Er bedeutet Entschuldigung und
1748 1744 2606 1799 tische Welt des in uns allen schlummernden
893 1752 1734 1807 Rechtfertigung zugleich und wer will, kann
1750 1799 2598 1852 Komödiantentums von immer neuen Seiten,
898 1801 1733 1849 aus ihm einen Strick drehen oder in ihm
1756 1839 2597 1900 und merkt nicht das ewige Einerlei, in dem
892 1845 1729 1902 den letzten und tiefsten Sinn aller dramati¬
1753 1875 2605 1939 er sich bewegt. Wie sehr man die Kunstfer¬
890 1889 1735 1948 schen Kunst ausgedrückt finden. Worte sind
1750 1934 2597 1983 tigkeit bewundern mag, womit er sein Lieb¬
903 1936 1741 1976 Masken, hinter denen wir unsere Seele,
1750 1970 2599 2030 lingsthema abwandelt, so kann man sich
900 1979 1732 2030 unsere Gefühle und Gedanken verbergen oder
1749 2020 2599 2070 doch des Eindruckes einer künstlich bewegten
898 2021 1736 2070 durch die wir sie steigern, um sie anderen
1755 2060 2602 2115 Monotonie nicht erwehren. Im Gegenteil:
902 2065 1732 2115 sichtbar zu machen, und Masken sind und
1745 2107 2607 2174 je tiefer Schnitzler in die Welt des Scheins
900 2111 1732 2157 bleiben ein Hauptrequisit des Bühnenspieles.
1750 2149 2604 2212 hineinhorcht, um die letzten psychologischen
899 2152 1740 2214 Warum also nicht „Komödie der Worte?“
1753 2198 2594 2240 Geheimnisse ihres wahren Seins zu er¬
904 2198 1745 2264 Mit Worten läßt sich trefflich streiten, mit
1750 2239 2596 2299 lauschen, desto enger, so scheint es, wird der
893 2245 1734 2303 Worten ein System bereiten, und es hieße
1760 2283 2599 2338 Kreis seiner poetischen Gestalten, und je
900 2285 1747 2339 selber eine Komödie der Worte aufführen,
1755 2331 2596 2387 feiner und zarter das Dämmerleben der
905 2334 1735 2380 wollte man den Titel gegen den Inhalt der
1755 2370 2605 2421 Seelen sich kundgibt, das er zutage schürft,
896 2378 1734 2431 neuen Einakter Schnitzlers ausspielen oder
1756 2417 2593 2472 desto schwerer wird dem Zuschauer die geistige
899 2427 1740 2485 ihm gar das Recht absprechen, gerade durch
1764 2469 2601 2518 Mitarbeit und desto größer für Schnitzler die
896 2464 1741 2523 die Möglichkeiten zu locken, die er offen
1753 2508 2533 2571 Gefahr, sich ins Abstrakte zu verlieren.
890 2516 1750 2569 läßt. Mit Vorliebe bewegt sich Schnitzlers
1842 2551 2597 2607 Die drei Einakter, die in ihrem äußeren
900 2560 1747 2605 poetisches Schaffen in den Grenzbezirken, wo
1755 2605 2602 2658 und inneren Zusammenhang als „Komödie
901 2600 1748 2655 Wahrheit und Lüge, Sein und Schein in¬
1763 2647 2604 2702 der Worte“ angesprochen werden wollen,
898 2651 1743 2709 einanderfließen und verschwimmen, wo die
1757 2691 2604 2743 scheinen mir bei dem Punkte angelangt zu
905 2702 1740 2749 Wirklichkeit zum Spiel und das Spiel zur
1752 2732 2612 2792 sein, wo man dem Dichter nicht mehr mit
909 2736 1748 2789 Wirklichkeit wird und diese sich in eine
1756 2772 2601 2840 vollem künstlerischen Interesse zu folgen ver¬
901 2780 1750 2835 Geistigkeit auflöst, die jenseits von Gut und
1761 2829 2606 2874 mag. Wohl weisen auch sie alle Vorzüge
910 2821 1755 2872 Böse hinter das Geheimnis unserer seelischen
1761 2859 2617 2918 auf, die dem poetischen Schaffen Schnitzlers
903 2871 1750 2931 Triebkräfte zu kommen sucht. Diese Vor¬
1756 2905 2601 2965 so oft nachgerühmt wurden, daß man sie
904 2906 1747 2969 liebe Schnitzlers, unser Tun und Handeln
1766 2948 2610 3005 kaum mehr zu wiederholen braucht. Allein
909 2958 1742 3009 im Zwielicht des Bewußten und Unbewußten
1768 2994 2609 3055 die Art, wie Schnitzler seine Gestalten mit
899 3003 1751 3062 dramatisch aufzuzeigen, rührt offenbar von
1764 3041 2601 3096 dem Reiz der Ungewißheit umgibt, indem er
911 3049 1758 3098 der besonderen Stellung her, die er dem
1767 3080 2616 3132 es der Phantasie des Zuschauers überläßt,
908 3088 1757 3146 Theater gegenüber einnimmt. Er schreibt
1767 3128 2612 3185 zu erraten, wo die Lüge aufhört und die
911 3138 1756 3185 nicht nur fürs Theater, das Theater selber
1760 3177 2603 3229 Wahrheit beginnt, hat künstlerische Berechti¬
907 3178 1746 3242 ist ihm ein wichtiges psychologisches Problem,
1759 3216 2602 3275 gung doch nur in der „Großen Szene“, im
914 3224 1746 3282 das ihn nicht locker läßt, das ihn immer
1764 3252 2614 3315 zweiten der drei Einakter. Er handelt vom
911 3273 1745 3320 wieder beschäftigt und verleitet, poetische
1771 3309 2608 3359 Doppelleben des Schauspielers, der sich nicht
905 3316 1757 3381 Gleichnisse zwischen Bühne und Welt anzu¬
1761 3343 2606 3401 nur auf der Bühne mit schönen Worten und
911 3361 1070 3421 stellen.
1761 3392 2603 3463 schönen Leidenschaften behängt. Solange der
993 3381 1745 3452 In fast allen Stücken Schnitzlers spielt
1764 3436 2610 3486 Komödiant kleinen Liebschaften mit zweifel¬
901 3448 1746 3495 das Theater irgendwie hinein, sei es als
1770 3485 2606 3530 haften Geschöpfen nachjagte, glaubte seine
900 3487 1749 3550 treibendes Element oder nur als kontrastie¬
1767 3526 2603 3582 Frau ein Auge zudrücken zu dürfen. Nun
918 3534 1753 3590 rendes Illustrationsmittel. Man denke an
1764 3570 2605 3628 er die Braut eines braven jungen Mannes
901 3570 1744 3643 das „Märchen“, an „Liebelei" und „Frei¬
1767 3612 2601 3668 verführt hat, wird es der Frau zu arg und
902 3618 1747 3691 wild“, an das „Vermächtnis“ und den
1768 3658 2623 3726 sie kehrt nur unter der Bedingung wieder zu
997 3676 1611 3744 * Buchausgabe bei S. Fischer in Berlin.
