3344 4384
1012 235 1073 300 d
236 230 1949 342 26.1. Konoedi Forte zyklus
545 1098 1612 1166 Der dritte Einakter, „Die große Szene“ handelt
469 1156 1606 1216 von dem ehelichen Verhältnis und Zerwürfnis des
471 1200 1609 1254 Schauspielers Konrad Herbot und seiner Frau Sophie,
462 1246 1614 1280 die teils im Ernst, teils im Scherz behandelt werden
465 1287 1621 1342 und zeichnet sich durch eine glänzende Charakteristik der
467 1326 1610 1385 Hauptrolle, seine psychologische Motivierung und geist¬
465 1362 1255 1411 reiche und witzige Gedankenspitzen aus.
538 1395 1612 1463 Das erste Stück spielt in Wien, das zweite in einer
467 1442 1612 1499 Bahnhofshalle und das dritte in Berlin. Sehr leben¬
460 1494 1617 1545 dig und lebensvoll in Szene gesetzt war in dem zweiten
461 1524 1618 1560 Einakter das Leben und Treiben bei Ankunft der Züge,
466 1553 1617 1613 wobei auch der Extrablattverkäufer nicht fehlte. Einen
468 1601 1618 1656 auserlesenen Geschmack und feines Stilempfinden verriet
473 1645 1607 1714 das entzückende Zimmer des Schauspielers im letzten
457 1675 707 1752 Einakter.
543 1707 1609 1779 Die Rollen der drei mehr oder weniger unglücklichen
460 1762 1611 1800 Ehemänner spielte Herr Harprecht, der in diesen ver¬
468 1803 1609 1857 schieden gearteten Rollen einen Beweis, seines Charak¬
465 1845 1612 1895 terisierungsvermögens und der Vielseitigkeit seiner dar¬
464 1886 1031 1933 stellerischen Mittel ablegte.
1043 1888 1610 1939 Der ernste und vergrämte,
458 1924 1614 1979 an stillem Seelenleid zehrende Arzt wurde ebenso glaub¬
469 1961 1617 1999 würdig und überzeugend von ihm dargestellt, wie der im
456 2002 1612 2053 Grunde gutmütige, aber leichtsinnige und im Leben wie
464 2046 1625 2096 auf der Bühne Komödie spielende und das Leben als Ko¬
459 2092 1614 2143 mödie nehmende Schauspieler. Die drei Frauenrollen
458 2129 1611 2176 wurden von den Damen Pils Gothe und Meiß¬
462 2159 1615 2223 ner gespielt. Die erste und die letzte, eine Schuldbe¬
472 2203 1617 2260 ladene und eine Märtyrerin, stellen an die Darstellungs¬
462 2248 1615 2286 kunst höhere Aufgaben, denen die beiden Vertreterinnen
473 2285 1618 2340 in löblicher Weise und mit Takt gerecht wurden. Im
465 2316 1614 2372 übrigen ist noch die humorvolle, zu den besten der drei
473 2366 1611 2404 Stücke gehörende Rolle des Theaterdirektors Falk zu
472 2400 1615 2460 erwähnen, der sich sters in der Theatersprache bewegt
473 2447 1609 2485 und sich mit einem jovialen Zynismus über die Misere
465 2479 1614 2531 des Lebens hinweghilft. Sie spielte Herr Weisker mit
472 2533 1245 2577 überlegener Kunst und feinem Humor.
549 2571 1616 2617 Die Rollen der beiden „Dritten“ waren durch die
465 2602 1612 2653 Herren Heinz und Schneider und die des ge¬
467 2648 1610 2701 täuschten Bräutigams durch Herrn Ehrle gut vertreten.
548 2678 1612 2740 Das Publikum nahm die drei Einakter mit sehr leb¬
468 2716 890 2792 haftem Beifall auf.
2117 219 2543 313 box 32/2
2006 957 3173 1041 abessisde GGesodazfer
2099 1060 3068 1162 Großherzogliches Hoftheater.
2345 1138 2823 1218 Komödie der Worte.
2171 1195 3006 1289 Drei Einakter von Arthur Schnitzler.
2161 1258 3076 1347 Als erste der Uraufführungen dieser Sai¬
2087 1312 3073 1398 son ging gestern die der drei neuen Schnitzler¬
2092 1376 3080 1424 schen Einakter an unserer Hofbühne in Szene.
2108 1417 3073 1488 Einakter ist vielleicht eine etwas zu weitge¬
2088 1455 3078 1513 hende Bezeichnung für diese mehr episodenar¬
2093 1498 3075 1567 tigen, abrißhaften Szenen, in denen sich, wie
2095 1545 3073 1610 meist bei Schnitzler, an äußerer Handlung
2092 1583 3079 1656 meist nicht mehr findet, als zur Motivierung
2092 1635 3083 1707 und Fortentwicklung des Dialogs unbedingt
2081 1677 3070 1737 nötig ist. Dieser Dialog freilich, reich an geist¬
2087 1723 3065 1787 reichen Pointen, verrät wieder Schnitzlers,
2076 1758 3067 1830 Meisterschaft in dieser Beziehung in Anlage
2085 1807 3065 1866 und Durchführung. Zwar geht er hie und da
2083 1837 3067 1916 reich in die Breite, ermüdet auch zuweilen
2077 1886 3061 1945 durch den Mangel an treibenden Momenten,
2075 1934 3062 2005 wie im „Bacchusfest“, wodurch eine Anzahl
2082 1983 3069 2057 Feinheiten, die bei der Lektüre in die Erschei¬
2084 2028 2700 2085 nung treten, verloren gehen.
2145 2062 3067 2142 Die Grundidee ist in allen drei Stücken
2079 2087 3062 2177 durchgehend: es soll die Macht des Gemein¬
2086 2160 3068 2224 schaftsgedankens in der Ehe bewiesen werden,
2079 2204 3066 2272 eines Zusammengehörigkeitsgefühls, das selbst
2071 2245 3063 2290 ganz entgegengesetzte Naturen, grundverschie¬
2076 2291 3073 2361 den in der Lebensauffassung, unlöslich anei¬
2082 2337 3072 2396 nander fesselt. Die sich gegen diese Macht
2077 2383 3065 2442 auflehnen und ihren eigenen Weg gehen wol¬
2073 2428 3061 2498 len, gehen daran doch innerlich zu Grunde, wie
2079 2489 3055 2544 Dr. Eckold in der „Stunde des Erkennens.“
2078 2532 3062 2571 Da ist es also richtiger, meint Schnitzler, ein
2077 2572 3057 2632 Kompromiß zu schließen mit dieser Macht, wie
2078 2615 3054 2681 im „Bacchusfest“ und in der „Großen Szene.“
2133 2639 3054 2718 Die Menschen, die uns diese Weisheit zu
2077 2703 3055 2765 predigen, durch ihr Handeln einzuprägen be¬
2076 2748 3063 2797 stimmt sind, zeigen zum Teil recht absonderliche
2080 2789 3058 2851 Charaktergestaltungen. Man merkt an ihnen,
2067 2831 3064 2890 daß nicht die Handlung aus ihnen erwachsen
2079 2874 3057 2931 ist, sondern daß der Dichter sie gewissermaßen
2068 2921 3058 2978 ad hoc sich konstruiert hat, und gelegentlich
2080 2965 3060 3008 meint man fast die Schrauben zu sehen, die
2067 3007 3056 3071 die einzelnen Teile dieser Charaktere zu ei¬
2076 3049 3054 3108 nem nicht gerade geglätteten Ganzen verbin¬
2073 3088 3057 3156 den. Da ist der Dr. Eckold, der zehn Jahre
2066 3122 3054 3201 lang seine Rache gegen die ungetreue Gattin,
2072 3176 3054 3241 auf Eis legt, um sie dann, nicht etwa in einem
2074 3221 3059 3281 innerlich begründeten Moment, sondern aus
2066 3260 3050 3331 einem rein äußeren Anlaß, wenn die Bequem¬
2062 3311 3053 3354 lichkeit es ihm gestattet, in Szene zu setzen.
2067 3349 3056 3408 Eine Nache übrigens, deren Folgen er dann
2071 3390 3049 3456 selbst, trotz der langen Vorbereitungszeit, nicht
2075 3449 3059 3497 zu tragen vermag. Da ist ferner der Schrift¬
2068 3482 3050 3539 steller Staufner im „Bacchusfest“, der seine
2074 3520 3060 3576 ganze Intelligenz und Selbstzucht aufbietet,
2069 3570 3051 3621 um eine notorische Gans, die durch irgend ei¬
2070 3612 3048 3663 nen Zufall seine Frau geworden ist, zur Ab¬
2062 3654 3055 3711 kehr von ihrem geistig nicht höher ragenden
2067 3694 3052 3754 Liebhaber zu bewegen. Da ist schließlich der
2055 3749 3063 3815 Schauspieler Herbot in der „Großen Szene“,
