3392 4320
233 223 2032 338 26.1. Kondedie der Norte zuklus
1032 1243 1448 1321 Pusschtt aur.
1260 1300 1996 1386 Hamburger Correspondent
1032 1367 1206 1417 vom:
1210 1354 1782 1458 KN
1011 1446 2199 1522 Der Anfang der neuen Spielzeit war allerorten vielver¬
932 1496 2209 1572 sprechend. Vom Burgtheater soll diesmal zuerst gesprochen
935 1537 2204 1603 werden. Aber nicht etwa deshalb, weil es unsere Hofbühne ist,
937 1576 2216 1647 die uns einen gewissen Respekt abverlangt. Nein, einfach deshalb,
931 1619 2198 1684 weil es, mitten in der Kriegszeit, Artur Schnitzlen mit seinem
931 1657 2208 1709 neuen Werk zu Worte kommen ließ. Wien unBer hatten am
926 1695 2199 1768 gleichen Abend die Uraufführung dieser neuen dramatischen Dich¬
929 1737 2199 1794 tung, die uns Schnitzler unter dem Gesamttitel „Komödie der
933 1773 2190 1849 Worte“ präsentiert. Die drei Einakter „Stunde des Erkennens“
928 1821 2199 1891 „Große Szene“ und „Baechusfest“ sind zwar ungleich an Wert,
931 1858 2195 1921 aber dennoch interessant genug, um uns einen Einblick in die
931 1892 2203 1966 Werkstatt eines Dichters zu gestatten, der in aller Stille unter die
923 1944 2213 1984 Fünfzigjährigen gegangen ist und der während seiner Schaffens¬
925 1981 2202 2027 periode so viel Wertvolles und Bleibendes der deutschen Bühne
928 2023 2203 2087 gegeben hat. Schnitzlers „Anatol“ hat des Dichters Ruhm seiner¬
933 2062 2204 2128 zeit mitbegründen geholfen und deshalb ist es gerade bei seiner
923 2095 2202 2172 neuen Komödie nicht uninteressant, festzustellen, daß er sich eigent¬
927 2133 2204 2196 lich niemals der Anatolsohäre gänzlich zu entreißen verstand. Die
930 2168 2198 2234 Vorzüge dieser drei Einakter liegen abermals nicht so sehr im
926 2211 2201 2279 dramatischen selbst, wie in dem feinziselierten, geistreichen Dialog
925 2256 2198 2324 und der ungemein klaren Seelenanalyse der einzelnen Charaktere.
933 2289 2199 2368 Dichter und Arzt ergänzen sich eben wunderbar harmonisch. Die
929 2339 2202 2413 Handlung wird den Lesern inzwischen von der Berliner Auf¬
928 2375 2205 2438 führung bekannt geworden sein, ich kann mich also darauf be¬
929 2410 2196 2492 schränken, den liebenswürdigen, aber keineswegs übermäßig
924 2455 2192 2517 starken Erfolg der neuen Dichtung Schnitzlers zu registrieren und
921 2495 2197 2562 weiter vermerken, daß Harry Waldau alle drei männlichen
922 2526 2192 2614 Hauptrollen spielte, ohne ihnen völlig gewachsen zu sein. Um ihn,
911 2573 2197 2667 neben ihm und mit ihm waren Frl. Wolgemuth, Herr Romberg,
855 2616 934 2690 2
922 2685 2194 2760 Frau Bleibtreu, Frau Medelsky und Herr Tiedke sehr tüchtig,
919 2738 2187 2799 mehr aber leider nicht. Eine Ausnahme bildete einzig und allein
919 2773 2214 2853 nur Herr Devrient. Man rief selbstredend nach allen Aktschlüssen?
914 2822 2215 2899 herzlich nach Artur Schnitzler. Die nächste Tat des Burgtheaters“
908 2858 1778 2927 soll ginsneue Einstudierung des „Götz“ sein.
2093 211 2555 299 box 32/1
