3344 4352
2139 163 2585 270 box 32/1
263 163 1980 282 26.1. Konoedie der NorteZykius
139 1125 789 1183 salles diese eine plötzliche Stunde
799 1106 3128 1174 dicht schließt. Und der Theaterdirektor hält sorglich die Stunde des Erkennens“. Da mimt er vortrefflich
162 1174 795 1237 Es reichte aus, Fünfaktiges zu
804 1171 1946 1232 Hand über den wunden Punkt. Die Komödie ist mit
1956 1155 3123 1238 eine schartig gewordene Seele, einen innen und außen
148 1225 807 1277 bundern des Dichters Kunst, in
806 1222 1945 1292 viel Laune gemacht, kräftig pointiert, nur, wie erwähnt,
1943 1237 3113 1293 vom Leben Benagten. Für den Schauspieler dann
140 1272 796 1356 iel Schicksal, Beziehung, Charakter
813 1275 1940 1356 einigermaßen weitläufig. Manchmal sinkt das Niveau
1942 1261 3101 1338 fehlt ihm die echte Rührung über den eigenen Schwindel,
811 1309 1823 1399 ihrer Spaßigkeit unter die Schnitzler=übliche Höhe.
1947 1314 3117 1391 der Trancezustand des genialen Lügners, in dem einer die
911 1347 1946 1433 Das dritte Stück heißt „Das Bacchusfest“ Es
141 1339 808 1430 weitläufigen, aber späßigen Ko¬
1953 1372 3115 1432 eigenen Lügen zu glauben beginnt. Hingegen traf er den
159 1424 806 1487 ene“ ist ein Schauspieler, ein
805 1415 1950 1485 ist ein kleines, elastisches Komödchen, jedernd vor innerer
1953 1410 3112 1496 in allen Gelenken elastisch federnden Schwachsinn, das
175 1472 805 1535 Der Schmiß in seiner ganzen
801 1468 1940 1528 Spannung, die sich zum Ende unschädlich, mit einem groß¬
1942 1472 3098 1532 Temperament=Triefende des Operettentenors meisterlich;
158 1514 805 1577 f Operettentenor: aber das sind
795 1506 1951 1569 artigen Klang, entlädt. Ein Schriftsteller — Arzt, Komödiant,
1953 1522 3106 1582 und lichterloh prasselt das Schmalz der Liebenswürdig¬
151 1565 804 1625 sser Schauspieler ist ein schwerer
801 1563 1948 1612 Schriftsteller: das Schnitzlersche Interessenspektrum scheint
1954 1568 3105 1621 keit. Ohne Rest deckten sich hier Rolle und Darsteller. Sehr
152 1613 796 1684 Berantwortungslosigkeit, deren er
795 1605 1948 1689 in den drei Einaktern ausgefaltet — rettet sich die schon
1951 1617 3115 1690 nett war Walden wieder im „Bacchusfest", als geistiger
151 1660 800 1731 Lüge scheint nicht ein Zug seines
809 1660 1950 1716 halb verlorene Frau durch die Energie, mit der er's angeht.
1953 1648 3112 1726 Duellant, der den Gegner zwar nicht absticht, aber
160 1709 810 1763 Charakter selbst. Sie tritt als
1949 1711 3102 1774 mit einer Reihe unwiderstehlicher Hiebe und Finten
809 1755 1942 1817 die Worte, die jener sprechen will, in den Schlund zurück,
192 1759 796 1825 und durchbeizt den ganzen
1959 1756 3115 1822 über den Kampsplatz jagt und schließlich zur Türe hinaus¬
807 1809 1948 1875 ehe sie noch Ton werden konnten. Der Scherz ist amüsant,
160 1800 807 1867 sagen könnte: die Lüge sei seines
1952 1806 3110 1867 drängt. Seine innere Glut schien zwar nicht ganz echt, aber
150 1855 795 1919 hrheit. Sein Hauch riecht nach
800 1846 1953 1914 nur leider unbedeutend. Und so bar aller Wahrscheinlich¬
1960 1864 3105 1920 für das frostige Riesengänschen, das Frl. Wolgemuth
142 1903 795 1961 iders Atem nach Spiritus. Und
795 1904 1948 1974 keit, daß er sich wie eine zwiegesprochene Clownerie anhört.
1947 1908 3112 1980 spielte, genügte sie. Leicht und gern schmolz sie von dem
797 1957 1674 2015 Was ihn rettet, ist seine freundliche Kürze.
142 1954 798 2018 ieler faszinierend liebenswürdig.
1960 1953 3099 2019 Fabrikantensohn ab und wieder zu dem berühmten Schrift¬
920 1993 1946 2068 Gemeinsam haben die drei Einakter das artistisch
142 1994 801 2066 Foßes närrisches Kind. Und ein
1951 1989 3115 2067 steller hin. Herr Rhomberg war sehr nett als düpierter
145 2051 795 2108 stets von seinem eigenen Schwindel
811 2041 1955 2107 Wohlgelungene, die lantlose Reibung ihrer Mechaniken, den
1961 2058 3102 2116 Liebhaber. In „Stunde des Erkennens“ sprach Herr De¬
808 2090 1956 2157 Schliff der äußeren Form. Die Menschen des Spiels
141 2101 794 2161 nd ein Künstler. Und ein Worte¬
1952 2102 3102 2151 vrient den vornehmen Greis Osmin und Frau Bleib¬
153 2147 800 2214 Kraft und Geschmeidigkeit. Und
804 2141 1943 2210 zeigen markante Gesichter. Aber ihre Lebenswärme ist
1947 2152 3100 2210 treu die Frau mit den drei Männern. An ihrein Heroinen¬
812 2186 1953 2255 gering, und auch dieses Geringe künstlich. Ihre Geistigkeit
152 2194 802 2248 meinheit. Und ein schillernder
1965 2201 3095 2265 panzer glitten die Spitzfindigkeiten des Schicksals kraftlos ab.
154 2248 798 2297 t also: ein unausstehliches Ekel.
807 2248 1960 2306 hat einen Beisatz von Pomade: es ist etwas Zurecht¬
1958 2244 3105 2307 Herr Tiedtke als Theaterdirektor voll milder Bonhommie.
798 2280 1963 2361 gelegtes, leicht Geklebtes an ihrer Seelenfrisur. Sogar die
1955 2291 3108 2363 Sie kam wie aus der kühlen Ueberlegenheit eines Menschen¬
156 2294 803 2348 ihm Betrogenen die Rache aus
801 2331 1948 2405 Zerzaustheit noch ist wie von kundiger Hand fixiert. Sehr fein¬
148 2335 806 2392 immerhin sehr lustig. Alles In¬
1955 2339 3111 2405 kenners, der nicht eigentlich gütig ist, aber sich den Luxus
813 2374 1952 2447 fädig und doch haltbar scheint das Gewebe von Beziehungen,
165 2393 804 2451 aber jedenfalls hatte das große
1960 2394 3102 2455 der Güte gern gestattet. Fräulein Kutscheras kindisch¬
806 2430 1950 2502 das in jeder Komödie deren kleinen Figurengruppe umspinnt.
164 2437 796 2509 schon Wochen früher zum Ge¬
1952 2440 3108 2500 freche Theaternovize erheiterte, und Frau Medelskys
806 2480 1953 2554 Die Sprache ist von anmutiger Beweglichkeit, weder arm
155 2479 797 2557 ick einen Brief gefälscht und mit
1962 2490 3109 2542 verständige Resignation als vielbetrogene Genie=Gattin
815 2540 1954 2590 noch prunkvoll. Wohlhabender geistiger Mittelstand. Ihr
156 2535 800 2590 die Ausreden geübt. Das nenne
1958 2538 3105 2593 drängte den Zuhörer in Rührung. Welches Pech für diese
802 2578 1949 2661 ideeller Besitz funkelt, wie der Ring an des Vornehmen
166 2586 802 2650 Sehr tüchtig trotzdem, wie er sich
1952 2582 3114 2651 große Schauspielerin, daß sie zar nicht anders sein kann,
806 2628 1301 2711 Hand, nur zufällig auf.
154 2635 795 2705 nen Frau schaudert's vor solch
1948 2642 3104 2694 als echt! Der Schlag ihres Herzens ist, wie oft! lauter als
909 2654 1947 2735 Der Schauspielkunst bieten die drei Einakter gute Auf¬
263 2683 807 2750 wer aber wüßte dem be¬
1949 2674 3114 2743 der Klang ihrer Rolle. Man sollte diese edle Musik nur an
810 2726 1951 2793 gaben, die das Burgtheater in seiner noblen Art mehr
138 2721 802 2796 ärl zu widerstehen? Und dann
1958 2734 2614 2812 einen edlen Text verschwenden.
802 2769 1960 2830 tadellos als hinreißend löst. Herr Walden ist aller drei
156 2778 803 2837 heaterspielen zu können: hier hat
2599 2758 3127 2871 Alfred Polgar. □
165 2818 1965 2901 t die Stelle, wo sie nicht sugen= Komödien Hauptkomödiant. Am besten gefiel er mir in
