3344 4320
142 210 427 300 26. 1
2002 200 2459 285 box 32/6
1115 205 1178 273 N
431 244 1860 304 KoWKus
1333 642 1968 727 Dr. Max Goldschmiet
1346 707 1975 772 Büro für Zeitungsausschnitte
1723 735 2153 810 Teleion: Norden 3051
1168 762 1452 829 BERLIN N 4
1477 827 1830 892 Nusschnitt aus:
1321 866 2052 954 Hunburger Fremdenblatt
1578 944 1963 1131 10 Ko, 12h.
1249 1135 2211 1239 Thealer, Kunst und Wissenschaft.
1351 1247 2122 1335 Hamburger Kammerspiele.
1261 1302 2173 1387 Gastspiel Albert und Else Bassermann.
1335 1375 2184 1429 Der Titel „Komödie der Worte“
1247 1406 2197 1469 unter dem Schnitzler seine drei Einakter
1262 1447 1550 1506 zusammenfaßt,
1631 1457 2203 1506 die kreffendste Charakterisie¬
1259 1493 2194 1545 rung. Es sind kleine Komödien, in denen die
1252 1520 2210 1586 Worte ein=, zwei=, zehnmal umgedreht werden,
1247 1562 2197 1619 bis sich ihr verschleierter Sinn langsam ent¬
1254 1598 2209 1661 hüllt und bis hinter den Masken die Menschen
1258 1647 2200 1679 auftauchen, die mit dem Leben ein teils über¬
1251 1674 2194 1731 legenes, teils frevelhaftes Spiel treiben. Ein
1247 1712 2200 1774 Arzt bekennt mit boshafter Dialektik, daß er
1249 1762 2197 1817 die Untreue seiner Frau, die ihm im tieferen
1247 1800 2196 1853 Sinne trotzdem treu geblieben ist, schon vor
1253 1830 2204 1873 zehn Jahren erkannt hat (Stunde des Er¬
1253 1874 2121 1931 kennens“), ein großer Komödiant spielt
1248 1911 2203 1967 virtuos mit Wahrheit und Lüge, bis sie sich
1239 1944 2200 1988 ihm selber verwischen („Große Szene“), und
1249 1987 2193 2043 ein Dichter gewinnt die Frau, die ihm zu ent¬
1241 2030 2200 2069 gleiten droht, durch eine souveräne Komödie
2062 2068 2194 2125 Das
1244 2069 2021 2115 der Worte zurück („Das Bacchusfest“)
1249 2100 2189 2151 setzte der drei Stücklein ist das sympathischste,
1248 2138 2193 2186 weit hier aus Gauklertum aus einem Bewußt¬
1250 2179 2200 2228 ein von Wer und Unwert kommt. Deshalk,
1252 2222 2190 2258 auch war Albert Bassermann in dieser
1245 2259 2199 2292 letzten Rolle weitaus am stärksten. Es ist une
1252 2294 2196 2359 vergleichlich, wie er in beiläufig hingeworfenen
1268 2353 2205 2418 Reden letzte Entscheidung fällt, vor denen der
1272 2393 2208 2452 Partner, der zum Zwerge zusammenschrumpft,
1254 2439 2203 2496 sich zuletzt nur noch mit einer bekleckerten Ver¬
1255 2473 2200 2538 beugung empfehlen kann. Er läßt die Worte
1259 2509 2206 2576 mit lässigen Gebärden wie Perlen von einer?
1264 2542 2206 2615 Schnur fallen, er streichelt sie, glättet sie, wirst:
1260 2579 2203 2644 sie plötzlich wie Knallerbsen und wie Hand¬
1261 2626 2204 2698 granaten und sagt dann am Ende das Letzte
1264 2659 2208 2726 und Wichtigste mit einem rauhen, abgebrochenen;
1265 2694 2201 2771 Wort und einer abgebrochenen Geste. Alle die
1258 2729 2199 2806 vielen Einzelzüge der Darstellung sind in einen
1254 2776 1978 2837 zwingenden Umriß zusammengefaßt.
1337 2815 2199 2882 Die „Große Szene“ scheint bei oberflächlicher
1252 2844 2199 2919 Betrachtung dankbarere Motive zu bieten, weil
1251 2886 2199 2963 sie das Virtnosentum eines Stars in den
1242 2929 2195 3017 Mittelpunkt stellt. Aber hier entging auch
1247 2961 2200 3040 Bassermann nicht der Gefahr, zu vergröbern
1247 2999 2193 3065 und mit einer ausgelassenen Pathetik auf Reißer
1243 3038 2178 3106 hinzuspielen. In den Augenblicken des Ueber¬
1242 3081 2186 3142 muts entfaltete er ein bezauberndes Tempe¬
1246 3117 2200 3189 rament, und doch blieb die Gesamtleistung
1233 3148 1403 3201 zurück.
1410 3155 2174 3224 Der Sinn dieses Einakters liegt ja
1237 3196 2195 3265 gerade darin, daß das Theater, das Konrad“
1243 3228 1540 3284 Herbot spielt,
1616 3240 2172 3307 e unverfälschte Farbe des
1243 3263 2184 3337 Lebens trägt; bei Bassermann blieb es Theater.
1240 3307 2180 3376 In der „Stunde des Erkennens“ gab Basser¬
1231 3341 2169 3417 mann nur eine kleine Probe seines Könnens.
1229 3387 2178 3453 Die Rolle des Arztes ist zu konstruiert und so
1235 3423 2173 3494 durchdringend unsympathisch, daß sie sich einer
1227 3453 1816 3514 belebten Abrundung entzieht.
1315 3499 2171 3573 Die Frau des Schauspielers im Mittelakt
1226 3524 1352 3577 gab
1453 3544 2172 3604 e Bassermann. Ihre sym¬
1223 3572 2172 3642 pathische, aber etwas blasse Darstellung wurde
1221 3597 2169 3687 durch die leichte Selbsiverständlichkeit des Zu¬
1229 3652 2164 3707 sammenspiels mit ihrem Gatten wesentlich ge¬
1224 3682 1379 3731 stützt.
1388 3693 2165 3751 In anderen Rollen spielten Anni
1227 3724 2168 3800 Reiter, Herta Windschild, Walther Reuschle,
1224 3758 2164 3833 Gustaf Gründgens, Fritz Eßler und Paul Kemp
1218 3801 2156 3876 saubere Komödie. Der starke Beifall hatte den
1230 3842 2169 3921 Klang der Herzlichkeit, mit der man einem seit
1226 3879 1978 3956 Jahrzehnten verehrten Namen huldigt.
1954 3928 2170 4008 A. 1.
2841 4118 2986 4177 K
