3392 4352
-2 2609 51 2667 ich
-12 2657 58 2707 um
193 1382 1882 1434 mit dem Brustton der Irrtum gibt schließlich der Frau noch einmal eine letzte
667 1413 1892 1486 Waffe in die Hand, und indem sie auf die Wahrheit verzichtet,
195 1416 650 1480 weich, bald pathetisch,
662 1458 1879 1516 lügt sie sich in ein Liebesglück hinein, das sie niemals ge¬
212 1466 659 1524 schließlich von jeder
189 1502 655 1567 umer weiter kletternd
661 1505 1886 1558 nossen, preist sich selig im niegehabten Besitz und bleibt so
671 1553 1878 1605 am Ende doch die Stärkere. Es ist eine etwas bittere Kost,
185 1544 649 1607 er Nacht für Nacht ins
667 1597 1878 1653 die uns der Schnitzler vorsetzt. Das Motiv des „Zwischen¬
196 1590 653 1655 tlicher Reinheit empor
661 1637 1895 1688 spiels“ nun aber ins Hämische, Grausame verzerrt, klingt
186 1642 657 1700 neinahe selber daran
670 1684 1889 1734 noch einmal wieder an. Aber man fragt sich: warum? Soll
199 1672 654 1744 terhaft, und vielleicht
664 1728 1892 1778 der Dichter strenger sein als der Richter, der auch für den
209 1724 652 1789 am reinsten wirkliche
671 1772 1884 1816 Ehebruch etwas wie eine Verzeihung anerkennt, und gereifte
219 1770 654 1831 Ihm fehlt aber auch
670 1807 1885 1864 Leute in den Netzen iyrer früheren Verirrungen zappeln zu
207 1812 655 1876 die Gattin, die diese
677 1856 1888 1908 sehen, hat immer etwas Peinliches. In dem Stück lebt die
202 1861 653 1919 wirkt sie natürlich in
209 1904 654 1966 verblüffende Meister¬
665 1901 1888 1957 ganze Grausamkeit schwacher, reicher Seelen, die manchmal
667 1951 1897 2003 Anwandlungen bekommen, die an die Tierquälerei der Kinder
194 1943 662 2012 t ihre Hoffnung auf
667 1993 1897 2042 erinnern, die einer Mücke die Flügel ausreißen, weil sie
202 1989 664 2052 Aber schließlich beugt
677 2035 1898 2098 glauben, damit ihre Stärke zu beweisen. — Und um was wird
208 2036 657 2098 rklichen, und sieht am
664 2078 1902 2149 schließlich in all den drei Stücken gekämpft und gerungen,
217 2079 658 2143 s große Kind, das er
667 2111 1903 2170 wenn auch nur mit Worten? Um die kahlen Wände eines
217 2119 660 2171 des melancholischen
671 2165 1898 2211 von allen Gefühlen entgötterten Heims, um das sichere Ge¬
207 2164 661 2218 chtlichen Liebes#faden.
668 2208 1898 2260 fühl des Haltes, das auch nach erstorbenem Liebesleben die
671 2253 1905 2317 Gemeinsamkeit des bloßen Nebeneinander noch gibt. Und:
228 2257 663 2314 laben kann, Hehlen
675 2292 1906 2372 die Worte sind das letzte Flackern im Kamin, bis schließlich
207 2294 656 2359 ich für die Mitbeteilig¬
664 2334 1403 2407 alles in Asche sinkt. Anatol friert!
200 2343 655 2410 ation noch etwas wie
755 2381 1905 2443 Die Aufführung im Deutschen Schauspielhause, die
228 2389 563 2456 Anteil haben.
665 2407 1907 2475 unter der Leitung von Max Montor stand, litt an dem
238 2425 666 2496 erste Stück, das
668 2464 1904 2537 Übelstande, daß manche Rollen nicht ganz richtig besetzt
206 2478 657 2546 ur widerwillig unter¬
664 2504 1904 2575 waren. Im ersten Stücke standen sich als die beiden ärztlichen
213 2519 658 2587 jener schon kurz er¬
672 2546 1902 2619 Rivalen Herr Nhil und Herr Kreidemann gegenüber.
218 2565 652 2624 er vor zehn Jahren
669 2606 1909 2657 Der erstere gab der größeren Rolle, aber der bescheideneren
192 2610 661 2664 ter einer Decke gesteckt
1665 2653 1904 2716 Er sprach
674 2652 1636 2704 Persönlichkeit das ganze Gewicht seiner Kunst.
198 2657 658 2718 uing, eine Lebensbilanz
673 2693 1898 2749 vielleicht etwas zu getragen, zu langsam, aber er wirkte stark,
201 2701 658 2763 esprache zwischen der
668 2742 1896 2795 während Herr Kreidemann gegen ihn nicht recht aufkam,
206 2739 656 2799 und dem Universitäts¬
678 2787 1894 2840 weder äußerlich noch innerlich. Im Streben, sich zu behaupten,
192 2795 662 2846 och von seiner besten
674 2830 1902 2895 verfiel er dafür ins Komödiantische, und man hatte das
201 2832 669 2890 Rivalität des ärztlichen
675 2874 1907 2943 Gefühl, er würde sich, wenn man die beiden Rollen ver¬
197 2877 661 2927 ber das langsame Auf¬
681 2912 1905 2971 tauschte, auf dem anderen Platze besser bewähren. Fräulein
197 2922 661 2979 gen aus der Tiefe des
679 2962 1898 3012 Serda gab die Frau Klara sehr sympathisch, aber ihre
188 2958 656 3020 en Schnitzlerschen Dia¬
671 2998 1895 3064 Leistung war auch nicht mehr. Rundlich und rosig, bog sie
200 3007 662 3069 endung, daß die Frau
673 3047 1898 3105 leicht ins Lyrische ab und mit Lächeln und Augenaufschlag
213 3050 654 3115 berühmten Professor,
673 3102 1900 3153 enthüllte sie zuweilen seelische Tiefen, die aber gar keine
206 3102 665 3158 ttäuscht, nicht gegeben
667 3132 1896 3193 waren. Erst in der letzten Entwickelung schien sie wieder
198 3142 674 3201 das ist menschlich ver¬
668 3188 1894 3243 zu wachsen, ohne jedoch die Rolle restlos auszufüllen. Als
201 3187 665 3250 ewiß nicht ohne Kraft.
671 3226 1899 3291 Schauspieler Konrad Herbot stand Herr Montor ebenfalls
206 3235 661 3285 ewunden wie ein Kor¬
672 3273 1896 3326 auf verlorenem Posten. Ihm gelang wohl der Schauspieler
207 3276 677 3337 ie Frau versagt, aber!
684 3306 1906 3369 im Schauspieler, aber keineswegs das Kind im Künstler; vor
218 3313 667 3374 Und dieser Glückliche
677 3362 1902 3413 dem humoristischen Kerne der ganzen Persönlichkeit strich
227 3356 667 3422 , er wirkt hinter den
676 3393 1906 3462 er vollends die Segel. Die kleinen Mittel seiner Technik
273 3400 664 3464 Auf so unsicherem
674 3446 1900 3501 reichten nicht aus, diesen fundamentalen Mangel zu ersetzen,
207 3445 675 3506 chnung der Ehegatten
683 3494 1896 3547 und eine sprunghafte Beweglichkeit wird nicht aus sich eine
227 3499 666 3555 Liebesbilanz, auf die
668 3534 1898 3584 Lustigkeit. Fräulein Westhoven war als seine Frau sehr
212 3538 663 3602 ge Jahre gewartet hat.
673 3580 1899 3633 echt und warm. Das gleiche gilt von Herrn Gebhardt
208 3591 661 3645 nn es nicht gerade der
680 3618 1905 3685 in der heiklen Rolle des Bräutigams. Während Herr
212 3624 674 3690 ege gewesen wäre der
243 3667 1931 3744 geblieben. Dieser Brohm in der prächtigen Rolle des Theaterdirektors, die
1902 1369 3125 1421 ihm eigentlich verwandtschaftlich naheliegen sollte, nur das
1893 1415 3127 1456 Komische, nicht aber auch das Geistig=Überlegene zum Aus¬
1897 1460 3133 1521 druck brachte. So kam es, daß sehr viele der besten Pointen
1897 1494 3141 1554 unter den Tisch fielen, und der Humor des Ganzen dem
1895 1547 3125 1600 Publikum erst sehr, sehr spät aufging. Im letzten Stücke bot
1899 1589 3131 1644 Herr Lang eigentlich die beste Leistung des Abends. In
1897 1631 3133 1685 prachtvoller Frauenmaske wirkte er mit seiner Erzählung
1908 1681 3138 1731 des Bacchusfestes ganz grotesk. Auch das durchgegangene,
1908 1724 3132 1789 Paar wurde von Frau Valéry und Herrn Ottmay
1902 1762 3128 1824 mit gutem Humor verkörpert. Der Beifall war am Schlusse
1897 1818 3139 1878 nicht gerade bacchantisch. Vielleicht mischte sich hier und da
1897 1850 3133 1917 wohl auch etwas Skepsis hinein. Immerhin war es eine
1898 1906 3088 1974 Realität, an der Worte nichts mehr zu ändern vermögen.
2487 1941 3137 2025 Dr. Carl Anton Piper.
