3392 4320
268 183 517 280 26. 1
1535 123 1583 158 —
2137 164 2584 261 box 32/4
521 181 1980 263 Konoedie der Norte—zyklus
1402 972 1794 1068 Ausschnitt aus
1788 983 2190 1091 eue Hamhuro
2216 1001 2478 1120 Zeitung
1408 1077 1567 1147 vom:
1906 1062 2432 1160 9- JANGAN 1916
1408 1133 1462 1224 8
1576 1253 2359 1362 Kunst und Wissenschaft.
1514 1323 2494 1444 Deutsches Schauspielhaus. Stunde des Er¬
1409 1382 2485 1472 kennens, Große Szene, Das Bacchusfest,
1399 1423 2485 1542 die drei neuen Einatter von Arthur Schnitlex, die
1403 1489 2497 1590 unter dem Haupttitel Komödie der Worte vereinigt
1405 1533 2484 1622 sind und in Wien, Berlin und anderwärts bereits ihren
1406 1577 2484 1672 großen Erfolg hatten, fanden gestern auch im Deutschen
1405 1629 2484 1745 Schauspielhaus eine überaus beifällige Aufnahme.
1396 1676 2483 1777 Nach dem zweiten Stück, das besonders interessierte, war
1399 1732 2477 1837 der Anklang am stärksten. Der ganze Abend bot lebhafte
1387 1783 2478 1868 Anregungen. Man unterhielt sich ausgezeichnet und kam
1396 1844 2482 1936 aus der guten Laune nicht heraus. Robert Nhil, Julia
1392 1885 2485 1964 Serda, Franz Kreidemann, Max Montor, Anna
1385 1928 2474 2019 Westhoven, Ludwig Brahm, Konrad Gebhardt,
1380 1972 2470 2063 Heinrich Lang, Georg Ottmay und Elsa Valéry
1383 2035 2469 2113 wirkten in den Hauptrollen. Eugenie Schultz und Lud####
1378 2078 2414 2178 Heil schlossen sich als Nebenfiguren an. Montor fungie
1376 2137 2411 2220 auch als Spielkeiter. Sämtliche Darsteller und 2
1363 2162 2348 2254 — stellerinnen konnten oft für den kräftigen Applaus“
1333 2407 2460 2517 usschnitt ausßerliner Zeitung am Mittag, Berli
1637 2478 2006 2568 11. 1. 1916
1324 2497 1477 2566 om:
1591 2612 2017 2704 Theaker im Reich.
1413 2651 2241 2755 Schmintere-Kamödie der Worte“ wurde
1342 2687 2233 2810 im Hamburger Arnischen Schauspiel¬
1344 2766 2236 2851 haus gespielt. Kreidemann, Julia Serda und
1348 2797 2240 2918 Ail, der den Gatten mit kaltem Pathos pan¬
1348 2846 2227 2936 zerrte, trafen in der „Stunde des Erkennens“ die
1345 2889 2231 2982 seelische Atmosphäre. Die große Szene“ ist ja
1346 2931 2226 3028 ein kleines Naturschauspiel der Theatralik. In
1343 2972 2221 3073 dieser pompösen Rolle eines freischaffenden
1335 3019 2218 3095 Menschen, dessen Missetaten noch immer die
1329 3055 2218 3148 bösen Streiche eines Kindes sind, denkt man sich
1332 3106 2206 3201 von ungefähr Ebmund Kean, Salvini oder Josef
1323 3148 2214 3237 Kainz. Herr Max Montor gestaltete nicht eben
1329 3191 2201 3289 (was auch schwer gewesen wäre); er gab sich
1319 3236 2203 3315 einer effektsicheren Beweglichkeit hin und schwelgte
1325 3273 2202 3369 in Erinnerungen an ein großes Vorbild. Lud¬
1322 3321 2203 3410 wig Brahms Theaterdirektor gefiel durch feine
1313 3359 2059 3440 Ueberlegenheit und sachliches Spiel.
2078 3400 2196 3458 Im
1310 3412 2189 3498 „Bachusfest“, dem schwächsten Schnitzlerstück, das
1312 3450 2203 3550 ich kenne, wirkte Heinrich Lang als erfolgreicher
1298 3490 2160 3614 Dramatiker und Gatte sympathisch. —.
