3344 4384
660 182 730 252 N
205 182 476 277 26. 1
2075 190 2537 297 box 32/1
456 212 1945 286 Kondedieder NorteZNKLIS
285 971 690 1058 lusschilftt aus:
854 992 1028 1086 NEICR
1118 996 1191 1080 37
1222 1000 1379 1087 WIEN
289 1064 776 1203 om: 130K7 1015
1974 1130 2235 1220 2LL
2535 1132 2639 1222 —
710 1178 1248 1281 Hofburgtheater.
1541 1194 2708 1258 Ehre halte. Die Frau, die nun zu spät merkt, daß er gar
2689 1217 3288 1283 Gerasch und schließlich d
1540 1245 2708 1316 nichts weiß, kann nun nicht mehr leugnen, da sie eigentlich
2698 1255 3298 1342 Thimignachahmer Herr Tie
668 1260 1270 1338 „Komödie der Worte.“
1537 1281 2701 1358 schon gestanden hat. So läßt sie ihn in der Meinung, daß
2767 1309 3281 1389 „Das Bachusfest.“
455 1318 1481 1401 Drei Einakter von Artur Schnitzler.
1538 1342 2710 1406 Osmin ihr Geliebter gewesen sei, packt heimlich Hut und
2765 1369 3305 1440 Nämlich: Wie da der jun
1537 1385 2701 1463 Mantel und läuft glatt davon. Wohin? Vermutlich aufs
357 1363 1544 1472 Zur EErstaufführung am 12. Olteb
2682 1411 3310 1485 des berühmten Dichters Sta#
1544 1419 2449 1496 Schiff, zu Osmin, dem eigentlichen Geliebten.
2675 1447 3299 1516 kommen ist, um eben diesen
383 1446 1128 1545 „Stunde des Erkennans.“
1616 1465 2696 1539 Die Szene wird von dem geschickten Herrn Walden,
2694 1494 3296 1574 wöchiger Abwesenheit in Sal
1539 1503 2700 1585 von der edien, bedauernswerten Frau Bleibtreu und
453 1509 1538 1585 Gestern ist die Tochter, das einzige Kind des Ehe¬
2695 1548 3293 1618 gleich auf dem Bahnhof zu st
1535 1561 2692 1631 von Herrn Devrient gespielt, der auch schon bessere
367 1550 1547 1645 paares Eckhold, verheiratet wordeu. Da sitzen nun die bei¬
2694 1586 3311 1648 aufgehört hat weil ja der jun
1540 1609 1931 1684 Tage gesehen hot.
370 1616 1549 1687 den kinderlos gewordenen Leute beisammen und fühlen
2679 1632 3303 1701 führt hat, sie nur ihn liebt un
377 1660 1545 1736 sich ei isam. Der Manit ist ein bekannter Arzt, bildet sich
2686 1684 3288 1739 einander lassen können, da h
1537 1671 1976 1759 „Große Szene.“
375 1705 1550 1775 aber ein, er hätte es in dov Wissenschaft weiter bringen
2675 1727 3303 1787 daß baraus nichts wird weit
369 1745 1550 1835 können, wenn er sich nicht in jungen Jahren, durch Er¬
1601 1756 3302 1846 Diese große Szene spielt ein Schauspieler einem jun¬ den diese Rechnung nicht gen
368 1789 1540 1867 werbsorgen gezwungen, der Praxis hätte zuwenden müssen,
1538 1796 3297 1871 gen Mann vor, der kommt, um den Schauspieler zur richtig. Der berühmte Herr
363 1834 1541 1911 die bekantlich allen wissenschaftlichen Fortschritt hemmt.
1542 1825 3308 1922 Rechenschaft zu ziehen, weil ihm der Schnipfer die Braut ein Theaterstück „Das Bachus
370 1880 1542 1946 Diese schweren Stunden haben damals, wie wir heute er¬
1541 1887 3296 1962 verführt hat. Da spielt ihm also der Schauspieler die große an, fieht die beiden, erfaßt so
376 1921 1545 1988 fahren, zu einer Entfremduttt zwischen Mann und Frau
1541 1930 3299 2017 Szene vor, flunkert und lügt das Blaue vom Himmel augenscheinlich seine saubere
367 1973 1539 2035 geführt, da die Frau sich nicht als verständnisvolle Teil¬
1539 1970 3291 2049 herunter, betrügt ihn mit einem schon für diesen Fall vorbe= öfter aufgeführt hat), zeigt
364 2017 1539 2075 haberin an den männlichen Sorgen erwiesen hat. Und nun
1535 2018 3301 2093 reiteten Brief und überzeugt schließlich den bebauerns= würdig, läßt den jungen Dok
370 2061 1538 2111 kemmt ein Freund, der Herk Dr. Osmin, der unverhei¬
1535 2057 3305 2144 werten jungen Mann wirklich davon, daß die ganze Sache Erklärung kommen, man jau
372 2106 1536 2164 ratet geblieben ist, also frei, und der nun heute abend mit
1531 2108 3304 2187 nur ein harmloses Liebesgetändel war, daß das Mädchen erfahren, daß dem Herrn St#
374 2146 1541 2205 einem „Rote=Krenz“=Dämpfer nach Japan abgeht und von
1530 2156 3307 2228 rein und unschuldig ist und daß er diese Jungfrau getrost Mahlzeit ist), man ißt Guge
365 2180 1533 2256 dort weiter auf irgend einen Kriegsschauplatz. Jetzt ist er
1526 2193 3306 2252 heiraten kann. Doch die Frau des Schauspielers hat diese Staufner dem jungen Doktor
370 2230 1526 2291 da, um sich zu verabschieden. Mit der Frau des Freundes
1529 2236 3298 2311 große Szene belauscht. Daß ihr Mann sie betrügt, schon so bührenden Ohrfeigen) — kur
365 2280 1530 2336 allein gelassen, gibt er dem Abschiedsgespräch bald eine an¬
1526 2282 2683 2349 und so viele Male betrogen hat und noch betrügen wird,
2677 2287 3294 2353 lich über die Schwierigkeiten
360 2327 1539 2385 zügliche Wendung und jetzt erfahren wir folgendes: Er hat
1527 2322 2691 2384 das weiß sie und damit hat sie sich heinahe schon abgefunden.
2672 2339 3307 2387 ter erzählt, das Stück, mit des
366 2355 2693 2449 diese Frau geliebt und auch ihre Liebe war diesem einst ge= Mein Gott, die großen Künstler sind halt einmal so. Aber
2670 2383 3301 2455 litz der reinen Stubaier Alpe#
378 2403 2684 2465 jöhrlichen Frauenjäger sicher, doch hat sie seinen Lockungen! daß ein Mensch einen anderen, vertrauensseligen Menschen
2667 2432 3302 2490 „Das Bachusfest“. Ja, nämlich
358 2458 2682 2517 widerstanden, da er sonst „ihr Schicksal“ geworden wäre. so unverschämt, so kaltschnauzig belügen und betrügen kann,
2671 2470 3299 2532 jungen Leute einmal im Jahre
355 2484 1530 2553 Aber mit einem anderen hat sie damals, wie sie jetzt dem
1529 2490 3298 2569 daß geht ihr denn doch ein wenig über die Hutschnur und sie Bachushain volle geschlechtlich
369 2536 1533 2608 Freund bekennt, ihren Mann betrogen. Resignierte Ab¬
1517 2535 2688 2610 ist eben daran, diesen Mann auf immer zu verlassen — da
2666 2547 3305 2618 wehe, wenn nach dieser Nacht
364 2572 1531 2635 schiedsszene. Wie der Japanfahrer bei der Türe draußen
1529 2586 3283 2657 hat er noch einmal eine große Szene. Er kommt im Kostüm Darauf stand der Tod oder,
358 2624 1530 2691 ist, setzt sich der Mann zu der Frau und erklärt ihr, daß er
1523 2636 3293 2710 Hamlets aus dem Theater herüber, um sie zur Vorstellung ewiges Verbundensein miteina
355 2664 1527 2736 die Absicht habe, sich von ihr scheiden zu lassen. Jetzt, da das
1529 2674 3302 2751 zu holen. Eigentlich sollte er schon auf der Bühne stehen. ter den schuldbewußten Liebes
364 2713 1531 2767 einzige Kind glücklich verheiratet sei, brauche man sich
1517 2704 3297 2797 Aber er will nicht spielen, ehe sie im Theater ist. Und da ist Bachusnacht hinter sich haben
357 2757 1528 2819 keinen Zwang mehr anzutun, und diese Ehe, die längst
1520 2759 3296 2830 er so verlockend, so genial, so verführerisch, daß sie ihm doch Worauf es denn der junge
350 2793 1525 2866 keine mehr sei, nicht mehr weiterzuheucheln. Sein Plan,
1517 2803 3305 2890 wieder auf den Leim geht, ihre Fluchtpläne aufgibt und ausgerusenen Zug nach Paris
357 2848 1532 2903 nur bis zur Verheiratung des Kindes bei der Frau zu blei¬
1511 2849 3296 2925 mit ihm ins Theater kommt. Anmerkung: Ein paar schel= und zu verschwinden. Die be
357 2888 1524 2957 ben, sei schon sehr alt, genau zehn Jahre, genau so alt, als
1516 2894 2687 2965 mische Worte über das Burgtheater, welches doch nicht so
2665 2902 3308 2979 leute aber erklären sich in ein
355 2929 1526 2997 ihre Schuld. Denn — hier macht die Frau große Augen —
1519 2929 2676 3001 schlecht ist, wie... Oder über die wienerische Aussprache.
2662 2950 3308 3019 und lieben, was „gewöhnliche
358 2965 1519 3035 ihre Untreue war ihm in all der Zeit wohl bekannt, zehn
1519 2983 2683 3033 Oder über das Publikum, welches so dumm ist, jedem
2661 2982 3293 3067 sonderlich vorkommen wird, je
352 3023 1512 3087 Jahre lang hat er sich auf diesen Tag gefreut, an dem er es
1515 3020 2668 3088 Schauspieler auf den Leim zu heigen. Oder über die
2667 3037 3287 3098 freulich klingt, weil dadurch,
360 3069 1473 3130 ihr sagen darf. Im übrigen ist er ihr nichts schuldig ge
1509 3068 2677 3133 zoderne Bühnenkunst, welche doch lauter Dreck ist ... Und
2653 3079 3302 3151 gibt, dem Andenken eines gewi
345 3097 3300 3191 blieben und hat sie damals gleichfalls mit einer anderen dergleichen, wie halt schon einmal ein großer Dichter in jdas auch immer gesagt hat, e
351 3149 1522 3198 hintergangen. Jetzt ist die Frau natürlich gehörig zer¬
1509 3149 2228 3220 guter Laune zu scherzen pflegt...
2663 3167 2890 3243 erscheint.
344 3193 1519 3254 knirscht und weit davon entfernt, ihre Untreue zu leugnen.
1573 3198 2682 3272 Diese Szene spielt der überaus geschickte Herr Wal¬
2742 3193 3304 3274 Diese Szene wird von den
346 3236 3297 3320 Plötzlich aber verrät der Mann inmitten des Schwalless den, die edle Frau Medelski, welche auch schon bessere Walden, dem anmutigen Fr
346 3269 3294 3388 seiner Racherede, daß er Osmin für jenen Schänder seiner! Tage gesehen hat, der diesmal seltsam maßvolle Herri stets diskreten Herrn Rombe
