3392 4352
275 194 1983 270 26.1. Kongedie der Norte zykius
383 1186 803 1270 Ausschnitt aus:
792 1165 1547 1281 aipziger Neueste Nachrichter.
704 1248 798 1319 075
544 1265 652 1341 0204
387 1303 552 1372 vom:
396 1395 1676 1520 Kunst, Wissenschaft und Literatur.
456 1496 1607 1562 Komödie der Worte. Drei Einakter (Stunde des Erkennens.
677 1548 1324 1602 — Das Bacchusfest) von Apthun
389 1551 684 1606 Große Szene. —
391 1549 1662 1637 aufführung im Alten Theater zu Leipzig.
390 1602 1682 1672 volles Theaterstück sehen will, der kommt wenigstens bei dem zweiten
394 1671 1678 1713 dieser Einakter auf seine Rechnung; wer in einem begreiflichen
387 1696 1679 1749 Interesse für den Wiener Dichter auf eine künstlerische Entwicklung
385 1725 1668 1788 hofft, sieht sich enttäuscht. Daß Schnitzler stofflich wieder einmal aus
383 1767 1672 1831 dem Kreise des Anatol und dessen Mitmenschen schöpfte, das brauchte
391 1792 1679 1867 ja weiter nichts zu bedeuten. Daß er aber auch den Gesichtskreis nicht
387 1838 1677 1905 zu erweitern vermochte, das ist ein bedauerlicher Stillstand. Gewiß
394 1869 1688 1949 sind dem reiseren Menschen eine Anzahl seiner Einfälle gekommen.
396 1909 1685 1977 Im Grunde genommen gibt er aber auch hier nichts anderes als jene
391 1954 1683 2034 gutherzigen Gesühlsschlampereien, die von seinen älteren Einakter¬
398 1996 1682 2054 zyklen her reiflich bekannt sind. Ob der Ehebruch sich im Hause des
398 2030 1684 2096 Arztes, oder des Schauspielers, oder des berühmten Schriftstellers voll¬
402 2065 1679 2132 zieht, es sind im Grunde genommen immer wieder die bekannten
398 2099 1675 2170 flauen Situationen, die nicht ganz aufgeklärt und nicht ganz gelöst
398 2155 1684 2199 werden, und denen gegenüber man sich schließlich nur fragt, warum
392 2180 1681 2232 diese Einakter die „Komödie der Worte“ genannt werden. Vielleicht,
402 2216 1682 2278 weil die Komödien der Tat doch eine andere Lösung hätten finden
398 2256 1689 2314 müssen. Jedenfalls mutet es einen recht merkwürdig an, wenn eine
403 2293 1694 2349 Frau, die sich von ihrem Manne trennen will, mit ihrem Geliebten
397 2324 1690 2389 zum Bahnhof geht, um den Gatten abzuholen. Die Erklärung für den
407 2367 1689 2428 Titel muß also der Dichter wohl selbst geben. Auf seinen Wunsch
407 2411 1682 2470 blieben die männlichen Hauptrollen der drei Einakter in der Hand des
398 2443 1686 2502 gleichen Schauspielers. Er beabsichtigt damit offenbar von außen her
407 2479 1686 2543 eine straffere Zusammenfassung der Stoffe. In Leipzig fiel einem der
407 2528 1690 2570 fähigsten unserer Darsteller die Aufgabe der Verkörperung dieser
625 2562 1688 2610 Und Kurt Stiehler hat tatsächlich durch seinen stark
411 2575 633 2622 Rollen zu.
406 2615 1692 2657 persönlichen Einschlag den Stücken Halt gegeben, ihren Inhalt ver¬
410 2633 1700 2697 tieft und den weitaus größten Teil zu dem großen äußeren Erfolg bei¬
1598 2665 1685 2716 ge¬
410 2672 1542 2728 getragen, den die drei Stücke — vor allem die „große Szene“
410 2703 1694 2767 sunden haben. Er war hart und männlich als Arzt und Schriftsteller
415 2749 1701 2815 nachgiebig und biegsam als Mensch der skrupellosen Gefühle im zwei¬
414 2767 1694 2845 ten Stück. Hier hatte er zwei vortreffliche Partner in Fräulein
417 2817 1703 2885 Arens und Eugen Zadeck. Martino Otto hatte einen entzückenden
417 2865 1703 2922 Ton für ihre Agnes im Bacchusfest gefunden, Clarissa Linden war
408 2907 1449 2978 die dankbare Aufgabe einer flotten Charge zugefallen.
1421 2922 1674 2983 Dr. L. W.
2133 180 2580 264 box 32/4
2775 1164 2846 1224 —
2048 1196 3134 1337 Ausschnitt aussipziger Abendzeitung, Leipzig
2066 1356 2247 1423 vom:
2250 1346 2699 1466 HED
2167 1467 3073 1586 Kunst und Wissenschaft.
2199 1569 3095 1653 Altes Theater. Der Schnitzlerzyklus hatte gestern
2145 1621 3093 1676 abend — beinahe bis heute früh, denn erst gegen die
2153 1668 3103 1708 #nitternächtige Stunde endete das Spiel — einen
2147 1696 3104 1754 starken Erfolg, das heißt vor allem das Mittel¬
2730 1736 3100 1786 Die „Stunde
2143 1740 2738 1786 glied, „Die große Szene“.
2147 1781 3106 1822 des Erkennens“ interessierte, zumal Stieler
2132 1813 3100 1857 die Bvutalitäten, soweit es anging, milderte, und
2136 1849 3110 1901 das „Bacchusfest“ fesselte in seiner feinen Aus¬
2132 1891 3101 1944 gestaltung. Wir haben bereits vorgestern an dieser
2144 1930 3109 1982 Stelle die Werke cingehend besprochen, und dürfen
2146 1963 3107 2015 uns haute lediglich der Darstellung zuwenden. Unter
2145 2008 3102 2059 Primas Spiellaitung kamen die drei Werke stim¬
2155 2045 3100 2092 mungsvoll heraus, aber im großen und ganzen war
2140 2095 3101 2133 alles ein Stielererfolg, der diesem bewun¬
2142 2110 3101 2175 dernswerten Darsteller, nach dem zweiten Akte stür¬
2147 2152 3096 2205 mische Ovationen eintrug und dies verdientermaßen.
2148 2197 3096 2237 Sain Dr. Eckolld war schon klug berechnet und in
2138 2232 3102 2283 der Chavakterzeichnung fein gestaltet, sein Schau¬
2139 2267 3092 2318 spieler Herbot aber eine wunderbare Leistung von
2142 2308 3107 2360 echtester Ursprünglichkeit und von einer Wandlungs¬
2135 2342 3103 2397 fähigkeit, die helle Freude erwecken mußte. Aber
2138 2387 3095 2431 auch als Staufner verstand er wiedemum andere Re¬
2147 2419 3104 2481 gister zu ziehen, die in ihrer kraftvollen Gigenart
2147 2460 3097 2504 mitzureißen verstanden. Die drei Vertreter der
2142 2500 3093 2547 Damaurollen webteiferten in Unverständlichkeit, wo¬
2134 2534 3095 2566 bei sich Frl. von Orelli und Frl. Arens vor¬
2137 2569 3094 2612 wiegend gleichblieben, wogegen Frl. Otto sich we¬
2149 2605 3092 2648 nigstens stellenweise zur größeren sprecherischen
2143 2637 3100 2701 Klarheit durchrang. Von den übrigen Darstellern
2143 2679 3102 2732 ragte Herr Zadek hervor, der dem Thoaterdirektor
2143 2722 3100 2764 ein famoses Gepräge gab, ganz aus dem Leben ge¬
2133 2763 3102 2808 griffen mit jener ursprünglichen Echtheit, über die
2133 2795 3157 2861 er vorwiegend verfügt. Den Edaar Gley ivielte I
2398 2832 2554 2917 S
3067 2858 3161 2935 —
2205 2913 3143 2964 Herr Zeiße=Gött zu Dank und für den Dr.
2203 2952 3143 2990 Werni fand Herr Ingenohl eine ansprechende
2192 2993 3134 3060 Gestaltung. In Maske- und feiner Manier zeich¬
2198 3028 3012 3083 nete sich Herr Mamelok als Ormin aus.
2697 3068 3108 3130 Berthold Wolf.
2861 3168 3143 3255 urse eeehnge
