3344 4320
2096 201 2552 285 box 32/4
233 215 1972 322 26.1. Konoedie der Wort2 Zykius
122 1540 994 1628 enau auf das Wort LECIFERRIN.
1148 1570 1243 1636 „
1396 1570 2234 1643 Galenus, Chem. Industrie,
2181 1633 2322 1697 S
632 1657 1945 1732 den. Einer Wärme, die wiederum kühl und zuweilen sogar frostig
1934 1671 3242 1730 ein Wesentliches im Dunkeln: er hält einen Anderen für den Mit¬
651 1699 1945 1774 wird durch die kritische Selbstironie des Skeptikers, der sein Igno¬
1939 1711 3248 1775 schuldigen und er bleibt in diesem Glauben. Aus den Charakteren
117 1718 1940 1810 Mlusik. 18 Wh Trebimus kennt. Und das Schnitzlersche Nichtwissen beginnt da, wo
1939 1753 3237 1823 und aus der Lbenslage der Personen ergibt sich die Besonderheit des
640 1773 1949 1841 Dichter von größerem Schwung des Geistes und von elementarer
1937 1796 3238 1867 Falles, und in der feinen und seelenkundigen Darstellung der Be¬
649 1814 1943 1870 Kraft der Intuition erst zum Fluge ins Reich des Außergewöhnlichen
1932 1834 3234 1899 sonderheit erweist sich hier Schnitzler ebenso als Meister, wie in der
125 1816 659 1922 Belhaus. 9(0#1. 70
642 1856 1947 1918 ansetzen. Schnitzlers poetisches Wissen bleibt im Grunde vationa¬
1925 1871 3238 1925 dramatischen Steigerung, die hier auf einer Steigerung der Erkennt¬
123 1870 557 1935 n Arthur Schnitzler.
641 1895 1947 1968 listisch. Es ist von der Art Lessings, nicht von der Goethes oder
1928 1914 3241 1978 nis beruht, wie im Oedipus des Sophokles oder wie in den Ibsen'schenf
135 1916 652 1981 eher Arthlr Schne#err
634 1926 1936 2005 Shakespeares. Es beruht auf feiner Kritik, nicht auf der unmittel¬
1938 1949 3228 2021 Gespenstern. Freilich ist der analytische Einakter auf wesentlich niedrigere
127 1956 645 2024 Aden Art, die nicht nür fest¬
641 1962 1205 2030 baren Kraft der Anschauung.
1934 1990 3221 2059 Grade der seelischen Spannung angewiesen, als das große Drama
138 1999 652 2070 bekannten Wort zu bezeich¬
695 2000 1939 2073 Ein so beschaffener dichterischer Dialektiker, ein Wäger der Worte
1937 2017 3227 2089 (wenn es nicht in rohe Manier verfallen sol), und deshalb kann sia
128 2048 649 2097 lnd Himmelsglut. Sondern
643 2031 1944 2112 auf der Goldwage, mußte eine Komödie der Worte von feinen
1923 2068 3221 2122 des Schnitzler'sche Drama an erschüüternder Wirkung nicht mit den
135 2076 638 2143 Mennigfaltigkeit der Dinge
633 2085 1946 2153 Reizen schreiben können. Er brauchte seine analytische Methode nur
1931 2108 3213 2173 großen Vorbildern messen. Aber umso interessanter ist die hier ent
138 2108 648 2176 betroffen. Seine Entdecker¬
638 2125 1943 2182 auf einen besondeten Fall, auf ein, gegebenes Faktum anzuwenden und
1931 2144 3209 2197 wickelte Kunst der kleinsten Unterschiede, die auch den Darsteller¬
132 2158 650 2220 nitzuteilen, und darum wird
632 2163 1929 2226 dieses nachträglich zu durchleuchten. Starre Vergangenheiten, unver¬
1924 2170 3202 2246 Aufgaben von größter Feinheit stellt. Hier zeigte sich Robert Nhi
148 2193 639 2260 den wir ihn kennen. Die
640 2204 1926 2259 änderliche Charaktere — in den schwankenden Charakteren ist die Un¬
1927 2226 3202 2291 als Arzt Eckoldt in einer grüblerischen Klinger=Maske auf der Höh#
156 2226 651 2307 er beiseite geworfen; ein
633 2239 1930 2304 beständigkeit das Stereotype — läßt Schnitzlers Wortkunst neu auf¬
1923 2261 3205 2325 einer minutiösen, gleichsam graphischen Kunst, die in der äußeren Er
141 2272 647 2333 leuchtet in seinen Worten,
643 2280 1933 2343 leben und flüssig werden. Die Taten in den drei Schnitzlerschen Ein¬
1927 2298 3213 2369 scheinung begann und in dercharakteristischen Klangfarbe des gesprochenen
156 2306 651 2377 selbst als besondere, ihre
636 2319 1938 2384 aktern fehlen zwar in der Lebensschule, aber vorhanden sind sie vor
1929 2334 3200 2397 Wortes endete. Das Stiefkind des Glückes, der Mann der Pflicht, de
128 2350 646 2413 Eine Analyse von eigener
634 2357 1931 2420 den Bühnenauseinandersetzungen und außerhalb derselben. Auch im
1931 2370 3213 2445 verspätete grausame Rächer und Arzt seiner Ehre erschienen in gleichet
129 2391 643 2463 en Augen des Publikums.
635 2385 1940 2463 höchsten Grade wirksam sind sie. Im ersten Stück, der „Stunde des
1930 2409 3208 2475 Wahrheit auf der Bühne. Frau Serda malte gleichfalls fein, aber
147 2429 639 2487 aber zugleich vertrauteres
634 2437 1924 2499 [Erkennens“ ist die Tat und Schuld ein Ehebruch der Frau Klara,
1925 2458 3207 2522 mit etwas zu breitem Pinsel, so daß manche zarteste Linienführung
139 2467 649 2533 darf den Dichter auf dem
632 2474 1930 2542 eine Tatsache, die um zehn Jahre zurückliegt, die aber dennoch fort¬
1924 2489 3199 2556 verschwamm. Herr Kreidemann als glücklicherer Rivale im ärztt
136 2506 635 2565 hit besonderer Schärfe und
626 2517 1931 2582 wirkt, weil eben das Leben keine äußerliche Aneinanderreihung von ein¬
1922 2535 3205 2596 lichen Beruf entsprach im Spiel vollkommen, in seiner Erscheinung
129 2544 651 2612 rte sind bloße Reiseführer!
639 2543 1932 2604 zelnen Bildern ist, sondern ein Gewebe von Ursache und Wirkung.
1917 2572 3211 2650 nicht ganz vollkommen den Intentionen des Dichters. Es fehlte die
129 2585 508 2643 onen, die schließ
628 2581 1929 2649 Auch der Ehebruch der Frau Klara Eckold ist ein Stück Leben; das Wort
1915 2609 2851 2670 Eleganz des vom Leben leicht Emporgetragenen.
131 2633 1292 2687 rer. greifbarer Gestalt hur= Thebruch ist ein bloßes Wort, #as
1447 2629 1930 2693 dem Gingelfall den ver¬
1981 2637 3214 2713 Iin dem zweiten Einakter „Große Egene“ schildert Schnitzler mit
640 2676 1907 2737 schiedensten Sinn haben kann. Schnitzler denkt hier ernsthaft an don
141 2681 507 2764 ansichtsreichen We
627 2708 3142 2762 sozialen Einn, in dem der Bruch eines der wichtigsten und inhalt, duch ####icher Ueberlegenheit den Schauspielercharakter, bei d
2084 2734 2846 2787 u einer Komödie der Worte wird.
131 2724 638 2801 ichterisch, seherisch Kuher¬
626 2742 1794 2819 reichsten Verträge von schweren Folgen begleitet sein muß D
1907 2759 2668 2812 brüche. Das Genie des Darftellers ist,
2718 2759 3228 2831 Schnitzler, die Fähigkeit.
147 2771 638 2839 Atmosphäre bei der Auf¬
628 2787 843 2844 troffene
1016 2790 1313 2852 schweigt gehn
1463 2793 1653 2847 lang
1718 2795 2898 2858 Rücksicht Schein und Sein gleichzusetzen, mit einander
2955 2812 3215 2871 vertauschen.
621 2820 681 2874 a
131 2815 645 2873 er Art, die wir aus Obser¬
805 2817 1752 2881 Kind, die Tochter; als diese erwachsen in
1762 2829 3227 2917 d ver¬ Eine spielerische Sophistik wird hier mit höchster Virtuosität gehand¬
138 2855 1123 2912 hen. Aber diese feine und beiratet ist. treunt
1282 2863 1357 2916 vo
1176 2868 1241 2917 sie
1404 2858 1530 2919 der
1507 2859 3223 2945 Ehebrecherin. Die habt, und für die Darsteller erwächst aus bieser Beweglichkeit des
145 2896 3226 2942 chlichen Wärme und guten Stunde des Erkennens enthüllt die ursachen des Bruchs der Ehe und! Geistes ein höcht lohnendes witziges Thoaterstück. Herr Montor
154 2935 3228 3003 rsönlichkeit des Vortragen= die Begebenheit; sie enthüllt sie, und sie läßt für den Manne zugleich gab in ihm mit schärfster Zeichnung den Darsteller, so daß dessen
